2822 4838
305 463 360 517 280
578 459 679 516 XXVI.
699 459 739 514 De
756 459 922 514 Pontifioatu
940 457 1092 512 Innocentii
1111 455 1160 510 111.

125 605 296 709 mgb*
395 605 450 672 65.
497 605 569 668 Rex
599 605 724 668 interea
754 604 936 688 episcopos,
975 600 1121 682 clericos,
1160 621 1337 686 omnesque
1363 601 1402 684 qul

305 704 518 768 interdictum
552 700 785 783 observabant,
817 700 888 765 dire
911 711 1103 786 persecutus
1127 710 1184 776 est,
1214 695 1402 760 ecclesiaruu

304 800 393 866 bona
416 801 564 887 diripuit,
595 822 635 864 ac
658 821 757 863 saevo
783 798 890 880 modo,
915 801 964 862 uti
989 797 1124 878 solebat,
1149 817 1243 860 suam
1268 797 1303 859 in
1326 797 1402 876 regul

303 899 565 964 dominationem
589 907 705 962 contra
733 895 933 961 vasallorum
962 895 1225 960 atsubditorum
1250 892 1402 966 seditione]

304 997 467 1064 firmabat.
505 995 618 1077 Quum
642 1006 752 1059 tamen
776 997 909 1060 animus
933 996 1131 1079 irrequietus
1155 993 1227 1078 ejus
1249 989 1402 1055 formidinl

303 1106 532 1181 occuparetur,
557 1115 632 1157 cum
649 1091 821 1174 Pontifice,
847 1101 968 1156 etcum
985 1091 1154 1177 Stephano
1167 1088 1402 1176 archiepiscopo

303 1194 361 1280 qui
385 1194 420 1257 in
444 1191 604 1257 coenobio
626 1189 874 1255 Pontiniacensi
906 1187 1058 1273 degebat,
1092 1187 1133 1252 de
1164 1187 1312 1252 dissidiis
1342 1207 1402 1250 conl

303 1290 467 1375 ponendis
489 1289 664 1370 tractavit,
688 1287 757 1369 sed,
782 1289 829 1351 uti
852 1298 922 1351 erat
936 1288 1128 1352 inconstans
1143 1307 1183 1350 ac
1199 1284 1284 1350 dolis
1302 1284 1402 1370 plenus

303 1388 349 1451 ita
378 1396 415 1451 ut
438 1389 600 1473 promissa
624 1407 702 1452 mox
725 1387 965 1466 interverteret,
998 1387 1082 1450 irriti
1113 1385 1247 1449 fuerunt
1280 1375 1402 1450 conatus

304 1484 418 1566 Quum
443 1487 554 1572 itaque
578 1507 637 1549 rex
661 1485 696 1549 in
720 1507 779 1548 sua
803 1485 1020 1570 perversitate
1044 1485 1241 1582 persisteret,
1268 1483 1402 1556 Innoeeuj

302 1587 369 1648 tius
404 1583 571 1649 Joannem
610 1584 807 1648 nominatim
846 1583 1160 1662 excommunicavit,
1200 1592 1233 1644 et
1273 1583 1402 1666 episcopt

302 1682 514 1747 Atrebatensi
539 1691 638 1767 atque
662 1680 775 1745 abbati
802 1682 993 1745 monasterii
1027 1703 1051 1746 s.
1077 1679 1214 1745 Vedasti
1242 1678 1360 1744 litteris
1388 1677 1402 1748 d

302 1779 334 1844 d.
359 1779 411 1843 XI
434 1778 509 1844 Kal.
534 1779 617 1845 Julii
641 1779 773 1846 a.1209
798 1778 981 1861 mandavit,
1006 1787 1044 1842 ut
1066 1778 1299 1842 assistentibus
1322 1777 1402 1842 tribul

300 1878 460 1963 praefatis
483 1877 625 1963 Angliae
648 1879 824 1963 episcopis,
855 1899 938 1962 quos
968 1877 1003 1940 in
1027 1875 1100 1940 illas
1128 1878 1281 1961 regiones
1305 1875 1402 1960 sugissl

302 1975 460 2058 diximus,
485 1975 573 2040 hanc
592 1977 970 2040 excommunicationem
994 1974 1184 2040 solemniter
1206 1974 1402 2060 publicarent

300 2075 472 2138 Pontificis
495 2073 690 2139 mandatum
721 2076 745 2138 ii
773 2075 905 2138 executi
937 2083 1024 2138 sunt.
1071 2073 1142 2137 Rex
1165 2071 1304 2159 quidem
1328 2069 1402 2156 impd

302 2170 373 2236 dire
397 2173 548 2254 tentavit,
574 2174 752 2259 quominus
775 2171 867 2238 bulla
891 2194 949 2236 seu
964 2171 1134 2236 decretum
1159 2174 1402 2236 excommunica

300 2270 401 2333 tionis
425 2271 459 2333 in
484 2269 642 2355 Angliam
672 2270 868 2352 deferretur,
900 2269 1054 2355 illiusque
1086 2268 1349 2355 publicationem
1377 2275 1402 2334 sd

300 2389 378 2431 vere
411 2366 590 2450 prohibuit.
638 2368 796 2432 Attamen
824 2370 1178 2433 excommunicationis
1202 2371 1367 2434 sententia
1387 2369 1402 2432 il

299 2464 424 2550 Anglia
448 2467 527 2530 satis
550 2468 703 2548 innotuit,
728 2468 775 2530 ita
797 2466 943 2553 quidem,
970 2477 1005 2530 ut
1028 2488 1087 2551 per
1111 2465 1182 2531 dies
1205 2466 1304 2531 multi
1328 2468 1402 2532 etiad

299 2583 462 2648 proceres,
493 2587 513 2628 a
544 2565 631 2648 regis
663 2573 777 2650 utpote
805 2565 1084 2628 excommunicati
1110 2563 1327 2630 observantia
1349 2559 1402 2634 dell

300 2671 421 2727 cerent.
468 2661 693 2726 Nihilominus
724 2663 794 2748 ipse
819 2663 852 2726 in
877 2661 1034 2727 ecclesias
1058 2673 1091 2726 et
1113 2685 1268 2748 proceres
1299 2647 1402 2740 saeviri

301 2779 366 2822 non
391 2758 526 2840 destitit,
551 2772 659 2824 motus
683 2761 869 2825 exorientes
893 2759 1071 2825 crudeliter
1094 2762 1261 2845 repressit,
1287 2785 1328 2826 ac
1344 2751 1402 2828 durl

299 2857 478 2942 tyrannide
506 2857 656 2924 subditos
691 2868 843 2923 coercere
872 2860 1092 2923 continuavit.
1138 2859 1185 2924 Ut
1212 2880 1294 2924 vero
1318 2847 1402 2942 Ponti

300 2956 356 3019 fici
381 2966 506 3019 metum
530 2957 691 3042 injiceret,
725 2955 847 3021 sultani
873 2978 930 3020 seu
954 2958 1049 3020 cmiri
1067 2955 1236 3022 Marocchi
1262 2953 1402 3036 auxiliud

299 3054 404 3138 petiit,
436 3054 602 3140 spondens
625 3076 659 3118 se
684 3053 948 3119 Muhamedanos
971 3056 1054 3119 ritus
1078 3065 1313 3140 suscepturum
1337 3053 1402 3128 essel

299 3151 358 3216 sed
382 3153 638 3235 ignominiosam
662 3174 682 3216 a
706 3151 835 3216 sultano
860 3151 973 3216 retulit
995 3151 1172 3238 repulsam.

389 3249 441 3316 66.
476 3249 588 3330 Quum
613 3249 677 3314 hac
701 3252 827 3314 ratione
851 3251 992 3316 Joannis
1016 3249 1183 3315 obstinata
1206 3251 1402 3335 perversitatl

298 3349 436 3410 summis
476 3346 570 3410 malis
600 3347 723 3432 Anglia
755 3349 955 3430 alliceretur,
995 3368 1083 3412 anno
1118 3348 1204 3412 1212
1235 3341 1402 3433 Stephanul

300 3443 549 3509 cantuariensis
579 3445 858 3532 archiepiscopus,
892 3444 1093 3511 Eustachius
1118 3445 1273 3530 Elyensis
1301 3457 1335 3509 et
1356 3443 1402 3526 Gd

297 3542 429 3608 lielmus
452 3544 676 3608 Londinensis
699 3543 878 3630 praesules,
906 3543 1046 3608 Romam
1081 3545 1220 3628 profecti
1251 3554 1338 3624 sunt,
1376 3547 1402 3642 ul

298 3643 396 3705 sicuti
420 3664 440 3705 a
464 3641 551 3706 clero
575 3641 718 3726 Angliae
742 3644 822 3728 ipsis
844 3641 984 3707 relatum
1006 3653 1086 3724 erat,
1109 3641 1265 3706 Pontifici
1284 3649 1402 3726 expone

297 3749 372 3804 rent
391 3739 582 3804 foedissima
606 3741 756 3822 crimina,
781 3762 876 3827 quae,
906 3749 1014 3825 spreto
1039 3738 1214 3803 interdicto
1239 3750 1272 3802 et
1297 3755 1402 3828 excom

298 3837 533 3920 manicatione,
557 3859 617 3901 rex
640 3839 675 3902 in
699 3838 950 3918 ecclesiasticos,
983 3859 1145 3924 proceres,
1177 3837 1331 3902 mulieres
1353 3841 1402 3922 pel

297 3935 460 4020 patrabat.
507 3935 613 4000 Simul
637 3938 810 4023 petebant,
835 3949 872 4002 ut
894 3937 1050 4002 Pontifex
1074 3939 1221 4001 severius
1246 3959 1323 4000 curn
1347 3941 1402 4010 real

297 4043 418 4116 ageret,
452 4057 516 4120 quo
542 4057 655 4100 eorum
681 4035 899 4100 incolumitati
925 4047 957 4100 et
979 4035 1150 4100 Ecclesiae
1179 4033 1325 4098 libertati
1351 4041 1402 4118 prol

297 4130 477 4199 videretur.
516 4133 612 4198 Tune
637 4136 738 4219 igitur
751 4136 906 4200 Pontifex
930 4133 1068 4200 consilio
1093 4156 1170 4199 cum
1187 4129 1402 4196 Cardinalibul

297 4227 422 4312 habito,
455 4240 488 4294 et
516 4253 552 4295 re
583 4235 740 4298 universa
770 4235 889 4298 iterum
923 4255 1095 4319 perpensa,
1125 4230 1208 4296 illud
1237 4225 1402 4294 remediari
