2902 4848
391 505 431 560 De
449 504 569 562 Concilio
587 503 745 560 Basileenri.
1076 507 1128 562 369

20 672 85 714 cum
108 650 235 714 intimis
258 650 326 713 suis
350 648 545 713 consiliariis
570 647 821 730 deliberaverat,
846 647 952 735 legem
969 649 1128 737 condidit,

19 772 75 834 qua
97 749 230 814 decreta
252 747 456 812 Basileensia
480 746 521 812 de
544 747 776 812 reformatione
801 767 876 812 cum
906 749 1003 813 certis
1028 748 1129 814 modi·
1195 829 1200 840 ⁵

19 845 220 912 ficationibus
252 847 428 932 proposita,
468 866 529 930 pro
559 855 626 908 toto
663 866 765 928 regno
804 847 999 910 auctoritate
1038 848 1129 932 regia

19 943 253 1008 sarciebantur.
282 944 394 1030 Atque
410 943 493 1008 haec
516 943 571 1008 lex
595 943 685 1008 dicta
709 953 758 1008 est
774 941 904 1008 Sanctio
914 946 1128 1030 propmotico.

97 1042 151 1107 29.
199 1039 382 1106 Constabat
413 1041 497 1106 haec
520 1039 655 1107 Sanctio
680 1042 800 1125 viginti
832 1039 939 1105 tribus
970 1041 1128 1122 articulis,

19 1141 46 1204 in
79 1138 202 1226 quibus
236 1149 367 1225 praeter
401 1138 466 1203 alia
502 1138 717 1220 statuebatur,
759 1137 945 1203 Concilium
976 1139 1130 1222 generale

18 1259 140 1324 quoque
164 1237 326 1302 decennio
350 1259 370 1301 a
393 1237 565 1317 Pontifice,
590 1246 632 1319 et,
657 1239 683 1301 si
708 1238 737 1300 is
761 1235 932 1322 negligens
956 1239 1085 1321 existat,
1110 1261 1131 1303 a

19 1334 245 1400 Cardinalihus
269 1357 340 1400 esse
357 1335 644 1420 congregandum,
670 1336 844 1399 convocati
862 1333 1003 1399 Concilii
1020 1334 1129 1399 locum

18 1433 214 1496 aPontifice
246 1434 317 1498 sinc
341 1433 535 1498 necessitate
559 1434 679 1496 mutari
703 1454 770 1496 non
795 1453 900 1518 posse,
932 1431 1131 1498 Basileensis

19 1529 152 1594 Consilii
177 1541 210 1594 et
232 1530 440 1594 decretorum
469 1531 541 1616 ejus
565 1531 794 1595 alletoritatem
826 1551 896 1594 esse
926 1539 1130 1616 perpetuam,

18 1649 201 1714 sequence
225 1627 268 1692 ab
285 1629 357 1713 ipso
373 1629 534 1693 Pontifice
559 1648 653 1713 posse
677 1627 746 1692 tolli
771 1629 1021 1704 autiniirmari;
1047 1629 1131 1694 Con-

18 1725 87 1790 cilio
117 1726 263 1810 generali
295 1727 431 1812 ejusque
467 1724 717 1790 definitionibus
754 1737 787 1790 et
825 1725 966 1790 decretis
996 1724 1131 1790 obedire

18 1823 131 1888 debere
156 1825 265 1909 ipsum
287 1823 473 1889 Romanum
497 1824 703 1906 Pontificem,
728 1833 892 1910 quatenus
915 1823 998 1888 fides
1022 1835 1055 1888 et
1078 1847 1130 1889 ex-

17 1921 178 2006 plodenda
202 1921 417 1988 schismatum
442 1921 560 1988 seditio
581 1921 766 2008 postulant,
791 1920 955 1987 beneficia
970 1944 1041 1986 esse
1058 1943 1133 1986 con-

18 2019 148 2085 ferenda
172 2019 215 2084 ab
231 2021 272 2084 iis
296 2019 339 2084 ad
355 2041 437 2106 quos
453 2019 583 2105 dejure
607 2022 765 2106 pertinet3
790 2021 1001 2105 episcopatus
1023 2019 1132 2084 aliave

17 2115 176 2182 beneficia
213 2139 279 2182 nou
317 2117 460 2204 amplius
498 2117 699 2183 reservanda
730 2139 750 2181 a
781 2117 930 2181 Romano
953 2116 1131 2199 Pontifice3

17 2225 152 2280 annam
183 2225 215 2280 et
243 2219 486 2302 exspectativas
516 2237 588 2280 esse
618 2215 814 2298 abolendas,
848 2238 868 2280 a
892 2213 1066 2300 judicibus
1097 2217 1132 2279 in

17 2311 82 2378 loco
114 2314 302 2379 constitutis
325 2324 359 2378 et
380 2316 414 2378 in
439 2313 718 2401 appellationibus
741 2313 901 2378 Romanis
931 2313 1132 2378 servandum

16 2409 198 2494 legitimum
221 2413 454 2477 instantiarum
479 2412 639 2495 ordinem,
672 2415 718 2476 ita
748 2421 786 2476 ut
815 2434 934 2477 causae
959 2415 992 2477 in
1017 2412 1133 2477 ultima

18 2507 148 2574 demum
171 2511 330 2576 instantia
353 2511 395 2576 ad
420 2511 616 2576 Pontificem
641 2510 779 2592 delatae,
811 2531 877 2575 uon
902 2509 1026 2575 Romae
1050 2509 1133 2596 diju-

18 2607 176 2688 dicentur,
201 2608 259 2672 sed
284 2607 477 2694 delegentur
494 2607 668 2694 judicibus
692 2606 925 2672 nationalibus.
949 2645 993 2656 -
1018 2605 1132 2690 Vides,

17 2706 112 2770 etiam
130 2708 165 2770 in
178 2703 288 2771 Gallia
299 2705 540 2772 Basilecnsium
558 2707 752 2772 seditionem
768 2706 931 2771 nefastum
945 2711 1133 2772 exercuisse

18 2803 191 2870 inflexum.

103 2903 155 2968 30.
205 2903 316 2984 Quum
341 2905 376 2967 in
400 2903 463 2968 hac
487 2903 665 2970 Sanctione
696 2903 902 2988 pragmatica
933 2901 1029 2988 plura
1059 2908 1292 3011 00¹¹·„¹³,⁰,J⁰ss²⁸,¹.,

17 3001 237 3082 stituerentur,
270 3023 355 3087 quae
384 3022 452 3066 uon
483 3011 578 3065 erant
607 3000 744 3085 dejure
767 2998 895 3084 Synodi
924 3000 1133 3085 particularis
1165 2981 1303 3073 'deff'

17 3119 121 3183 neque
146 3099 187 3164 de
205 3099 282 3185 jure
306 3100 468 3184 principis
491 3097 670 3163 saecularis
693 3109 751 3163 aut
766 3096 1131 3183 procerumlaicorum3

16 3215 91 3260 cum
114 3197 213 3260 etiem
238 3197 272 3260 in
297 3196 354 3261 illa
376 3196 579 3262 haberentur
606 3217 692 3283 quae
723 3196 877 3280 dignitati
901 3203 1000 3281 atque
1024 3207 1133 3260 aucto·

17 3293 103 3356 nitati
126 3294 340 3379 Apostolicae
363 3292 459 3359 Sedis
483 3305 577 3359 erant
600 3295 761 3380 opposita,
795 3293 967 3377 Eugenius
989 3291 1038 3356 IV
1058 3294 1135 3378 jure

18 3393 131 3456 merito
163 3391 204 3456 de
235 3391 292 3456 illa
316 3391 495 3458 Sanctione
526 3401 661 3479 questus
691 3403 749 3474 est,
784 3403 816 3455 et
845 3411 956 3474 regem
987 3389 1031 3454 od
1061 3411 1134 3454 eam

19 3487 213 3556 abolendam
238 3492 408 3556 excitavit.
445 3489 510 3555 Sed
542 3511 604 3554 nec
632 3493 702 3576 ipse
734 3511 795 3554 uec
826 3509 1031 3554 successores
1063 3487 1135 3574 ejus

20 3587 104 3672 apud
121 3587 278 3653 Carolum
295 3587 361 3652 Vll
384 3587 597 3652 abolitionem
616 3587 840 3653 obtinuerunt.
865 3625 908 3633 —
932 3587 1031 3650 Anno
1049 3587 1131 3650 1461

21 3683 100 3748 obiit
131 3685 269 3754 Carolus
299 3686 364 3750 VII
401 3687 499 3772 eique
535 3686 694 3750 successit
729 3683 921 3749 Ludovicus
954 3684 1015 3749 XI.
1068 3683 1135 3748 Hic

22 3785 170 3878 princeps
193 3785 377 3872 praefatam
401 3783 614 3850 Sanctionem
639 3792 809 3869 tamquam
826 3782 978 3847 Pontifici
1003 3781 1134 3868 etApo·

23 3879 150 3948 thelicae
173 3881 252 3948 Sedi
284 3883 448 3948 infensam
471 3893 504 3946 et
527 3883 561 3946 in
585 3880 747 3946 seditione
771 3901 810 3944 ac
834 3881 1023 3944 schismatis
1055 3890 1135 3943 tem-

24 3991 229 4066 perauctam
254 3981 409 4048 abolevit.
456 3982 496 4045 In
520 3980 636 4044 litteris
659 3979 702 4044 ad
725 3979 822 4043 Pium
847 3979 881 4042 II
910 3977 963 4042 die
988 3977 1048 4040 27⁰
1071 3976 1135 4040 No·

25 4075 163 4144 cambris
192 4103 222 4144 a.
249 4079 332 4145 1461
366 4079 452 4144 datis
482 4080 546 4143 ait:
579 4078 632 4142 Ad
655 4099 694 4141 ea
711 4099 773 4165 par
795 4077 898 4163 ipsam
929 4075 1133 4160 (episcopum

26 4172 281 4260 ltrebatenscm)
308 4177 381 4242 Tibi
414 4188 522 4242 aestro
555 4177 677 4240 nominc
706 4173 900 4261 pollicenda,
940 4171 1082 4236 vovenda
1105 4182 1136 4236 et

26 4267 230 4341 tramittenda
246 4274 508 4362 (abrogationem
522 4271 734 4358 Sanctionis),
751 4293 808 4335 cos
824 4261 992 4357 oanuam
1006 4291 1136 4357 repham

73 4400 210 4452 dunarum,
224 4403 411 4443 Dlassmtlonss.
427 4401 492 4442 Tam.
508 4399 547 4440 Vl.
940 4376 976 4430 24
