3000 4838
289 431 325 487 68
486 429 590 487 XXIII.
610 431 651 486 De
668 437 744 485 statu
762 429 862 485 Eooles.
882 430 965 498 priori
984 430 1071 485 medio
1090 446 1159 486 eaeo.
1178 430 1242 487 XII.

290 577 393 639 ratius
417 583 574 640 eventum
601 576 723 656 referre
753 595 796 638 ex
819 573 973 659 epistola,
1008 596 1074 660 qua
1097 573 1269 640 Hubertus
1292 577 1421 662 episco-

292 696 354 760 pus
377 673 549 755 Lucensis,
580 682 712 758 petente
743 695 769 736 s.
793 671 967 753 Norberto,
1005 692 1092 757 quae
1121 672 1315 738 acciderant
1337 672 1420 737 huic

292 772 438 857 exponit.
488 769 794 856 ,Convenientibus
818 767 1063 851 cardinalibus,
1093 769 1218 853 scribit,
1250 773 1285 836 in
1315 771 1420 836 eccle-

126 861 275 968 ffifflf
293 871 342 934 sia
374 893 398 935 s.
423 868 578 933 Andreae
602 868 752 954 Apostoli
762 870 800 954 ¹),
833 876 992 932 statutum
1017 876 1067 932 est
1088 866 1131 932 ab
1156 869 1213 950 eis,
1244 878 1317 934 ooto
1348 891 1421 954 per·

293 969 393 1046 sonis,
422 965 552 1032 duobus
576 967 751 1052 Episcopis
775 965 940 1030 Guilelmo
965 964 1181 1030 Praenestino
1206 975 1239 1031 et
1263 965 1420 1032 Conrado

293 1064 481 1146 Sabinensi,
512 1064 619 1130 tribus
643 1062 879 1128 Cardinalibus
910 1063 1122 1148 presbyteris,
1160 1063 1259 1128 Petro
1282 1066 1420 1147 Pisano,

293 1161 391 1226 Petro
414 1161 500 1226 Rufo
528 1171 561 1226 et
583 1163 681 1227 Petro
704 1162 843 1244 Leonis,
874 1161 981 1225 tribus
1005 1160 1240 1227 Cardinalibus
1273 1161 1422 1227 diaconi-

294 1259 366 1342 bus,
391 1258 551 1345 Gregorio
575 1259 689 1324 Sancti
713 1259 845 1344 Angeli,
876 1259 1054 1336 Jonathae,
1090 1259 1258 1324 Aimerioo
1284 1259 1422 1326 Cancel-

294 1357 386 1439 lario‚
411 1357 605 1422 electionem
621 1357 793 1422 Pontifiois
818 1357 989 1439 committi,
1015 1357 1062 1420 ito
1086 1365 1123 1421 ut
1145 1359 1173 1421 si
1199 1361 1424 1423 committeret

296 1459 526 1540 (contingeret)
551 1456 722 1521 dominum
746 1455 873 1540 Papam
897 1455 1093 1536 Honorium,
1126 1456 1183 1541 qui
1207 1464 1288 1520 tuno
1311 1457 1346 1520 in
1371 1479 1424 1520 ar·

295 1553 396 1619 tioulo
425 1556 539 1619 mortis
561 1555 686 1640 positus
710 1564 789 1635 erat,
823 1553 865 1618 ab
890 1555 960 1616 vita
983 1554 1133 1635 transire,
1167 1575 1309 1639 persona
1333 1576 1423 1641 qnae

296 1652 339 1718 ab
364 1654 411 1717 eis
435 1654 620 1717 communis
644 1652 820 1736 eligeretur
851 1649 906 1714 vel
933 1674 953 1715 a
985 1659 1077 1735 parte
1108 1653 1248 1715 sanioris
1280 1651 1423 1734 consilii,

297 1750 339 1815 ab
368 1750 522 1815 omnibus
559 1771 618 1836 pro
649 1749 783 1814 domino
815 1759 848 1813 et
879 1749 1028 1812 Romano
1059 1748 1151 1833 Papa
1188 1750 1424 1834 susciperetur.

296 1850 531 1914 Praenestinus
556 1849 656 1912 etiam
681 1869 756 1911 oum
782 1846 920 1911 caeteris
944 1845 1102 1928 decrevit,
1128 1855 1165 1910 ut
1187 1847 1214 1910 si
1239 1848 1314 1933 quis
1338 1845 1423 1910 elec-

297 1946 380 2012 tioni
404 1945 515 2010 taliter
536 1946 644 2010 saetae
661 1945 912 2026 contradiceret,
938 1942 1143 2008 anathemati
1168 1944 1365 2030 subjaceret,
1392 1953 1427 2008 et

298 2047 325 2110 si
350 2046 423 2131 quis
447 2043 550 2109 alium
573 2052 750 2108 attentaret
780 2043 910 2128 eligere,
942 2041 1068 2105 factum
1091 2062 1150 2126 pro
1175 2041 1298 2106 infecto
1322 2040 1425 2106 habe-

297 2153 397 2224 retur,
431 2163 493 2206 nec
523 2144 593 2226 ipse
624 2140 760 2206 ulterius
791 2142 826 2204 in
850 2139 990 2204 eeclesia
1013 2137 1123 2203 locum
1148 2149 1425 2225 consequeretur3

299 2240 388 2327 quod
420 2249 453 2304 et
483 2241 553 2326 ipse
577 2238 693 2302 Petrus
716 2239 840 2302 Leonis
870 2259 925 2301 ore
956 2237 1088 2322 proprio
1120 2237 1331 2301 confirmavit
1365 2237 1426 2300 ad·

294 2339 432 2426 jiciens:
458 2338 533 2402 Non
549 2347 699 2423 oportere
723 2359 778 2402 eos
804 2336 966 2417 dubitare,
992 2334 1088 2421 quod
1112 2337 1284 2400 occasione
1309 2356 1370 2398 sua
1395 2336 1432 2399 in

300 2435 439 2501 ecelesia
471 2435 665 2500 scandalum
696 2437 845 2516 oriretur,
882 2435 1043 2520 quoniam
1074 2432 1186 2498 mallet
1209 2435 1244 2498 in
1267 2432 1433 2517 abyssum

301 2533 470 2618 submergi
506 2555 606 2619 quam
640 2543 774 2618 propter
804 2555 839 2597 se
874 2531 1069 2596 scandalum
1100 2533 1201 2598 nasci.
1256 2531 1433 2617 Deinceps

301 2641 461 2696 statutum
491 2642 550 2712 est,
589 2639 627 2694 ut
658 2629 814 2695 electores
847 2629 952 2694 altera
983 2629 1037 2694 die
1068 2627 1166 2693 simul
1199 2630 1432 2696 convenirent.

302 2732 478 2796 Caeterum
502 2728 619 2793 Petrus
642 2728 766 2793 Leonis
798 2750 874 2792 cum
897 2726 1070 2792 Jonathan
1101 2724 1144 2790 ab
1179 2728 1227 2790 eis
1258 2726 1432 2810 recedens,

302 2838 339 2892 ut
367 2850 486 2892 corvus
509 2826 564 2891 ille
587 2824 642 2890 vel
666 2824 856 2890 submersus
888 2823 942 2889 vel
966 2826 1117 2890 carnium
1142 2823 1291 2910 ingluvie
1315 2822 1434 2888 deten-

302 2938 365 3010 tus,
400 2926 444 2990 ad
478 2927 595 2990 fratres
618 2935 731 3010 postea
761 2924 871 2988 redire
896 2925 1094 3008 contempsit
1117 2933 1159 3004 et,
1193 2921 1435 2987 conventicula

303 3026 438 3089 seorsim
471 3022 646 3108 colligens,
682 3021 785 3086 altare
818 3021 1060 3085 maledictionis
1090 3022 1215 3104 erigere
1245 3018 1433 3104 satagebat,

304 3122 392 3208 quod
416 3123 480 3186 nisi
504 3122 670 3210 Dominus
693 3121 786 3204 Papa
810 3119 987 3200 Honorius,
1022 3140 1120 3204 quem
1152 3117 1332 3183 credebant
1355 3118 1433 3203 jam

303 3229 480 3302 mortuum,
505 3242 539 3284 se
562 3219 606 3282 ad
630 3218 807 3282 fenestram
824 3216 945 3302 populo
963 3215 1169 3302 ostendisset,
1195 3237 1270 3280 cunr
1287 3215 1433 3281 fratrum

303 3327 336 3382 et
365 3318 628 3404 propinquorum
658 3339 698 3380 ao
722 3315 916 3381 muneribus
939 3324 973 3380 et
995 3314 1162 3401 obsequiis
1186 3313 1434 3379 conductorum

302 3414 400 3480 turba
431 3416 657 3479 ministrorum
690 3437 809 3500 praeco
841 3413 1040 3477 Antichristi
1072 3434 1171 3497 supra
1204 3432 1301 3476 omne
1336 3413 1433 3498 quod

303 3513 426 3578 dicitur
449 3515 553 3596 Deus,
578 3522 656 3578 ante
680 3523 810 3599 tempus
835 3535 869 3576 se
894 3511 1096 3576 extulisset.“

394 3612 446 3675 72.
493 3611 587 3675 Haec
611 3611 807 3675 acciderunt
830 3611 885 3675 die
911 3609 970 3673 12⁰
993 3606 1179 3691 Februarii,
1204 3606 1287 3670 feria
1310 3603 1359 3670 Ν
1385 3608 1432 3670 ci-

303 3731 430 3773 nerum.
477 3709 566 3773 Dein
597 3730 734 3795 vespere
758 3717 907 3772 mortuus
930 3717 980 3770 est
1002 3705 1180 3787 Honorius,
1210 3704 1356 3790 dumque
1380 3727 1433 3768 re-

302 3815 447 3893 putatur,
467 3807 568 3892 juxta
591 3827 716 3871 morem
740 3805 955 3891 computandi
980 3803 1139 3868 Italorum
1167 3802 1210 3867 ad
1234 3801 1311 3866 solis
1334 3823 1433 3867 occa-

304 3926 377 3968 sum
402 3904 569 3988 designori
594 3903 709 3968 horam
734 3907 815 3968 24⁸³*
839 3903 915 3986 diei,
949 3901 1154 3988 intelligitur,
1189 3923 1265 3966 eum
1290 3899 1357 3963 dici
1383 3901 1433 3965 in·

379 4135 399 4200 ²)
417 4134 493 4190 Haeo
511 4134 626 4190 eeclesia
643 4140 705 4190 erat
722 4133 881 4188 monasterii
899 4150 920 4190 s.
940 4130 1076 4202 Gregorii,
1101 4131 1131 4185 in
1150 4145 1201 4198 quo
1220 4127 1355 4185 Honorius
1375 4145 1433 4184 mo-

303 4215 377 4270 riens
396 4215 580 4271 decumbebat.
