2844 4840
331 446 475 500 Processus
494 453 588 500 contra
606 446 781 515 Templarios.
1085 451 1120 504 95

33 591 188 655 mirantibus
209 591 326 654 cunctis
351 589 564 668 audientibus,
588 592 751 676 antiquam
772 592 895 677 Templi
908 594 1055 658 militiam
1079 595 1119 659 ab

32 687 144 754 Eccbsia
165 691 310 753 Romana
342 689 437 752 nimis
461 687 701 774 priuilepiatarn
730 713 796 754 sena
819 689 870 754 die
894 690 995 756 sabito
1019 697 1118 780 capti·

31 788 89 864 rari,
113 809 290 872 causamque
313 785 533 872 ipsoraatilrns
565 789 723 873 captionis
747 798 811 850 tarn
840 791 1035 874 repentinae,
1067 815 1118 855 en·

29 885 103 968 aptis
126 887 237 971 paucis
268 884 448 948 secretariis
485 893 515 946 et
543 885 678 972 juratis.
690 886 712 966 ¹)
768 885 902 950 Litteris
940 886 1026 952 datis
1064 889 1118 954 die

31 983 73 1043 14ο
85 981 276 1068 Septembris
291 980 467 1066 Philippus
491 983 603 1047 omnia
627 984 673 1046 ita
696 982 918 1065 ordinaverat,
942 995 979 1048 ut
1001 987 1117 1052 eodem

27 1078 67 1141 die
85 1079 199 1165 ubique
222 1102 281 1166 per
297 1081 539 1144 corumissarios
559 1079 642 1144 haec
658 1083 875 1147 incarceratio
890 1083 999 1148 subito
1014 1086 1117 1166 fieret,

27 1175 151 1264 bonaque
165 1178 300 1245 Ordinis
323 1189 581 1264 occuparentur;
606 1189 705 1264 atque
720 1190 845 1244 secreto
869 1181 954 1246 bene
976 1198 1116 1266 servato,

26 1296 63 1337 res
88 1297 200 1361 magna
229 1299 307 1341 curn
340 1277 537 1341 dexteritate
575 1279 763 1343 executioni
803 1278 881 1343 data
919 1291 976 1346 est.
1025 1284 1118 1350 Alios

25 1375 174 1460 principes,
199 1378 244 1440 uti
261 1375 456 1440 Eduardum
473 1374 507 1438 ΙΙ
524 1375 666 1459 Angliae
690 1387 722 1438 et
746 1374 901 1441 Oarolnm
918 1379 951 1442 11
976 1381 1118 1467 Apuliae

25 1492 104 1552 reges,
131 1473 303 1559 Philippus
327 1472 443 1538 litteris
468 1473 617 1538 hortatus
641 1483 699 1555 est,
731 1485 767 1537 ut
791 1475 853 1559 ipsi
878 1478 1001 1561 pariter
1023 1481 1117 1547 Tem·

25 1567 119 1650 plerios
152 1571 320 1636 custodiae
356 1571 561 1636 mandarent.
624 1570 876 1636 Advertendum
913 1585 1023 1640 autem
1058 1591 1115 1660 est,

24 1665 184 1753 Philippum
204 1671 275 1755 jam
302 1671 334 1734 in
359 1669 475 1734 litteris
498 1667 578 1735 dd.
606 1671 664 1733 14⁰
680 1668 884 1754 Septembris
907 1673 1046 1759 edicere,
1071 1679 1142 1780 abl

23 1761 193 1850 inquisitore
216 1767 362 1851 generali
386 1767 548 1832 Franciac
563 1765 727 1832 Gulielmo
752 1767 848 1854 (alias
870 1768 1029 1858 Imberto)
1054 1747 1278 1854 Pa-rnliiiiiil'.

23 1864 135 1944 risiensi,
160 1867 245 1948 regis
261 1865 471 1942 confessario,
497 1864 670 1928 brachium
686 1864 853 1930 saeculare
878 1869 979 1953 ipsius
1000 1885 1115 1939 contra
1145 1891 1161 1962 3

23 1959 200 2046 Templarios
232 1974 408 2028 evocatum
440 1963 550 2042 fuisse,
586 1975 618 2026 et
650 1985 683 2027 se
708 1965 770 2048 ipsi
795 1987 941 2030 annuere
965 1969 1115 2057 adeoque

22 2061 162 2145 mandare,
201 2075 238 2128 ut
274 2063 427 2148 quamvis
458 2064 544 2125 inter
573 2061 779 2146 Templarios
817 2063 1008 2130 innocentes
1044 2091 1115 2133 esse

22 2161 130 2240 possint,
158 2171 271 2226 tamen
294 2181 397 2246 quum
422 2171 536 2224 contra
561 2182 674 2224 omnes
698 2161 741 2223 sit
764 2163 908 2245 suspicio
936 2164 1115 2232 vehemens

20 2269 81 2333 oua,
108 2257 284 2345 sinpslares
303 2279 459 2344 personae
483 2258 572 2321 illins
600 2257 732 2321 Ordinis
760 2261 827 2322 sine
851 2264 1030 2347 acceptione
1055 2267 1114 2330 ali-

20 2375 64 2436 qaa
84 2358 259 2442 capiarrtur,
284 2357 372 2442 capti
395 2366 570 2432 teneantur,
595 2367 624 2418 et
648 2355 807 2420 Ecclesiae
824 2358 949 2445 jndicio
968 2385 1114 2446 praeser-

20 2464 113 2518 ventur,
160 2453 347 2518 Guilelmus
379 2466 488 2518 autern
514 2453 632 2536 litteris
655 2453 697 2517 ad
722 2453 952 2540 Inquisitores,
985 2458 1115 2526 Priores

20 2545 140 2636 aliosque
163 2552 281 2616 fratres
296 2551 432 2617 Ordinis
446 2550 717 2615 Praedicatorurn
743 2551 829 2616 datis
846 2552 877 2618 d.
894 2556 954 2618 22⁰
968 2557 1114 2644 Septem·

20 2643 68 2710 bris
87 2651 216 2715 scribit:
241 2651 349 2736 Ipsam
370 2673 472 2734 repern
496 2650 644 2714 daminus
664 2673 724 2735 pro
749 2673 847 2714 aaran
867 2652 944 2728 fidei
958 2659 1114 2742 requiren-

19 2743 80 2819 rlra,
108 2760 141 2811 nt
171 2759 281 2814 contra
308 2748 486 2832 sinpalares
515 2770 672 2834 personas
702 2749 780 2812 alieti
806 2749 937 2814 Ordinis
961 2753 1000 2816 de
1017 2779 1113 2840 prae·

18 2845 98 2908 miscis
119 2848 308 2910 veliementer
330 2857 492 2934 suspectas
514 2847 605 2934 hujus
628 2849 717 2932 nepai
738 2846 829 2911 nodis
860 2849 938 2913 dare
953 2851 1113 2934 fauorem,

17 2961 84 3024 open
105 2956 132 3008 et
154 2943 317 3034 aseeriliarn¹
335 2946 531 3030 dipnaretar,
554 2955 590 3007 ιιι
613 2967 667 3008 eas
688 2945 800 3009 hahere
816 2946 974 3012 calleamus
997 2955 1113 3016 mami-

18 3039 119 3103 sasclas
150 3055 184 3107 ιιι
216 3043 313 3116 decet,
353 3065 447 3128 saper
478 3043 526 3105 leis
557 3065 622 3105 non
653 3043 850 3108 intendentes
872 3048 1027 3129 nepotian
1058 3051 1113 3114 lroc

16 3148 102 3202 caure
135 3141 252 3204 dictam
279 3141 429 3204 Ordinem
467 3162 520 3204 sen
550 3151 660 3204 contra
688 3140 816 3224 fratres
853 3144 955 3228 ipsius
982 3144 1114 3212 Ordinis

17 3235 224 3316 mirersalitcr,
254 3239 309 3302 sed
333 3238 433 3302 solnm
455 3249 565 3302 contra
588 3236 808 3325 sinqalares.²)
856 3238 960 3304 Caute
984 3265 1043 3307 rex
1067 3246 1112 3309 ita

17 3431 205 3444 ¹-———-

73 3569 90 3633 q
108 3567 139 3620 ι’.
158 3565 291 3634 Bayusld.
311 3566 345 3619 ad
364 3582 387 3619 a.
410 3565 487 3622 1307.
506 3581 532 3626 n,
555 3567 596 3620 12.

69 3673 87 3738 'i
108 3673 173 3727 Vide
191 3671 257 3727 haec
281 3672 441 3727 documenta
463 3672 535 3740 apud
553 3673 689 3737 Boutsrie,
712 3673 840 3728 ¹clement
858 3673 890 3736 V,
919 3673 1042 3742 Philipps
1060 3682 1110 3737 etc.

16 3747 155 3806 tenetes
173 3752 266 3819 Queat
292 3752 356 3806 hist.
376 3751 408 3806 X.
428 3751 480 3806 329
499 3768 554 3819 sqq.
584 3752 655 3823 (Oct
677 3751 766 3821 1871.)
798 3784 831 3793 -
864 3755 967 3821 Operae
994 3757 1111 3824 pretium

15 3829 108 3894 ruitur.
131 3833 175 3887 hic
194 3843 290 3886 notare
308 3831 417 3899 quinam
436 3831 541 3886 fuerint
559 3832 678 3900 Philippi
700 3832 808 3887 Pulchri
828 3833 998 3902 contessarii;
1022 3837 1111 3892 varios

15 3909 68 3963 cuin
89 3911 190 3976 habuit,
219 3912 264 3979 qni
283 3927 374 3966 omncs
393 3921 472 3966 erant
490 3929 523 3967 ex
542 3913 642 3968 Ordine
661 3913 888 3969 Praedicetnrum.
925 3913 1008 3968 Pater
1026 3917 1111 3983 ipsius

15 3985 130 4058 Philippus
137 3993 235 4047 Audax
248 3992 409 4046 adolescenti
421 3992 535 4061 principi
545 3992 737 4047 confessarium
748 3993 823 4048 dedit
832 3995 979 4048 hircinam
990 3997 1109 4063 Gomara,

15 4067 82 4124 mun
98 4073 220 4127 doctrina
238 4072 381 4141 insignem,
409 4087 488 4139 quem
516 4073 610 4140 primis
635 4075 715 4127 annis
733 4074 812 4143 regni
830 4075 874 4128 sni
892 4073 1033 4143 Philippus
1051 4091 1111 4131 con-

15 4153 120 4207 senaria
158 4152 228 4207 Dein
247 4151 351 4206 influxu
372 4151 509 4222 ingersldi
529 4152 562 4206 de
581 4153 708 4221 stangny
727 4153 829 4208 tactum
848 4161 898 4220 est,
926 4161 958 4210 ut
988 4156 1012 4210 ei
1031 4155 1113 4226 hujus

15 4230 153 4298 propinquus
173 4233 308 4287 Nicotaus
328 4234 361 4286 de
380 4234 538 4290 Frtanriiic
565 4233 786 4295 substitueretur.
815 4234 860 4302 qni
889 4235 948 4304 regi
975 4235 1064 4290 adfuit
1082 4237 1110 4291 in
