2902 4848
409 449 447 503 De
466 449 573 516 synodo
591 449 761 504 Florentino.
1098 447 1153 502 387

31 593 88 659 sibi
117 591 228 658 oblata
252 592 469 658 immoderate
499 593 567 658 iere
592 591 794 674 rrtebstur,¹)
826 614 866 656 sc
890 593 1071 658 vanissimo
1098 591 1152 655 ho-

34 695 96 757 nori
127 700 299 776 tantopere
323 689 491 772 inhiabat,
529 701 564 754 ut
597 713 699 777 quum
730 692 840 776 prima
862 690 964 754 sessio
996 688 1153 754 solemnis

30 793 60 854 in
89 788 211 876 peletio
234 788 407 854 Pontificis
440 787 634 870 haberetur,
670 810 754 875 equo
787 810 847 874 per
876 786 972 873 plura
1008 786 1153 852 triclinia

32 910 129 974 nsque
150 887 193 952 ud
218 884 330 951 sacelli
354 885 457 950 altare
481 887 561 951 vehi
584 886 740 952 voluerit.
787 885 886 968 Quod
914 906 1017 971 quum
1043 884 1153 949 dome-

31 987 99 1050 stici
115 985 288 1050 Pontificio
312 982 512 1069 inhiberent,
537 1008 556 1050 e
579 994 667 1050 terre
690 984 902 1050 sublevatum
927 1005 961 1048 se
985 983 1065 1046 fecit
1081 1003 1153 1068 por·

29 1099 93 1150 ture
118 1105 222 1168 usque
242 1081 289 1146 ad
306 1081 473 1162 thronum,
498 1104 540 1146 ne
556 1083 659 1168 pedes
677 1092 854 1166 tangerent
866 1080 982 1146 solum.
1023 1080 1154 1146 Latinis

27 1193 135 1246 sutem
158 1179 201 1246 ob
226 1181 385 1244 offensam
409 1179 625 1246 vehementer
648 1182 849 1258 succensuit,
874 1179 981 1244 donec
1003 1180 1153 1256 animum

27 1284 95 1367 ejus
120 1278 345 1364 peculiaribus
367 1276 511 1344 lenirent
530 1277 755 1360 honoribus.²')
803 1278 915 1342 Etiam
931 1275 1153 1362 patriercham
1174 1306 1317 1344 emona

24 1393 58 1442 et
79 1381 253 1464 episcopos
268 1378 471 1442 amicissime
493 1399 513 1440 a
531 1374 662 1442 Latinis
685 1375 819 1440 habitos
843 1397 924 1456 esse,
949 1374 1003 1439 vel
1025 1397 1067 1440 ex
1082 1377 1153 1460 ipso
1198 1365 1297 1406 ‘'⁸¹⁰¹“

26 1475 188 1562 Syropulo
214 1473 390 1557 colligitur,
414 1496 456 1538 ex
481 1496 545 1560 quo
570 1474 668 1540 simul
692 1488 841 1560 apparet,
865 1473 1046 1540 malevolos
1061 1495 1154 1560 prae-

25 1577 138 1641 sertim
162 1576 250 1638 inter
273 1571 410 1636 clericos
434 1574 579 1638 minores
602 1595 668 1638 non
694 1573 849 1638 defuisse.
889 1572 1059 1637 Enarrans
1074 1596 1102 1638 e.
1120 1593 1154 1655 g·

23 1671 190 1761 quomodo
225 1668 415 1756 patriarcba
448 1681 481 1734 et
512 1672 650 1736 comites
683 1671 754 1756 ejus
787 1694 807 1734 a
834 1670 996 1736 Pontifice
1029 1673 1154 1756 recepti

27 1773 150 1837 fuerint
172 1777 273 1854 etque
289 1766 432 1853 dapibus
451 1771 486 1832 in
502 1769 574 1854 ejus
589 1769 713 1854 palatio
733 1769 847 1832 refecti
863 1771 939 1852 sint,
964 1769 1005 1835 de
1021 1769 1154 1856 quibus·

23 1873 103 1935 dam
128 1867 260 1932 scribit:
292 1867 336 1930 At
359 1865 414 1930 illi
436 1868 492 1952 qui
516 1889 599 1953 prae
622 1868 718 1932 nimis
740 1878 835 1931 caula
858 1869 960 1931 animi
983 1869 1156 1934 timiditate

26 1969 133 2034 omniu
155 1966 308 2052 appositu
331 1964 543 2050 referiebant,
567 1989 606 2030 us
621 1977 777 2030 semusta
793 1965 992 2054 deplutireut,
1016 1967 1157 2032 mutilem

23 2075 186 2154 aspectum
201 2086 278 2148 erpa
286 2065 426 2148 papirus
451 2063 550 2149 dapes
575 2073 735 2128 aeteruum
753 2066 961 2128 retinuerunt.
1003 2064 1155 2138 Quamuis

22 2167 108 2228 euim
139 2183 234 2248 saepe
258 2161 483 2246 patriarcham
510 2160 662 2224 deducere
693 2161 738 2224 ud
765 2159 894 2226 Curiam
912 2161 1067 2248 papalem
1090 2185 1155 2249 pro

21 2264 100 2327 borst'
123 2261 222 2324 moris
244 2269 274 2322 et
297 2258 399 2343 officii
420 2260 545 2324 ratione
565 2261 772 2336 assueverint,
795 2283 957 2344 uunquam
981 2271 1085 2324 touseu
1107 2261 1156 2325 uel

25 2362 141 2424 misem
161 2356 429 2422 scaturientibus
452 2379 492 2420 eae
515 2359 601 2422 omui
615 2357 731 2443 fructu
754 2357 855 2422 allato
880 2359 1076 2444 wutiuqers,
1107 2358 1157 2424 uel

23 2481 124 2522 ursam
146 2454 302 2542 puttukm
324 2454 458 2518 bibendo
483 2453 584 2519 libare
607 2457 825 2520 sustinuerunt
852 2455 898 2540 (p.
925 2457 1013 2536 144).
1050 2456 1157 2548 Putet,

22 2555 109 2620 tales
133 2554 285 2618 homines
318 2553 352 2618 in
377 2551 532 2616 omuibus
564 2553 793 2616 conviciorum
825 2553 971 2637 potuisse
1004 2556 1157 2620 invenire

102 2839 124 2910 ¹)
146 2835 325 2903 ,Necminus
343 2837 520 2904 dispendium,
540 2835 636 2890 scribit
654 2836 802 2905 Syropulus
821 2839 860 2905 (p.
881 2839 943 2896 14⁴)
962 2838 990 2892 in
1009 2840 1085 2908 egris
1104 2840 1157 2894 [m-

20 2929 139 2990 perator
156 2915 279 2970 venando
299 2915 409 2982 iecerat,
436 2933 514 2984 quem
534 2921 591 2970 tam
609 2915 801 2971 immoderatus
827 2917 907 2971 srdor
930 2918 1059 2985 captandi
1083 2919 1157 2974 ierus
1177 2913 1180 2924 ’

17 2995 189 3066 abripiebat,
208 3005 241 3050 ut
253 2995 374 3051 Merchio
392 3002 502 3050 coactns
515 2995 602 3050 inerit
614 3009 662 3063 per
675 2995 819 3062 quemdum
832 2997 1026 3064 Imperatorem
1039 3016 1157 3056 mouere.

20 3081 118 3133 rarius
137 3077 224 3131 saltus
242 3083 271 3130 et
289 3077 400 3131 dumeta
418 3077 526 3140 lustret,
553 3076 661 3144 parcius
680 3077 708 3130 in
728 3077 858 3130 animalis
875 3078 990 3136 moriat.
1029 3079 1099 3146 Quin
1128 3091 1156 3134 et

19 3161 58 3213 de
84 3173 115 3212 se
140 3157 274 3212 rationem
299 3156 400 3222 adjecit
427 3155 561 3212 ilsrchio:
600 3156 668 3225 Ego,
695 3157 795 3223 iuquit,
828 3172 956 3226 agrorum
985 3158 1158 3228 saltuumque

17 3243 145 3294 istorum
167 3238 299 3300 dominus,
327 3237 510 3292 coturnicibus
529 3243 558 3292 et
576 3235 723 3304 phasianis,
751 3253 816 3292 cura
844 3253 875 3292 ec
903 3237 1024 3306 impense
1049 3239 1158 3308 proprie

16 3319 139 3374 aliunde
166 3317 326 3384 conquisitis
345 3333 377 3371 se
395 3318 454 3371 locs
481 3317 591 3386 replevi,
622 3326 654 3371 nt
682 3317 886 3385 multiplicando
915 3318 980 3373 mibi
1008 3330 1160 3374 crescerent

17 3413 162 3466 tanquam
171 3398 199 3452 iu
214 3397 326 3452 viverio,
354 3397 443 3464 Quare
462 3395 570 3452 obsecro
582 3397 761 3451 Clementiam
775 3405 860 3460 tuem,
879 3403 911 3450 nt
923 3398 951 3452 in
961 3398 1016 3452 ista
1028 3399 1159 3454 animalia

18 3477 168 3534 remissius
187 3493 263 3546 agas,
292 3491 326 3530 ne
345 3483 405 3530 tote
423 3475 489 3530 mihi
508 3477 677 3531 avicularum
703 3477 808 3531 soboles
826 3476 950 3531 funditus
969 3479 1157 3533 intercidatur.

19 3563 65 3614 At
81 3560 234 3626 Imperator
252 3573 286 3612 us
304 3557 385 3612 unius
403 3555 478 3611 flocci
496 3557 564 3612 fecit
577 3563 633 3612 tem
646 3557 794 3625 supplicem
807 3557 971 3612 Marebiouis
990 3558 1156 3614 adhortatio·

18 3655 99 3702 uem,
128 3637 251 3706 quemuis
270 3638 391 3692 eumdem
409 3636 531 3692 lierchio
549 3637 622 3692 omni
641 3652 742 3708 genere
761 3636 877 3702 honoris,
905 3636 1059 3702 comitetru,
1080 3638 1158 3692 bene-

20 3719 177 3783 volentiae,
197 3717 334 3775 amicitiae
353 3718 572 3776 contulerisset.“

104 3799 127 3866 ²)
146 3799 276 3866 „Aliquot
296 3797 384 3871 igitur
402 3797 459 3852 dies
478 3798 506 3851 in
526 3813 631 3852 cussum
650 3797 777 3860 cecidere,
804 3797 888 3851 donec
907 3795 1001 3854 Latini
1021 3806 1053 3851 nt
1074 3797 1159 3868 Impe-

19 3887 150 3935 retorem
174 3877 300 3941 lenirent,
329 3893 404 3931 muro
429 3875 549 3945 perfosso
575 3877 609 3931 sd
628 3877 772 3932 introitum
790 3877 871 3944 primi
896 3876 1009 3932 triclinii
1011 3916 1131 3942 .....

18 3963 138 4028 portatu
164 3957 321 4023 efforernut,
350 3959 515 4024 quistatim
534 3960 563 4013 in
583 3959 701 4012 vicinum
727 3957 879 4012 cubiculum
903 3958 1060 4014 duceretur:
1088 3959 1160 4016 uude

17 4055 95 4092 euru
123 4039 249 4094 decenter
278 4043 425 4106 gestarunt
452 4053 500 4106 per
527 4038 583 4092 slis
610 4038 700 4092 decern
723 4039 846 4094 cubicula
874 4037 902 4092 iu
924 4037 1015 4094 medio
1039 4038 1159 4094 transitu

18 4118 130 4188 posits,
157 4119 204 4174 sed
224 4134 318 4184 veens,
350 4117 432 4174 nullis
451 4118 639 4186 praesentibus
666 4125 777 4186 prester
801 4118 961 4174 domesticos
981 4123 1009 4172 et
1027 4124 1161 4174 assuetos.

14 4214 145 4266 quorum
172 4198 263 4254 ultimi
283 4198 370 4268 janue
393 4197 508 4267 patebat
533 4199 562 4253 in
581 4197 730 4254 triclinium
749 4197 874 4268 synonir‘
911 4197 1034 4268 Syropul.
1053 4214 1077 4266 p.
1101 4201 1162 4252 168.

1000 4306 1051 4360 25*
