2822 4838
218 531 221 539 ·
315 504 369 558 290
583 504 683 560 xxvi.
702 505 742 558 ns
756 483 926 559 'constratu
945 505 1097 560 rnnooentii
1116 507 1168 562 111.

153 645 305 749 Dghlsssstssum
407 648 457 712 tt.
505 645 662 733 Superest
691 656 728 711 ut
759 670 867 734 pauca
900 649 1050 713 dicamus
1094 649 1134 714 de
1167 651 1208 713 iis
1237 673 1318 738 quae
1348 651 1399 713 feei

278 737 283 748 ⁸
315 746 529 809 Innocentius
559 745 622 824 llI,
662 769 764 833 quum
797 745 860 810 boc
892 757 1039 832 tempore
1069 746 1210 812 barones
1234 747 1362 832 Angliae
1381 749 1399 810 ii

315 865 425 928 regem
457 845 672 928 insurgentes,
706 843 749 908 ab
778 846 848 930 ipso
882 854 1090 909 extorserunt
1117 844 1200 910 illud
1224 846 1399 932 privilegius

316 951 349 1004 et
370 939 558 1004 libertatum
585 941 830 1024 documentum,
861 943 948 1028 quod
974 945 1113 1028 Maqaae
1141 941 1280 1008 Chartae
1303 945 1399 1008 nomint

316 1039 482 1124 designari
513 1039 603 1105 solet.
650 1039 807 1104 Proceres
831 1041 973 1126 Angliae
1004 1040 1161 1106 videlicet
1193 1041 1332 1126 plurimi,
1359 1039 1399 1103 Ste

315 1137 425 1223 phano
441 1137 628 1220 Langtonio
652 1137 901 1223 archiepiscopo
927 1137 1159 1204 Cantuariensi
1183 1139 1320 1226 aliisque
1342 1159 1399 1224 prae

316 1233 444 1300 sulibus
476 1235 731 1321 cooperantibus
761 1234 815 1299 vel
847 1237 1118 1318 conniventibus,
1152 1239 1399 1324 conspiraverunt

316 1345 348 1400 et
370 1334 480 1418 legum
505 1333 654 1397 Eduardi
679 1335 704 1414 I,
737 1335 784 1397 uti
810 1334 1064 1417 contendebant,
1097 1359 1136 1400 ac
1159 1335 1344 1400 libertatum
1364 1331 1399 1396 sib

316 1456 355 1498 ac
378 1453 478 1516 regno
504 1441 536 1495 et
551 1430 709 1494 ecclesiae
726 1431 933 1517 Anglicanae
951 1455 1181 1498 concessarum
1197 1435 1399 1498 restitutiones

316 1541 348 1596 et
371 1530 654 1594 confirmationem
678 1551 698 1592 a
721 1551 797 1612 rege
821 1541 948 1594 armata
973 1553 1072 1595 manu
1095 1534 1315 1616 exegerunt.¹)
1342 1529 1399 1592 Suu

316 1651 404 1692 mam
436 1625 626 1691 libertatum
661 1629 695 1692 in
727 1627 874 1713 diploma
905 1629 1111 1714 redegerant,
1145 1631 1235 1716 quod
1266 1631 1399 1712 sexagint

316 1724 559 1816 treslarticulos
584 1725 784 1790 continebat.
830 1726 978 1791 Joannes
1002 1749 1105 1814 quum
1129 1730 1275 1813 primum
1299 1729 1337 1792 iis
1357 1723 1399 1789 resi

316 1837 401 1889 stere
425 1833 562 1887 conatus
586 1833 679 1904 esset,
704 1823 782 1887 dein
806 1827 945 1910 tempori
971 1835 1003 1890 et
1019 1828 1207 1890 necessitati
1225 1824 1399 1890 serviendus

315 1933 415 2004 ratus,
441 1922 587 2007 ipsorum
612 1923 712 1985 minis
728 1933 760 1985 et
773 1921 944 2006 postulatis
960 1925 1066 2005 cessit,
1093 1935 1124 1988 et
1140 1948 1169 1990 a.
1184 1924 1270 1988 1215
1289 1927 1399 2006 Maponi

320 2019 470 2086 Chartam
494 2019 648 2084 firmavit.
681 2017 878 2100 Consensus,
904 2043 1002 2106 quem
1027 2043 1093 2086 non
1109 2023 1174 2087 nisi
1198 2023 1324 2086 invitus
1346 2035 1399 2105 prat

316 2122 451 2198 stiterat,
486 2139 563 2180 mox
588 2138 663 2180 eum
689 2120 869 2202 poenituit3
901 2141 1004 2205 quum
1033 2142 1112 2184 vero
1144 2120 1287 2184 barones
1317 2127 1399 2182 norat

423 2275 524 2282 .-..-
1398 2255 1399 2298 l

316 2359 452 2430 (pennys).
477 2355 584 2410 Nummi
604 2355 689 2410 reales
708 2363 788 2410 erant
806 2363 914 2411 tentum
934 2357 1038 2412 denarii
1058 2361 1198 2427 argentei;
1218 2361 1297 2414 solidi
1312 2364 1335 2413 et
1348 2317 1399 2410 mah

315 2455 368 2493 non
399 2436 561 2500 existebant,
590 2436 642 2490 nisi
666 2437 778 2490 mentali
810 2439 1020 2504 computatione.
1058 2438 1164 2493 Solidus
1188 2447 1281 2492 autem
1313 2439 1398 2501 antiqu

316 2517 450 2586 aequabat
469 2517 525 2570 lere
544 2523 600 2570 tres
618 2515 716 2570 solidos
735 2517 875 2572 modernos
894 2519 924 2585 (2
942 2518 981 2572 sh.
1001 2517 1053 2587 911ι
1074 2527 1117 2586 p),
1146 2519 1187 2572 ita
1215 2526 1246 2572 nt
1271 2535 1326 2573 nna
1349 2531 1398 2570 urar

315 2600 421 2654 valeret
439 2597 495 2652 lere
513 2597 548 2650 39
566 2596 665 2650 solidos
683 2597 822 2650 modernos
842 2598 961 2664 (circiter
980 2601 1015 2652 50
1033 2597 1158 2664 francos).
1190 2599 1266 2654 Haec
1286 2599 1367 2667 quoad
1384 2613 1398 2648 o

315 2680 398 2734 lorem
423 2677 522 2730 realem
547 2683 575 2730 et
599 2677 751 2730 absolutum
770 2693 946 2732 nummorum.
984 2679 1130 2732 Praeterea
1155 2695 1219 2732 vero
1243 2677 1398 2734 advertente

315 2765 365 2824 est,
391 2757 536 2812 relativum
555 2757 681 2822 valorem,
707 2757 739 2811 ob
758 2757 886 2812 minorem
906 2759 1035 2826 pecuniae
1054 2757 1244 2825 frequentiam,
1271 2767 1336 2813 tunc
1354 2755 1398 2812 niul

315 2839 442 2907 mojorem
455 2837 546 2900 fuisse,
565 2837 606 2891 ita
624 2845 656 2890 ut
675 2852 774 2891 merces
793 2837 935 2906 quintuplo
953 2839 1050 2893 minori
1069 2840 1157 2907 pretio
1177 2849 1338 2897 emerentur.
1357 2851 1398 2904 qua

314 2927 407 2974 nostro
427 2925 554 2985 tempore.
586 2917 659 2971 Adeo
672 2917 750 2970 valor
762 2917 876 2986 alicujus
894 2935 1014 2973 summae
1033 2920 1162 2987 pecuniae
1181 2919 1339 2986 (solidorum
1352 2913 1398 2984 end

315 3003 415 3064 corum)
438 2998 544 3052 saeculo
564 2997 635 3051 XIII
659 2997 813 3064 quindecies
832 3007 944 3066 superat
962 2999 1076 3054 similem
1096 3016 1226 3054 summam
1245 3002 1344 3054 saeculi
1364 2995 1398 3052 XI

315 3079 381 3134 Inde
391 3079 473 3142 vides,
493 3093 540 3132 cur
558 3093 687 3132 summam
703 3080 808 3132 150000
826 3095 983 3144 marcarum,
1003 3096 1057 3146 qua
1070 3081 1183 3136 redemit
1195 3081 1350 3136 libertatem
1363 3091 1398 3144 sut

315 3159 465 3214 Richardus
478 3157 500 3222 1,
520 3165 576 3210 tarn
595 3157 736 3226 ingentem
755 3158 901 3213 habuerint
920 3161 1021 3216 coaevi.
1047 3161 1079 3214 V.
1094 3161 1173 3214 Pauli
1187 3163 1265 3230 Engl
1283 3161 1367 3216 Gesclr
1385 3159 1395 3210 I

315 3239 340 3296 S.
359 3239 418 3293 483.
460 3237 532 3304 „The
550 3237 677 3305 sbillings
696 3239 727 3290 ot
743 3237 804 3290 that
823 3239 875 3306 day
894 3255 965 3294 were
984 3239 1061 3294 three
1079 3241 1158 3294 times
1178 3241 1224 3295 the
1245 3243 1348 3312 weight
1373 3239 1398 3294 tlt

315 3335 362 3374 are
380 3335 448 3382 novv,
476 3317 529 3371 and
546 3325 594 3384 yet
613 3333 629 3370 a
648 3317 757 3372 modern
775 3317 891 3388 abilling
910 3318 997 3373 would
1023 3327 1053 3374 at
1076 3321 1139 3374 that
1163 3323 1229 3376 time
1248 3322 1320 3377 have
1339 3323 1397 3386 bong

315 3401 399 3454 about
411 3398 463 3452 five
477 3398 556 3450 times
569 3413 599 3451 as
612 3397 690 3452 much
703 3414 733 3453 as
746 3398 770 3452 it
789 3398 845 3453 will
864 3407 894 3453 at
912 3405 1048 3468 present.“
1075 3401 1177 3469 Hardy‚
1196 3402 1301 3457 Introd.
1323 3411 1349 3456 to
1363 3401 1397 3454 Clr

315 3479 398 3543 Idolis,
418 3495 443 3546 p.
465 3477 547 3532 XLV.

390 3561 410 3628 ¹)
429 3557 562 3612 Henricus
582 3557 603 3623 1,
631 3573 712 3623 quum
738 3573 763 3614 a.
785 3561 854 3612 1100
879 3559 911 3612 ed
937 3575 1051 3628 regnum
1075 3561 1252 3628 pervenisset,
1281 3565 1397 3615 libertati

316 3645 440 3696 chartam
466 3639 549 3701 dedit,
575 3655 628 3705 qua
646 3639 830 3707 promittebat,
859 3656 887 3694 se
906 3640 1102 3710 abrogatumm
1121 3658 1177 3697 esse
1202 3657 1267 3695 tisus
1287 3639 1397 3708 contrel

316 3721 482 3776 Introductos
502 3727 530 3774 et
549 3719 716 3773 redditurum
735 3735 793 3774 esse
813 3721 897 3790 lepem
919 3721 1059 3774 Eduardi.
1085 3721 1137 3776 Sed
1156 3737 1216 3775 mox
1236 3723 1360 3789 promissi
1379 3735 1397 3774 u

315 3801 459 3872 poenituit,
478 3809 560 3866 atque
579 3799 665 3853 adhuc
684 3799 775 3853 eodem
795 3815 865 3854 anno
885 3801 1001 3854 edictum
1021 3817 1097 3855 suum
1118 3801 1272 3870 abrogavit,
1301 3801 1397 3866 omniaq

316 3883 374 3951 ejus
393 3880 557 3949 exemplaria
575 3878 659 3933 deleri
678 3879 793 3932 curavit.
833 3879 999 3934 Paucissima
1019 3887 1110 3935 tamen
1130 3881 1297 3950 exemplaria
1316 3881 1391 3936 edicti

316 3962 431 4016 interitu
444 3967 553 4014 servata
566 3960 684 4024 bierunt,
704 3963 786 4025 atque
805 3975 838 4014 ex
852 3958 923 4014 hisce
941 3977 1023 4014 unuin
1038 3961 1195 4028 perhibetur
1209 3959 1346 4028 prolatum
1359 3960 1397 4012 fuit

316 4048 345 4104 in
363 4047 498 4095 conventu
517 4039 670 4108 praesulum
695 4054 726 4091 ae
744 4054 890 4105 procerum,
923 4055 1001 4106 quem
1032 4041 1076 4095 die
1099 4046 1147 4096 25⁰
1165 4043 1286 4111 Augusti
1321 4059 1345 4098 a
1373 4039 1397 4096 11

316 4121 554 4176 Westmouasterii
574 4118 698 4172 habuere.
726 4118 830 4172 Exinde
849 4121 897 4174 illa
910 4119 1004 4174 charta
1023 4121 1181 4177 libertatum
1195 4121 1308 4176 Henrici
1328 4121 1397 4175 mari

316 4201 358 4256 nsi
377 4208 442 4254 suut
460 4201 582 4260 barones,
606 4205 638 4253 ut
654 4199 717 4267 jura
735 4214 785 4254 sus
803 4199 832 4253 in
852 4207 939 4255 certos
959 4201 1116 4270 redIgerent
1141 4201 1278 4257 articulos.
1318 4203 1369 4254 Ctr.
1389 4195 1397 4250 l

316 4281 459 4341 deubauer,
479 4281 494 4334 I.
516 4296 537 4334 c.
558 4296 582 4346 p.
603 4281 664 4334 234.
683 4277 744 4332 418.
