2868 4844
364 441 404 496 De
422 441 604 496 exstinctione
622 441 785 496 schismatis.
1091 443 1144 497 307

35 585 317 672 Conqncrcbantur
340 587 429 648 enirn
454 586 609 665 maxime,
641 585 684 649 ab
710 585 874 671 episcopis
899 585 988 650 viros
1018 585 1142 672 negligi

37 685 147 765 doctos,
181 707 200 747 a
232 684 381 746 Romano
414 704 491 746 vero
525 682 687 746 Pontifice
723 681 775 746 his
811 681 928 747 melius
963 685 1142 768 provideri.

36 781 129 845 Etiam
155 781 264 868 quoad
297 780 552 844 diminutionem
581 789 779 845 annatarum
804 780 1010 867 aliorumque
1042 782 1143 845 tribu-

34 892 127 942 torum
158 901 236 943 mox
268 877 479 942 observatum
511 877 591 960 fuit,
635 880 858 942 necessarium
899 881 1034 944 omnino
1074 902 1144 944 esse

35 977 168 1041 Romano
186 975 350 1056 Pontifici,
375 974 611 1040 Cardinalibus
636 983 667 1038 et
691 974 873 1039 curialibus
897 978 1082 1063 providere,
1108 988 1145 1042 ut

35 1077 206 1139 necessaria
230 1075 272 1138 ad
289 1085 410 1138 statum
428 1083 460 1138 et
475 1073 673 1158 dignitatem
697 1073 823 1138 tuenda
841 1073 1010 1156 haberent,
1037 1098 1144 1162 neque

32 1171 116 1236 aliter
145 1175 226 1258 ipsis
257 1171 425 1258 provideri
458 1193 562 1257 posse,
595 1173 788 1257 praesertim
822 1193 924 1258 quum
954 1175 1144 1257 patrimonii

31 1293 54 1332 s.
75 1271 158 1334 Petri
183 1279 364 1356 proventus
388 1279 498 1334 essent
521 1269 620 1333 valde
644 1270 773 1353 exigui,
804 1271 868 1333 nisi
900 1292 959 1355 per
982 1269 1145 1336 boneficia

32 1369 200 1432 attributa
224 1368 266 1431 ad
292 1371 396 1432 instar
420 1367 645 1431 subsidiorum
670 1369 733 1432 rite
758 1369 923 1451 imposita.

111 1467 161 1530 20.
210 1465 379 1530 Postremo
410 1467 457 1529 ita
480 1487 533 1530 res
557 1463 709 1528 absoluta
733 1474 791 1545 est,
825 1478 861 1528 ut
888 1464 997 1552 quoad
1022 1466 1144 1552 aliqua,

30 1563 201 1649 inquibus
225 1586 339 1628 omnes
363 1563 616 1644 conveniebant,
641 1563 809 1647 generalia
826 1565 1070 1630 reformationis
1091 1567 1145 1630 de·

30 1673 111 1726 creta
133 1673 406 1748 proponerentur,
431 1661 539 1749 quoad
565 1661 630 1726 alia
647 1683 817 1726 varocum
843 1662 982 1748 singulis
1007 1666 1144 1729 nationi·

32 1759 85 1823 bns
107 1761 300 1824 concordata
323 1761 449 1842 fierent,
474 1759 595 1845 quibus
618 1760 783 1823 Martinus
799 1760 830 1822 V
855 1761 1038 1826 secundum
1063 1763 1145 1827 desi-

30 1858 114 1921 deria
143 1859 246 1922 variis
280 1859 373 1922 varia
406 1859 579 1922 concessit.
626 1857 694 1921 Ista
717 1867 828 1922 tamen
854 1857 1063 1924 Concordata
1086 1884 1145 1947 pro

25 1957 168 2041 quinque
192 1967 321 2020 tanturn
346 1959 443 2020 annis
467 1956 618 2020 confecta
641 1965 731 2037 sunt,
757 1966 789 2019 et
812 1979 927 2042 reapse
950 1959 1049 2044 paulo
1073 1970 1147 2045 post

29 2054 116 2137 plura
139 2065 218 2119 sunt
241 2065 377 2132 mutata,
402 2056 450 2118 uti
475 2055 509 2118 id
525 2051 684 2118 Romanis
701 2053 919 2120 Pontificibus
939 2055 1019 2119 utile
1036 2058 1145 2121 visum

25 2165 82 2215 est.
128 2152 167 2215 In
193 2152 334 2218 decretis
359 2153 423 2218 illis
447 2153 690 2217 reformationis
714 2173 780 2216 non
803 2175 910 2238 pauca
935 2157 1147 2219 continentur

27 2247 120 2313 valde
144 2251 239 2314 utilia
264 2250 304 2315 de
329 2254 398 2316 vita
422 2261 454 2315 et
478 2251 648 2316 honestate
674 2249 870 2315 clericorum
895 2275 934 2315 ac
952 2251 1146 2317 devitanda
1211 2311 1215 2320 .

26 2349 173 2432 simonia,
205 2359 306 2434 atque
337 2349 460 2413 abusus
493 2351 548 2435 qui
582 2358 730 2434 tempore
754 2349 942 2414 schismatis
965 2353 1026 2415 orti
1052 2365 1146 2416 erant

26 2447 139 2510 iisdem
164 2447 280 2512 aboliti
304 2457 390 2513 sunt.

111 2547 163 2611 21.
212 2546 400 2610 Concilium
425 2545 680 2610 Constanticnse
705 2544 937 2609 confirmatum
961 2545 1024 2610 fuit
1057 2551 1145 2628 (cum
1171 2543 1308 2638 ,ifmcgg’g‘lfi

22 2641 166 2725 quadam
190 2646 397 2708 restrictione
421 2646 547 2724 umen)
578 2666 599 2706 a
622 2643 765 2706 Martino
790 2641 821 2705 V
846 2652 879 2705 et
901 2642 1053 2727 Eugenio
1077 2644 1146 2727 1V;
1177 2652 1300 2690 renisum·

23 2761 88 2823 qua
112 2740 153 2804 de
177 2763 212 2803 re
236 2743 374 2806 inferius
398 2763 545 2827 agemus,
570 2739 627 2804 ubi
654 2739 695 2803 de
711 2740 851 2804 decretis
874 2743 1029 2806 sessionis
1053 2765 1147 2828 quar·

20 2850 76 2899 tae
106 2851 138 2902 et
168 2841 306 2923 quintae
330 2839 597 2924 disputabimus.
653 2837 771 2918 Quoad
808 2838 1033 2903 characterem
1067 2861 1145 2904 vero

22 2939 273 3001 oecumenicum
318 2939 389 3024 ejus
436 2937 518 3002 haec
565 2945 750 3021 opportune
796 2947 962 3002 notantur.
1019 2937 1145 3004 Solatia

20 3037 235 3116 quaestionis,
260 3044 370 3100 utrum
386 3037 494 3121 prima
517 3036 739 3098 convocatione
763 3056 823 3120 per
837 3034 859 3100 J
862 3055 1003 3099 oannem
1020 3035 1141 3100 XXIII

19 3132 130 3215 ipsum
155 3133 256 3197 fuerit
278 3133 462 3218 legitimum
479 3143 511 3196 et
525 3134 779 3196 oecumenicum
798 3131 999 3214 Concilium,
1024 3135 1148 3219 pendet

18 3251 39 3290 a
66 3233 270 3314 quaestione,
295 3241 405 3295 utrum
430 3231 578 3295 Joannes
593 3229 714 3294 XXIII
738 3229 838 3293 fuerit
862 3252 961 3294 verus
985 3242 1018 3295 et
1040 3232 1147 3316 legiti-

24 3347 100 3391 mus
123 3328 290 3396 Pontifex.
338 3329 404 3408 Qui
429 3350 505 3393 eum
530 3327 655 3391 habent
680 3336 716 3390 ut
739 3327 848 3408 talem,
874 3331 972 3393 sicuti
996 3352 1024 3396 e.
1041 3352 1072 3414 g.
1096 3330 1146 3398 Ill.

19 3425 150 3508 Hefele‚
175 3430 292 3492 merito
318 3428 556 3491 convocatione
573 3424 748 3510 Synodum
771 3426 872 3489 fuisse
889 3431 1148 3506 oecumenicam,

15 3522 200 3591 affirmant.
248 3527 330 3591 Jnre
354 3535 465 3589 alitem
490 3525 525 3588 id
549 3534 686 3610 negant,
718 3524 786 3608 qui,
816 3525 864 3586 uti
889 3546 958 3605 nos,
983 3526 1147 3591 Joannem

17 3645 91 3685 non
122 3623 247 3688 habent
277 3635 313 3688 ut
336 3623 534 3688 Pontificem
566 3624 765 3708 legitimum.
820 3622 852 3687 A
885 3623 997 3688 multis
1028 3647 1081 3688 res
1113 3627 1148 3689 in

16 3719 126 3784 dubio
150 3723 358 3809 rclInquitur.
385 3761 428 3770 -
453 3723 504 3787 Dc
528 3721 739 3786 celebratione
764 3745 806 3786 ex
832 3721 950 3786 iisdem
975 3725 1149 3810 principiis

6 3819 201 3904 judicatur.
249 3821 389 3885 Duobus
412 3823 528 3907 primis
561 3817 764 3884 sessionibus
794 3820 961 3904 praesedit
983 3821 1148 3898 Joannes;

15 3916 104 3980 dein
120 3941 139 3980 a
154 3917 303 3982 Concilio
329 3919 480 3984 discessit
504 3941 566 3982 neo
582 3916 718 4002 Synodo
743 3940 802 4004 per
826 3918 971 4002 legatum
995 3921 1148 4004 praefuit.

14 4015 167 4080 Proinde
190 4039 210 4081 a
233 4019 378 4081 sessione
402 4019 499 4081 tertia
517 4018 589 4101 jam
608 4014 831 4080 celebratione
848 4015 1036 4081 Concilium
1061 4029 1149 4082 certe

10 4118 273 4179 oecumenicum
300 4115 389 4180 haud
414 4125 492 4180 erat.
540 4115 580 4179 ln
605 4116 751 4178 sessione
781 4114 910 4178 decima
934 4125 1051 4201 quarta
1075 4137 1148 4180 cen-

8 4233 136 4277 semus
164 4214 271 4278 eidem
306 4213 455 4278 Concilio
488 4236 548 4299 per
578 4213 850 4277 convocationem
885 4211 1036 4296 Gregorii
1067 4212 1147 4295 XII,

937 4317 989 4371 20*
