2850 4834
308 451 455 506 Clementis
474 450 513 506 v1
533 445 561 503 el
579 449 755 506 Innocentius
774 450 822 505 VI.
1075 446 1125 502 167

103 597 149 661 lt.
181 594 327 662 Sollicite
351 593 505 662 Clemens
527 593 578 658 VI
607 594 791 659 Ecclesiam
815 592 1025 676 gubernavit,
1057 592 1127 656 fau-

24 709 144 780 stusque
166 694 229 758 tuit
251 696 286 758 in
310 692 462 779 plurimis
485 694 635 777 negotiis.
684 692 779 772 Quae
801 712 881 755 vero
912 701 1045 776 propter
1069 690 1127 754 hu·

28 815 146 857 manem
179 791 392 877 fragilitatem
426 793 461 855 in
501 813 539 856 eo
577 793 687 856 minus
721 788 820 855 laude
855 788 957 872 digua
991 789 1126 870 fuerint,

22 893 135 954 Auctor
152 893 239 954 vitae
256 891 384 976 primae
401 887 581 953 Clementis
603 888 693 974 apud
709 887 878 952 Balutinm
902 886 993 950 hisce
1016 894 1126 950 notat:

23 988 97 1052 Siros
111 989 242 1076 fratres,
264 998 403 1074 nepotes,
426 989 684 1072 consanpuineos,
702 987 918 1073 propinquos,
941 986 1127 1071 compatrio-

26 1099 70 1150 tas
101 1099 128 1150 et
152 1089 317 1151 servitores
349 1083 443 1150 ualde
474 1084 598 1150 dilexit.
654 1085 812 1150 Plurimos
839 1106 972 1169 namque
1004 1104 1044 1145 es
1071 1083 1126 1162 eis,

22 1187 72 1270 qui
99 1196 228 1272 tenpore
258 1206 334 1248 suae
360 1185 575 1270 promotionis
606 1194 698 1248 crant
727 1185 763 1247 in
790 1193 877 1246 statu
906 1179 1127 1259 ecclesiastico,

21 1293 71 1346 cut
94 1283 210 1346 demum
234 1304 299 1346 esse
322 1281 501 1359 coluerunt,
524 1283 560 1345 in
583 1282 660 1346 altis
683 1293 712 1346 et
734 1280 857 1367 mupnis
876 1273 1076 1366 praelaturis
1098 1288 1128 1342 et

21 1381 219 1466 dipnitatibus
249 1380 447 1462 sublimauit,
479 1379 593 1444 multos
630 1403 703 1444 uero
733 1379 939 1465 inferioribus
973 1376 1128 1461 beneficiis

17 1479 79 1562 sere
105 1479 211 1566 ubique
236 1490 393 1543 terrarum
416 1477 621 1542 existentibus
644 1479 817 1543 collocavit.
872 1476 916 1539 Et
941 1495 1129 1560 quamquam

22 1579 97 1641 inter
129 1601 181 1641 eos
214 1577 307 1641 multi
332 1576 462 1663 fuerint
485 1576 595 1640 idonei
625 1587 655 1639 et
686 1573 888 1661 sufficientes,
921 1574 996 1659 quia
1024 1582 1128 1634 tamen

23 1677 199 1762 quandoque
222 1678 311 1762 ipsos
332 1675 487 1761 praetulit
509 1677 642 1739 caeteris
663 1676 765 1762 mapis
788 1683 844 1737 aut
859 1694 955 1756 aeque
969 1667 1128 1754 sufficien-

18 1773 100 1848 tibus,
135 1773 217 1836 alios
250 1795 322 1836 uero
357 1775 402 1836 sic
428 1774 552 1859 passim
576 1783 605 1835 et
628 1772 810 1836 indistincte
844 1781 873 1834 et
899 1769 992 1854 qrsusi
1015 1765 1128 1852 ubique

17 1870 180 1946 collocarit,
196 1871 355 1955 fortassis
379 1869 504 1956 aliquid
526 1870 613 1934 ultra
636 1869 773 1934 debitum
797 1869 922 1931 cicaro
947 1877 976 1929 et
998 1865 1129 1949 sanpuis

19 1969 73 2032 sibi
92 1967 249 2032 revelasse
272 1981 444 2032 censentur.
491 1969 541 2031 De
565 1969 659 2032 laicis
687 1979 718 2031 et
740 1966 933 2054 praesertim
967 1963 1005 2027 de
1036 1961 1127 2026 domo

20 2089 69 2128 susa
86 2075 229 2152 paterna
245 2066 479 2153 prodeuntibus
502 2067 579 2152 quid
606 2066 795 2130 dicendum?
847 2062 910 2127 Suc
942 2063 1023 2125 enim
1056 2073 1128 2126 tem·

17 2187 87 2250 pore
110 2185 225 2249 suoque
239 2164 359 2249 fauore
383 2187 421 2228 cc
439 2175 574 2252 propter
597 2189 665 2228 eum
687 2164 803 2227 multus
826 2161 975 2238 diuitias,
999 2181 1128 2245 mopsos

19 2263 140 2342 reditus,
165 2261 310 2346 plurima
334 2261 487 2342 dominia,
520 2264 651 2326 bonores
682 2273 711 2327 et
743 2273 845 2327 status
877 2256 1025 2323 sublimes
1054 2273 1128 2326 sunt

20 2359 192 2423 multimode
215 2363 391 2424 consecuti:
406 2360 602 2447 fuemtntque
621 2384 683 2448 per
709 2359 885 2446 affinitates
909 2357 1130 2446 confoederati

19 2457 115 2521 insiliis
138 2467 169 2520 et
199 2459 331 2544 mnprsis.
389 2456 499 2544 Sicque
529 2459 720 2546 pencralitcr
754 2471 857 2523 actum
888 2470 950 2537 est,
983 2461 1066 2545 quod
1095 2459 1131 2522 in

18 2567 138 2642 utroque
166 2565 254 2620 stota
282 2567 358 2642 post
389 2581 457 2620 curn
487 2556 588 2620 altera
620 2579 659 2620 eu
690 2558 793 2622 modis
816 2556 996 2644 praedictis
1025 2558 1130 2642 ipsum

19 2655 253 2740 ceratinpentium
276 2665 495 2719 remanserunt
512 2655 712 2742 paucissimi,
745 2657 909 2740 quisnam
934 2654 1129 2739 mapnificen·

21 2754 88 2814 nam
110 2774 178 2815 non
201 2754 356 2816 senserint
379 2751 442 2816 sibi
464 2764 493 2816 et
515 2755 581 2817 suis
601 2755 678 2816 etin
696 2755 835 2840 posteris
859 2754 954 2816 enam
969 2751 1076 2838 fuisse
1101 2762 1131 2815 et

19 2873 72 2913 esse
100 2848 213 2914 utilem
235 2861 265 2914 et
279 2850 493 2937 fructuosam.
511 2889 553 2898 -
577 2852 649 2938 Ipse
665 2863 769 2915 tamen
782 2851 932 2935 finaliter
946 2851 1130 2934 infirmitate

14 2959 167 3032 praeatus,
191 2947 328 3028 humilis,
348 2951 516 3034 poenitens
539 2949 578 3012 de
600 2951 781 3027 commissis,
806 2950 970 3034 devoteque
995 2949 1129 3033 acceptis

19 3045 231 3109 ecclesiasticis
261 3045 475 3110 Sacramentis
506 3049 696 3112 inveritate
728 3059 757 3111 et
780 3049 959 3111 sinceritate
981 3045 1065 3130 fidei
1094 3069 1131 3108 ac

18 3147 130 3209 unitate
158 3155 287 3208 sanctae
310 3148 424 3209 matris
445 3145 619 3225 Ecclesiae,
651 3147 799 3233 spiritum
821 3146 958 3208 Domino
981 3165 1128 3207 commen·

15 3242 94 3306 darit
118 3265 207 3306 anno
231 3243 364 3306 Domini
386 3246 473 3308 1352
498 3243 550 3307 dic
572 3255 665 3308 seara
682 3246 797 3308 mensis
814 3241 1004 3319 Decembris,
1022 3242 1130 3327 ponti-

12 3341 116 3422 ficatus
138 3343 192 3406 sui
208 3365 292 3406 anno
307 3343 482 3421 undecimo,
499 3343 630 3430 fuitque
644 3341 786 3430 sepultus
802 3343 837 3405 in
860 3340 991 3405 ecclesia
1014 3340 1131 3429 majori

14 3442 232 3519 Arenionensi,
262 3440 385 3504 demum
419 3440 663 3527 transferendus
696 3441 741 3506 ad
770 3440 994 3505 monasterium
1029 3435 1129 3503 Casae

13 3539 73 3618 Dei,
97 3541 132 3602 in
161 3561 220 3624 quo
243 3539 349 3602 cicens
373 3561 463 3602 suam
480 3550 670 3625 perpetuam
693 3539 828 3625 cleperat
850 3536 1086 3624 sepulturam.¹)

92 3639 146 3705 18.
174 3637 438 3701 Innocentius
461 3637 511 3702 VI
534 3643 576 3719 (a.
594 3636 837 3724 1352-1362).
862 3675 904 3684 —
928 3636 1030 3699 Brevi
1054 3642 1128 3720 post
1143 3637 1293 3741 ¹⁰³⁰33¹³2¹=⁸

16 3749 146 3802 mortem
175 3733 354 3800 Clementis
377 3735 437 3817 VI,
462 3735 620 3801 videlicet
655 3736 708 3800 die
745 3738 805 3801 18⁰
839 3735 961 3799 mensis
989 3733 1127 3796 Decem·
1231 3730 1237 3743 '

17 3831 74 3899 bris
97 3857 128 3900 a.
159 3832 246 3898 1352
275 3832 398 3897 electus
422 3833 486 3898 luit
508 3836 709 3899 Innocentius
739 3835 791 3914 VI,
820 3844 917 3898 antea
941 3829 1130 3916 Stephanus

15 3931 166 3998 ilbertus
175 3929 334 4019 (Aubcrt)
345 3929 532 3997 Cardinslis
546 3935 721 4019 episcopus
729 3931 901 3998 Ostiensis.
927 3929 994 3994 Hic
1007 3930 1129 3992 iterum

16 4034 172 4097 severiora
182 4031 510 4116 sequenspriucipin,
526 4028 569 4094 ab
586 4031 681 4095 initio
696 4029 920 4096 restituendae
933 4026 1128 4112 disciplinas

76 4241 94 4308 ¹)
112 4237 220 4298 Bsiut,
239 4234 332 4288 Prima
349 4233 417 4288 Vita
436 4233 583 4289 Clementis
600 4233 649 4291 V1.
669 4251 693 4302 p.
714 4235 775 4291 265.
