2828 4842
294 437 442 493 Dissidium
460 455 520 492 cum
537 437 644 492 Joanue
663 439 781 507 Angliae
799 453 873 507 rege.
926 409 929 414 Ι
1088 439 1144 492 287

38 611 79 672 per
99 586 263 671 epistolam
285 584 486 648 Innocentius
501 582 562 664 III,
587 605 675 667 qiam
698 593 729 646 et
751 582 913 645 certiorem
928 581 1021 668 fecit,
1044 604 1143 666 repno

39 709 87 746 run
107 707 166 748 suo
190 684 335 768 deinceps
352 682 597 768 praepotentius
622 703 714 765 quom
738 691 833 744 anteo
843 682 1032 765 potiturum,
1056 689 1091 744 ut
1106 681 1145 742 in.

36 787 106 868 ujus
137 781 217 846 solio
249 802 313 844 non
340 781 429 866 nepio
460 789 582 842 tantum
610 779 667 842 sed
697 789 727 841 et
754 779 921 861 Pontificio
952 781 1141 844 auctoritate

35 881 264 963 carnfirncuretur.
293 879 393 956 „Ecce
417 875 582 942 sublimius
606 887 636 940 et
658 876 794 940 solidius
817 900 900 940 nunc
923 876 1042 940 obtines
1065 879 1141 963 ipsa

34 1001 122 1062 repra,
155 1002 247 1064 quum
279 978 426 1040 hactenus
456 975 638 1058 obtinueris,
668 999 761 1060 quum
783 979 855 1064 jam
879 974 1074 1038 sacerdotale
1097 976 1144 1038 sit

34 1099 142 1158 repnum
166 1087 196 1138 et
217 1075 429 1138 sacerdotium
452 1075 494 1138 sit
516 1073 656 1160 repulef‘
702 1075 744 1136 Et
775 1095 852 1136 sane
878 1073 1044 1159 pontificia
1068 1083 1141 1138 tunc

28 1185 168 1256 potestate
203 1185 233 1237 et
261 1173 405 1236 Boram
434 1171 570 1259 Anplice
606 1173 650 1236 od
679 1175 762 1256 repis
792 1171 970 1256 obsequium
1001 1174 1143 1236 reuocati

32 1285 98 1346 eunt,
128 1285 158 1336 et
187 1273 327 1357 receptu
357 1273 492 1334 cecinere
517 1271 645 1348 Franci,
676 1273 730 1355 qui
757 1293 870 1356 mapno
887 1274 960 1359 jam
984 1294 1023 1334 ecc
1041 1282 1141 1357 porte

32 1371 164 1452 ,inplicat
189 1373 384 1434 invaserant.
409 1407 452 1416 —
477 1367 515 1434 Si
538 1371 716 1432 accuratius
730 1391 831 1454 porro
849 1371 1051 1432 eaemrianmr
1074 1370 1138 1454 epi-

32 1466 113 1530 cclcc
150 1489 257 1532 omnes
292 1469 384 1556 liujus
408 1467 580 1550 Pontificis,
616 1477 646 1529 et
670 1466 746 1530 illae
769 1468 870 1552 ipsae,
894 1467 948 1530 ubi
971 1467 1143 1532 donationi

32 1569 196 1644 assantur,
223 1568 449 1654 profiteturque
474 1569 652 1631 Romanam
685 1565 845 1631 ecclesiam
876 1565 1045 1652 temporali
1066 1570 1144 1654 jam

31 1665 230 1729 dominatione
260 1665 411 1750 Anpliae.
431 1665 664 1750 Hiberniaeque
702 1666 902 1752 pooisuram:
946 1663 1030 1728 illud
1060 1688 1137 1728 com·

29 1765 162 1844 periclem,
198 1765 351 1828 attentius
380 1775 409 1827 et
438 1763 618 1848 relipiosins
642 1787 711 1826 eum
734 1765 858 1850 eripere
882 1787 903 1827 a
924 1787 994 1848 repe
1019 1775 1048 1825 et
1071 1785 1138 1826 suc-

30 1862 188 1924 ‹asoribas
220 1867 288 1950 ejus
316 1859 377 1925 illa
408 1863 482 1947 ipsa
507 1861 670 1947 obsequia,
705 1885 784 1946 quae
809 1872 838 1924 et
857 1864 951 1947 prius
974 1863 1140 1947 caepisset,

30 1961 146 2023 torendoc
186 1959 364 2038 Ecclesiae,
404 1961 659 2046 propupnandae
702 1959 930 2024 ecclesiasticae
969 1959 1140 2038 libertatis,

36 2055 149 2120 beandi
172 2069 297 2122 strenue
322 2059 422 2143 officii
445 2062 511 2146 ejus
535 2059 590 2144 qui
613 2060 777 2144 episcopus
807 2060 848 2122 sit
876 2056 1031 2120 Ecclesiae
1055 2068 1134 2120 ente-

29 2157 118 2218 trrior.
143 2208 152 2220 .
179 2205 187 2219 .
213 2204 221 2218 .
252 2156 352 2241 Usque
377 2157 456 2219 adeo
482 2179 551 2220 vcro
575 2167 692 2220 certum
715 2165 770 2235 est,
794 2179 908 2219 novam
930 2155 1021 2219 illam
1044 2179 1141 2240 quom

29 2251 157 2318 lestines
181 2253 323 2318 subierat
345 2255 510 2317 Romanae
533 2255 694 2318 Ecclesiae
717 2256 751 2318 in
774 2254 925 2340 Anpliam
948 2254 1137 2317 dominatio·

30 2373 92 2428 rans,
127 2375 194 2415 non
225 2353 260 2414 in
290 2353 356 2416 alio
383 2354 524 2438 positam
551 2353 668 2437 fuisse,
707 2377 800 2438 quam
835 2357 869 2417 in
899 2353 1015 2416 tributo
1050 2353 1139 2416 mille

31 2452 135 2532 arpenti
158 2474 348 2534 marcarum,
372 2462 407 2514 ut
431 2474 498 2514 cum
521 2452 553 2514 in
574 2449 714 2516 Concilio
732 2451 936 2538 Lupdunensi
950 2472 1034 2514 anno
1049 2453 1139 2516 1245

32 2546 110 2610 inulto
133 2548 376 2635 expostularent
404 2548 554 2613 Oratores
576 2549 675 2633 Anpli
704 2549 742 2612 de
767 2547 846 2612 Sede
870 2548 1066 2635 Apostolica,
1098 2551 1136 2614 de

31 2641 144 2707 terminio
170 2656 201 2708 et
225 2657 420 2710 sacramento
441 2646 524 2731 fidei
547 2647 672 2710 verbum
694 2647 836 2734 fecerint
858 2647 990 2726 nullum,
1022 2650 1057 2712 in
1081 2651 1136 2712 tri·

32 2738 116 2806 lotum
138 2743 227 2806 illud
249 2745 340 2808 modo
363 2747 502 2830 praviter
525 2746 683 2826 conntoti,
715 2747 799 2830 quod
821 2746 967 2810 Joannes
992 2768 1051 2808 rea·
1075 2745 1135 2808 bel-

32 2837 111 2902 brum
135 2842 217 2905 mole
241 2854 270 2905 et
295 2843 427 2906 tumultu
450 2864 637 2929 suppressus
660 2843 814 2926 subiisset,
838 2845 874 2907 in
896 2845 980 2929 quod
1003 2845 1137 2930 denique

32 2940 101 3021 rape
120 2934 252 3004 comitia
275 2963 433 3026 nunquam
456 2942 726 3022 consensissent.1)

103 3073 150 3138 74.
200 3073 344 3137 Adverti
375 3074 510 3160 quidem
544 3095 585 3136 ex
615 3073 718 3137 altera
747 3084 839 3158 parte
877 3084 1002 3160 potest,
1043 3074 1133 3139 haud
1157 3090 1310 3132 ncommods

33 3169 165 3234 omnibus
184 3172 258 3258 jam
285 3195 324 3235 ea
347 3181 454 3236 aetate
478 3172 580 3235 fuisse
604 3171 694 3234 illam
719 3171 796 3234 fidei
822 3171 1042 3255 devotionem,
1068 3195 1134 3258 qua

32 3265 171 3346 rjusmodi
196 3293 219 3332 a
234 3267 319 3333 Sede
335 3269 526 3356 Apostolica
550 3269 805 3354 dependentium
831 3268 947 3334 honori
964 3271 1133 3352 ducerent,

33 3377 56 3423 et
75 3367 154 3450 apud
178 3369 349 3453 principes
372 3369 494 3453 passim
526 3390 560 3431 se
589 3351 825 3431 manifestasse
843 3368 1058 3450 tendentium,
1099 3379 1135 3433 ut

34 3481 194 3544 regnasua
222 3468 319 3529 etiem
345 3465 512 3550 legitimae
532 3467 756 3530 Romanorum
773 3467 971 3531 Pontificum
995 3469 1134 3531 auotori-

35 3563 78 3622 nti
92 3562 330 3628 subtraherent.
354 3565 528 3628 Praeterea
544 3587 637 3650 reges
653 3566 710 3651 qui
734 3575 828 3628 erant
850 3564 1036 3647 feudatnrii,
1062 3587 1132 3650 ege·

36 3653 96 3722 bant
117 3683 280 3726 consensu
305 3662 376 3747 ejus
400 3663 494 3748 cujus
518 3675 612 3726 erant
636 3661 762 3747 vasalli,
795 3666 831 3726 ut
853 3684 993 3748 regnum
1026 3675 1059 3726 et
1082 3685 1132 3726 oo-

36 3775 125 3821 mnam
148 3761 350 3845 acciperent,
379 3761 528 3846 adeoque
550 3760 656 3846 gradu
680 3760 824 3846 quodam
848 3761 1019 3826 inferiores
1042 3762 1133 3825 vide.

38 3847 132 3919 lentur
161 3857 239 3939 illis,
271 3879 414 3951 quorum
443 3881 545 3943 regna
574 3857 679 3922 libera
710 3867 812 3923 erant.
859 3859 930 3923 Etsi
954 3861 1056 3943 igitur
1079 3860 1132 3924 'de-

39 3953 189 4030 pendentia
214 3981 234 4020 a
249 3955 335 4022 Sede
352 3956 544 4042 Apostolica
567 3966 600 4020 et
623 3959 771 4021 intimior
794 3979 869 4020 cum
895 3979 933 4020 ea
958 3957 1136 4040 connexio,

42 4109 221 4126 '’q———u-a

95 4221 111 4284 Ι)
126 4220 300 4290 Τὴοωωείπῐ,
320 4221 476 4290 Disciplina,
495 4223 525 4276 P.
544 4223 596 4278 III.
614 4222 645 4278 L.
664 4223 686 4278 I.
707 4239 726 4276 c.
748 4223 861 4278 XXXII.
881 4239 926 4278 uu.
945 4225 996 4278 45.

1179 3145 1277 3195 objectu.
1383 3203 1384 3209 ἵ
