2964 4838
471 437 646 492 Innocentius
665 437 742 491 VlIl.
1117 437 1169 490 441

54 580 184 666 aliisque
193 584 305 664 regnis
315 602 374 667 pro
385 580 580 646 muneribus
590 579 825 654 honorificisjn
843 579 962 644 militie
975 577 1166 644 obtinendis
1199 584 1319 623 ”mn

54 701 72 741 a
103 677 267 746 nobilibus
304 677 467 764 gubernio
507 680 649 764 pecunia
687 679 768 744 satis
813 675 925 763 ampla
963 676 1164 742 solvebatur.
1202 646 1312 686 mm

55 776 226 842 Habebunt
247 789 358 843 sutem
383 777 438 842 illa
462 798 601 842 munera
625 789 805 861 proventus
829 797 905 840 euos
928 774 982 840 vel
1003 777 1167 862 exipsius

55 875 201 952 muneris,
226 897 254 939 e.
277 897 310 960 g.
335 877 517 940 notariatus
541 873 662 955 indole,
695 874 748 939 vel
770 874 976 960 frequentius
999 876 1168 959 assignata

52 983 116 1036 erat
152 971 276 1036 talibus
313 971 432 1037 officiis
471 993 548 1058 pars
588 971 701 1057 aliqua
738 983 952 1051 annotarem,
1002 981 1167 1050 taxarum,

51 1069 229 1134 aliorumve
266 1070 476 1150 tributorum,
515 1071 562 1134 ita
597 1079 633 1134 ut
665 1071 723 1155 qui
750 1069 831 1135 talis
859 1071 971 1134 officie
999 1069 1053 1133 vel
1087 1069 1170 1133 tales

50 1166 156 1232 titulos
169 1179 333 1251 emerent,
348 1191 369 1232 a
380 1167 544 1252 gubernio
560 1169 754 1252 pensionem
769 1167 949 1253 quemdam
963 1165 1017 1230 vel
1033 1187 1169 1230 censum

50 1287 194 1330 annuum
209 1265 405 1332 obtinerent
431 1264 642 1331 Gubernium
654 1265 812 1330 videlieet
823 1265 875 1330 vel
886 1286 1019 1330 camera
1033 1265 1170 1350 Aposto-

50 1362 110 1428 liee
133 1385 191 1448 pro
216 1363 337 1446 talibus
361 1364 580 1449 pensionibus
592 1363 786 1448 assignabat
799 1375 926 1449 partem
940 1365 1169 1448 pecuniarum,

48 1483 130 1546 quoe
168 1484 211 1528 ex
249 1463 384 1526 eunetis
414 1473 448 1525 et
478 1464 567 1528 taxis
598 1460 651 1525 vel
690 1483 732 1526 ex
764 1461 897 1526 tributis
929 1460 1099 1525 indirectis
1138 1471 1171 1524 et

49 1557 183 1642 gabellis
203 1559 457 1644 proveniebant.
480 1559 588 1624 Erunt
603 1561 704 1643 igitur
728 1560 785 1644 qui
801 1557 880 1622 tolia
896 1557 1007 1624 officie
1021 1569 1171 1622 emerant

47 1657 216 1722 creditores
239 1658 405 1741 guberuii,
430 1658 486 1743 qui
500 1679 558 1744 pro
583 1659 652 1722 suis
677 1659 829 1741 pecuniis
852 1656 967 1722 solutis
990 1657 1171 1741 quotannis

49 1776 181 1820 censum
205 1755 424 1841 recipiebant,
448 1755 517 1820 fere
541 1757 589 1818 uti
613 1777 705 1820 nosne
719 1754 848 1820 luorum
863 1777 906 1818 ex
923 1763 1036 1818 mutuo
1053 1753 1169 1837 guber-

48 1854 110 1916 niis
132 1855 291 1938 praestito
313 1855 483 1937 recipitur,
507 1855 662 1939 quamvis
686 1852 838 1938 ampliori
854 1854 992 1918 ratione.
1026 1850 1169 1931 Quando

47 1961 154 2016 autem
167 1951 347 2017 Pontifices
372 1951 490 2036 majori
513 1951 625 2037 aliquo
640 1953 803 2036 pecuniae
817 1973 947 2016 summa
964 1947 1169 2034 indigebant,

47 2071 71 2114 e.
94 2071 127 2133 g.
160 2071 219 2134 pro
244 2049 356 2136 aliqua
380 2049 593 2134 expeditione
617 2047 747 2127 bellica,
781 2047 870 2114 houd
895 2069 968 2113 raro
993 2046 1169 2132 collegium

48 2147 210 2229 integrum
235 2167 398 2212 novorum
423 2147 609 2212 officiorum
634 2146 801 2223 creabant,
826 2169 912 2232 quae
932 2146 1043 2212 officia
1059 2148 1169 2232 potius

45 2255 140 2308 erant
163 2243 280 2310 titulus
304 2245 452 2331 quidem,
476 2247 533 2330 qui
559 2246 617 2331 jus
641 2243 799 2309 dabated
818 2255 941 2310 certam
966 2246 1170 2330 pensionem.

48 2341 96 2406 Ex
113 2341 321 2428 emptoribus
344 2343 475 2408 illorum
500 2343 686 2408 officiorum
711 2353 791 2406 tuno
815 2342 1016 2427 colligebant
1038 2344 1169 2428 copiam

47 2442 209 2524 pecuniae
241 2461 308 2527 qus
338 2440 545 2528 indigebant,
580 2443 678 2506 sicuti
708 2463 798 2506 nuuc
825 2441 991 2526 gubernio
1020 2449 1170 2504 mutuom

44 2548 183 2604 sumunt
205 2539 429 2625 pecuniam.¹)

77 2695 260 2704 -u--a—--„

116 2781 138 2840 ¹1
158 2779 247 2846 Quum
266 2779 320 2833 iste
339 2779 438 2848 agendi
458 2779 532 2834 ratio¹
550 2779 651 2832 elerius
680 2793 699 2830 a
716 2777 850 2846 Leopoldo
870 2777 967 2832 Renke
991 2777 1169 2837 describetur.

44 2865 102 2936 ejus
125 2861 185 2930 jam
210 2862 405 2930 expositionem
429 2859 601 2926 subjicimus:
630 2859 766 2925 .Quetque
790 2859 864 2912 droit
882 2857 958 2925 qu’on
978 2857 1020 2911 eit
1038 2873 1071 2912 eu
1091 2859 1123 2911 de
1141 2873 1170 2911 ee

45 2944 168 3012 pluindrc
188 2943 234 2998 des
252 2943 392 2998 exactione
411 2943 443 2996 de
462 2942 491 2996 le
509 2957 573 2996 oour
591 2942 624 2997 de
642 2941 726 2994 Roma
753 2941 875 3008 pendant
897 2940 924 2993 le
946 2939 1011 2993 Xlle
1033 2939 1122 3004 siecle,
1149 2938 1170 2992 il

43 3027 105 3082 ient
124 3039 227 3078 avoner
245 3023 397 3092 cependant
414 3037 466 3090 que
484 3037 538 3090 pen
561 3021 595 3076 de
619 3020 698 3076 chose
722 3021 758 3075 du
777 3021 887 3088 produit
905 3019 1023 3074 arrivait
1045 3021 1113 3074 (lans
1132 3020 1171 3074 les

43 3109 131 3162 mains
142 3107 179 3161 dn
190 3121 266 3172 pepe.
285 3104 419 3174 L'ergent
431 3101 549 3157 arrivait
562 3105 578 3155 e
592 3101 618 3156 la
630 3117 695 3156 oour
713 3139 720 3154 .
735 3146 741 3158 .
756 3142 762 3152 .
782 3117 816 3156 en
834 3117 948 3156 summes
958 3100 1170 3168 consideration

43 3187 111 3239 mais
132 3186 152 3248 il
171 3185 271 3239 filtreit
289 3200 339 3251 per
357 3183 431 3238 mille
451 3199 555 3237 eenaux
575 3182 673 3236 divers.
711 3182 735 3236 ll
763 3182 834 3236 eteit
857 3180 969 3236 absorbe
994 3187 1103 3235 surtout
1122 3197 1171 3250 per

42 3268 82 3322 les
110 3265 224 3334 emplois
253 3266 332 3331 qu'on
362 3263 439 3318 eveit
466 3269 591 3317 contume
619 3262 651 3315 de
670 3261 771 3316 vendre
799 3262 893 3328 depuis
921 3261 1082 3329 longtemps.
1120 3261 1171 3315 Ges

40 3347 157 3415 emplois
174 3361 243 3414 pour
261 3346 288 3398 lc
306 3344 418 3412 plnport
435 3343 541 3398 eteient
559 3342 654 3396 londes
666 3342 771 3396 sordes
784 3342 870 3395 droits
883 3339 916 3394 de
928 3341 1018 3395 ossuel
1028 3357 1062 3395 ou
1074 3342 1170 3408 epicos.

41 3427 84 3482 On
108 3426 189 3482 oveit
217 3425 297 3482 luisse
320 3431 382 3492 trop
410 3424 444 3478 de
464 3424 513 3490 jeu
531 3427 549 3476 a
567 3421 719 3478 l’indnstrie
737 3422 784 3478 dos
802 3421 1023 3482 fonctionnaires,
1048 3421 1123 3476 sossi
1146 3421 1171 3476 le

42 3521 113 3574 pape
141 3506 205 3560 n'en
222 3505 334 3560 retirait
352 3505 411 3558 rien
431 3520 482 3570 que
507 3504 532 3557 le
560 3503 672 3572 prinde
703 3503 730 3556 la
758 3509 839 3556 vente
864 3501 982 3568 lorsque.
995 3502 1034 3556 les
1060 3499 1171 3570 emplois

38 3585 151 3640 etaient
170 3591 290 3639 vacante.
304 3613 335 3624 -
350 3583 388 3638 Le
401 3599 470 3652 pepe
480 3581 617 3637 voulaitil
631 3583 789 3650 procedere
802 3597 855 3635 une
868 3582 1018 3650 entreprise
1033 3584 1170 3648 cotteuse,

41 3668 59 3720 il
80 3667 121 3720 lui
142 3666 233 3720 lellait
252 3665 479 3720 neeesseirement
497 3663 530 3718 de
548 3662 687 3717 norrvelles
706 3676 857 3716 ressonrces
871 3661 1107 3718 extraordinaires.
1123 3700 1128 3712 .
1143 3701 1170 3716 ..

40 3747 64 3800 ll
84 3747 194 3800 n'avsit
212 3761 308 3800 encore
327 3750 370 3811 qu'
390 3747 407 3797 t
426 3747 500 3798 creor
517 3745 551 3798 de
569 3757 714 3798 nouveeux
733 3742 853 3810 emplois,
881 3742 901 3796 il
927 3743 997 3796 eteit
1015 3743 1062 3796 sllr
1080 3743 1113 3795 de
1132 3743 1171 3796 les

42 3828 154 3882 vendre.
186 3825 339 3895 Singuliere
357 3828 450 3893 espece
467 3826 627 3893 d'cmpruut,
647 3824 714 3878 dont
732 3822 847 3891 l'Egliee
859 3823 1007 3890 ecquittait
1018 3822 1171 3877 fidelement

42 3907 81 3961 les
100 3907 219 3962 intereos
236 3921 270 3960 en
289 3911 472 3976 augmentent
490 3905 529 3960 les
549 3911 634 3964 mres.
757 3903 865 3972 D‘apres
888 3919 925 3958 un
949 3903 1066 3974 registre
1093 3903 1126 3956 de
1144 3902 1171 3956 le

39 3988 149 4042 maison
164 3987 253 4056 ctigi,
273 3987 323 4054 ily
337 3994 385 4042 eut
404 4001 437 4039 en
457 3984 560 4040 l'onnee
575 3985 642 4040 1471
663 3983 777 4039 environ
790 3985 842 4038 ‘loll
861 3983 971 4050 emplois
986 3999 1093 4037 venaux
1105 3982 1172 4038 dont

40 4085 76 4122 on
97 4065 222 4122 evoluait
247 4066 272 4121 le
298 4082 399 4121 revenu
419 4065 530 4120 environ
551 4067 567 4117 t
589 4065 693 4120 100000
711 4065 794 4118 scudi.
833 4063 869 4117 Oe
890 4069 953 4116 sont
977 4077 1091 4130 presque
1110 4069 1171 4115 tous

40 4150 89 4202 des
109 4153 308 4216 procuratores,
337 4147 383 4201 des
402 4154 572 4211 correctores,
601 4145 647 4199 des
670 4144 872 4216 registratores,
900 4144 946 4196 des
971 4143 1099 4205 nonime,
1125 4142 1171 4195 des

38 4229 187 4292 ecrivams,
216 4230 301 4282 meme
325 4228 372 4281 des
396 4233 577 4284 courcurs,ct
599 4225 645 4279 des
669 4223 794 4294 portiers.
830 4223 916 4277 Leuis
941 4223 1113 4290 occupatione
1137 4235 1174 4275 ne
