2828 4842
379 469 420 524 De
433 467 618 524 waldensium
638 467 751 523 haeresi.
1073 467 1126 522 343

50 613 106 676 serti
127 615 254 695 curavit,
284 613 421 698 ejusque
444 611 619 676 lectionem
644 610 843 698 sequacibus
872 613 940 675 suis
965 633 1127 674 commen-

48 709 128 774 dabat.
173 708 210 774 Iu
238 709 362 774 abusus
386 709 627 774 ecclesiasticos
653 730 840 795 pravosque
863 707 1057 773 clericorum
1088 731 1127 772 ac

46 807 245 872 nonachorum
268 830 376 872 mores
399 811 521 871 acriter
542 817 642 892 atque
657 806 872 871 vehementer
896 806 1127 871 invehebatur.

45 905 89 968 Eos
108 909 157 992 qui
181 905 385 970 sermonibus
417 907 486 970 suis
516 903 679 990 parebant
708 904 894 990 colligebat,
927 928 966 968 ac
991 905 1067 968 dein
1092 906 1125 970 in

43 1003 161 1077 regiones
183 1003 345 1088 Lugduuo
364 1006 493 1068 vicinas
517 1001 704 1087 ablegabat,
730 1002 959 1067 comprendato
977 1002 1041 1066 iliis
1057 1003 1128 1066 sine

42 1123 115 1164 senus
135 1125 172 1165 ac
195 1101 392 1166 conditionis
416 1101 608 1166 discrimine
624 1100 882 1186 praedicationis
897 1101 1016 1166 officio.
1043 1098 1127 1164 Cum

41 1200 77 1261 isti
96 1221 199 1263 omnes
221 1199 264 1263 ad
288 1201 440 1283 magistri
465 1202 515 1264 sui
541 1197 711 1284 exemplar
726 1200 829 1262 vitam
854 1210 990 1282 agerent
1013 1198 1056 1263 ad
1080 1201 1128 1262 in-

40 1299 193 1378 tegritatem
217 1319 345 1362 morum
370 1297 515 1362 effictam
539 1307 638 1382 atque
663 1298 889 1382 compositam,
923 1298 1009 1360 tritis
1032 1298 1127 1360 vesti·

39 1393 139 1459 lassad
160 1393 241 1458 talos
264 1394 419 1481 pendulis
443 1405 623 1475 uterentur,
656 1394 819 1480 prolixam
854 1393 992 1458 barbam
1023 1403 1127 1480 porta·

38 1505 97 1573 rant
118 1493 294 1557 seminudis
318 1492 461 1578 pedibus
486 1492 688 1574 incederent,
713 1515 872 1556 numerus
896 1514 1008 1556 eorum
1035 1492 1128 1556 brevi

37 1607 154 1676 tempore
177 1603 293 1655 anctus
317 1602 375 1655 est.

102 1719 150 1782 34.
183 1717 294 1798 Quum
327 1737 405 1780 vero
437 1717 553 1780 Petrus
576 1714 697 1780 Waldo
730 1715 867 1801 ejusque
890 1725 1048 1799 sequaces
1072 1736 1298 1800 pomponam,

35 1811 122 1895 pulum
150 1813 192 1878 ab
223 1813 391 1878 audienda
422 1837 588 1878 sacrorum
622 1815 846 1877 ministrorum
880 1811 1127 1898 praedicatione

35 1911 196 1991 :uellereun
229 1925 261 1976 et
286 1915 319 1976 in
344 1935 491 1976 errorum
525 1911 702 1976 discrimen
733 1911 947 1990 adducerent,
981 1911 1128 1975 Joannes

33 2008 277 2095 archiepiscopus
301 2009 538 2093 Lugdunensis
575 2031 630 2074 eos
660 2009 918 2094 praedicationis
946 2011 1128 2073 ministerio

34 2107 189 2174 interdixit.
236 2106 288 2172 Illi
315 2130 392 2171 vero
418 2108 593 2172 interdicto
627 2108 763 2171 minime
794 2117 984 2192 paruerunt,
1016 2118 1048 2171 ot
1071 2106 1127 2170 ali-

12 2217 91 2288 Ἰιμιοῑ
111 2209 196 2270 viros
220 2229 237 2269 c
262 2208 330 2270 suis
355 2207 492 2270 Romam
520 2208 689 2284 miserunt,
715 2207 770 2292 qui
795 2205 836 2269 ab
861 2204 1053 2269 Alexandro
1077 2204 1128 2269 ΙΙΙ

32 2316 156 2384 petuam
186 2304 355 2368 licentiam
389 2304 605 2389 praedicandi
638 2327 677 2368 ac
710 2303 841 2388 legendi
873 2327 897 2368 s.
924 2303 1129 2388 Scripturam

31 2401 54 2462 iu
73 2400 177 2486 lingua
194 2401 342 2486 vulgari3
368 2402 512 2465 sedeam
530 2403 666 2465 minime
684 2403 912 2488 impetrarunt.
935 2401 1061 2465 Lucius
1078 2399 1128 2464 111

30 2519 70 2558 ms
90 2521 171 2562 anno
204 2500 289 2562 1184
324 2501 630 2563 excommunicavit
662 2522 736 2563 cum
768 2500 842 2565 aliis
873 2499 1058 2578 haereticis,
1091 2520 1128 2562 eo

31 2596 98 2678 (prod
128 2599 198 2660 sine
230 2598 386 2660 missione
417 2595 587 2660 Ecclesiae
623 2597 762 2661 verbum
792 2598 856 2661 Dei
888 2597 1128 2683 praedicarent.

29 2693 80 2755 rub
101 2694 293 2760 innocentio
312 2695 363 2758 llI
387 2694 496 2758 denuo
521 2694 563 2759 de
586 2695 628 2759 iis
651 2705 762 2758 actum
782 2705 840 2774 est,
866 2697 957 2781 isque
983 2716 1129 2780 compro-

30 2787 101 2854 larit
122 2813 233 2856 eorum
260 2791 462 2856 desiderium
484 2793 574 2856 vitae
598 2793 779 2874 strictioris,
805 2792 863 2856 sed
880 2794 1128 2878 usurpationem

30 2891 176 2954 ministerii
202 2889 471 2976 praedicationis,
505 2899 730 2976 contemptum
756 2893 962 2976 superiorum
987 2903 1019 2953 et
1041 2912 1127 2953 arro·

28 2991 148 3066 galatiam
188 3008 302 3052 eorum
341 2989 542 3073 perstrinxit,
606 2987 741 3053 Studuit
773 2998 883 3053 autem
923 2988 1129 3070 benignitate

28 3083 146 3164 quadam
171 3107 228 3150 eos
252 3085 295 3150 ad
320 3085 503 3150 Ecclesiam
528 3086 697 3165 reducere,
732 3097 873 3150 stanno
901 3089 986 3150 1212
1010 3109 1128 3171 appro-

28 3177 99 3244 lavit
114 3185 269 3248 unionem
287 3205 344 3246 seu
362 3185 652 3267 congregationem
672 3183 858 3270 Pauperum
879 3183 1126 3266 catholicorum,

27 3279 101 3361 cujus
123 3283 197 3344 finis
222 3293 302 3358 erat,
328 3292 364 3344 ut
384 3279 580 3345 Waldenses
605 3303 718 3346 omnes
742 3283 818 3346 cuin
841 3282 992 3346 Ecclesia
1016 3304 1127 3346 recou-

27 3375 205 3442 ‹·iliarentur.
253 3377 320 3442 Sed
337 3381 490 3463 quamvis
513 3378 577 3443 hac
592 3382 720 3444 ratione
742 3379 852 3465 plures
876 3380 918 3444 ad
943 3379 1129 3464 Ecclesiam

28 3473 156 3554 redirent,
179 3479 330 3540 maxima
347 3489 458 3541 tamen
475 3499 588 3541 eorum
599 3459 685 3562 ,pars'
699 3480 841 3564 perstitit
855 3479 889 3542 in
906 3477 1129 3542 obstinatione

27 3577 149 3638 sectariis
185 3577 337 3660 propria;
376 3575 658 3639 continuaverunt
690 3575 848 3640 videlicet
882 3576 1021 3640 verbum
1062 3575 1127 3640 Dei

28 3671 205 3753 praedicare,
230 3671 465 3736 conventicula
490 3671 623 3754 habere,
653 3684 685 3737 et
707 3674 849 3738 formare
874 3675 1128 3738 communitates

27 3783 177 3850 separatas.
231 3771 342 3856 Atque
366 3793 408 3834 ex
434 3793 471 3834 eo
503 3781 649 3856 tompore
674 3771 790 3856 (1215)
821 3775 856 3837 in
880 3772 1024 3836 schisma
1048 3774 1126 3836 inci-

27 3859 130 3932 derunt.
178 3867 291 3947 Quum
316 3869 349 3931 iu
374 3867 518 3932 dioecesi
543 3869 761 3953 Lugdunensi
782 3871 853 3954 jam
870 3891 935 3934 non
953 3869 1126 3934 toleraren-

27 3973 72 4029 tur,
93 3987 122 4028 se
143 3975 344 4051 receperunt
372 3967 405 4029 in
438 3965 658 4048 Occitaniam,
690 3966 748 4030 ubi
773 3989 838 4032 non
864 3971 973 4032 minus
1002 3989 1042 4030 ac
1068 3967 1126 4032 Ca·

27 4056 90 4124 tiurri
112 4087 129 4126 a
151 4063 306 4147 dynastis
341 4063 613 4148 protegebantur3
646 4065 680 4129 in
706 4065 904 4150 Hispaniam
941 4088 1071 4152 quoque
1096 4079 1129 4130 et

28 4153 130 4225 ltaliam
155 4161 269 4226 diffusi
295 4172 382 4228 sunt.
