2850 4834
306 427 358 482 168
504 427 621 485 XXXII.
641 428 680 482 De
698 427 874 482 Pontificibus
892 429 1032 484 avenione
1051 429 1226 484 commoratio.

303 581 337 635 et
372 571 602 636 reformandae
643 569 764 636 Curiae
794 574 944 636 animum
975 569 1154 658 applicuit,
1186 559 1412 654 beneficiorum}

304 669 517 734 commendas
541 669 682 752 sustulit,
708 669 795 756 quod
827 691 940 734 earum
971 671 1145 734 occasione
1178 668 1282 734 divini
1309 669 1412 748 cultus,

302 767 468 852 majestas,
499 770 687 832 animarum
713 789 793 831 cura
817 777 850 830 et
873 767 1089 832 ecelesiarum
1108 767 1188 852 jura
1211 761 1412 854 negligebas-l

302 875 373 946 tur,
398 864 553 950 praelatis
576 865 716 950 aliisque
741 864 963 930 beneficiariis
987 867 1021 930 in
1046 867 1139 929 curia
1162 865 1330 951 agentibus
1349 865 1394 928 sub

302 985 410 1048 poena
434 965 790 1028 excommunicationis
813 964 957 1028 reditum
981 964 1025 1028 ad
1049 986 1126 1027 suas
1141 963 1295 1028 ecclesias
1316 973 1343 1026 et
1361 985 1412 1034 rer

304 1060 481 1126 sidentiam
506 1061 690 1126 secundum
715 1083 859 1125 canones
890 1063 1082 1147 imperavit,
1116 1061 1248 1142 volens,
1276 1073 1311 1124 ut
1337 1055 1412 1124 oresl

302 1183 323 1225 a
354 1159 542 1245 pastoribus
582 1182 648 1224 non
681 1181 760 1224 vero
792 1183 812 1222 a
843 1161 1060 1224 mercenariis
1090 1167 1310 1244 pascerentur.
1350 1157 1397 1219 lm-

302 1280 424 1345 pensas
447 1267 480 1321 et
501 1257 663 1322 familiam
688 1259 818 1337 minuit,
850 1257 1004 1341 idemque
1036 1255 1272 1321 Cardinalibus
1302 1249 1412 1320 facien*

303 1357 384 1420 dum
414 1358 535 1438 suasit,
569 1365 606 1418 ut
629 1355 784 1420 omnibus
808 1356 1003 1436 severitatis,
1029 1354 1210 1418 modestiae
1241 1363 1273 1417 et
1298 1355 1396 1416 miseri·

303 1453 436 1517 cordiae
460 1452 649 1538 exemplum
673 1463 791 1518 essent.
840 1450 932 1517 Sacri
956 1452 1076 1517 Palatii
1105 1474 1163 1516 seu
1196 1451 1299 1516 Rotae
1327 1451 1398 1514 audi·

303 1549 441 1632 toribus,
470 1553 527 1636 qui
551 1551 712 1615 hactenus
736 1551 839 1616 officii
864 1552 915 1615 sui
946 1549 1111 1614 fructibus
1143 1549 1397 1614 sustentabantur.

191 1723 195 1730 ⁴
304 1650 469 1736 stipendia
501 1651 687 1730 constitnit,
721 1671 762 1714 ne
794 1652 828 1713 in
865 1648 1083 1713 decernendis
1123 1657 1156 1712 et
1186 1645 1398 1732 componendis

305 1750 413 1812 causis
437 1747 631 1812 muneribus
655 1757 952 1833 corrumperentur.
984 1784 1027 1793 -
1060 1744 1241 1830 Aegidium
1265 1745 1398 1809 Albemo

302 1847 386 1910 tium
412 1845 601 1930 Hispanum
627 1844 840 1910 Cardinalem
865 1847 900 1908 in
924 1843 1056 1908 Italiam
1077 1842 1120 1907 ad
1135 1841 1333 1907 coercendas
1353 1853 1399 1902 tur·

303 1943 363 2008 bas
387 1956 419 2007 et
443 1943 681 2008 restituendam
706 1943 919 2008 concordiam
942 1941 1087 2027 legavit,
1120 1942 1214 2026 isque
1245 1963 1305 2004 sua
1332 1939 1398 2002 forti·

302 2041 436 2123 tudine,
473 2043 660 2106 constantia
692 2052 725 2105 et
755 2041 932 2126 prudentia
962 2039 1118 2104 factiosos
1148 2041 1183 2104 in
1214 2038 1296 2103 urbe
1319 2038 1400 2101 Roma

303 2150 336 2203 et
358 2142 521 2204 territorio
546 2140 716 2204 Romanae
749 2139 908 2204 ecclesiae
940 2139 1097 2222 repressit
1128 2146 1160 2200 et
1193 2139 1399 2201 auctoritatem

302 2238 475 2302 Pontificis
510 2241 663 2302 restituit.
720 2237 821 2301 Plura
853 2258 985 2322 quoque
1019 2235 1099 2298 fecit
1133 2234 1344 2298 Innocentius
1370 2229 1401 2292 ad

302 2337 546 2422 procurandam
572 2337 729 2400 unionem
753 2334 980 2415 Graecorum,
998 2332 1152 2418 legesque
1181 2331 1348 2396 Ecclesiae
1373 2349 1400 2390 ar

302 2437 511 2499 sanctitatem
544 2436 745 2498 matrimonii
778 2435 877 2498 etiam
911 2443 1025 2496 contra
1060 2453 1155 2515 reges
1183 2441 1216 2494 ct
1247 2431 1401 2517 principes.

302 2535 496 2619 praesertim
536 2544 650 2597 contra
681 2532 816 2596 Petrum
853 2529 1030 2594 Crudelem
1063 2531 1270 2612 Arragoniae
1301 2547 1402 2610 regem.

302 2631 468 2717 intrepide
493 2631 690 2696 vindicavit.
738 2629 888 2693 Mortuus
918 2638 969 2692 est
1000 2628 1217 2692 Innocentius
1249 2627 1307 2702 VI,
1337 2640 1402 2710 post-

302 2752 403 2815 quam
435 2751 494 2814 per
524 2729 639 2794 decem
672 2728 739 2792 fere
764 2749 869 2792 annos
897 2726 1082 2790 Ecclesiam
1114 2725 1331 2809 gubernavit.
1362 2720 1401 2783 die

303 2828 364 2894 22⁰
378 2826 581 2913 Septembris
605 2851 635 2891 a.
653 2826 749 2906 1362,
774 2826 960 2911 dignissimi
984 2823 1157 2888 Pontificis
1182 2845 1304 2888 nomen
1326 2819 1402 2883 relin-

303 2948 417 3012 quens.

133 3058 239 3099 nram„
255 3059 282 3100 v,
395 3025 445 3090 19.
471 3023 656 3088 Urbanus
680 3022 710 3085 V
737 3027 780 3106 (a.
799 3020 1046 3100 1362-1370).
1063 3020 1200 3083 -Post
1216 3015 1402 3082 mortemln·

301 3123 447 3186 nocentii
481 3121 528 3184 VI
560 3119 754 3186 Cardinalea
786 3122 820 3184 in
845 3117 997 3202 eligendo
1032 3139 1222 3182 successore
1250 3117 1400 3202 aliquanto

302 3229 450 3305 tempore
474 3219 643 3284 discordes
665 3219 809 3283 fuerunt.
858 3217 971 3296 Quum
1002 3237 1081 3278 vero
1113 3215 1153 3278 ad
1191 3237 1288 3279 aures
1310 3231 1402 3277 aaron

301 3319 517 3404 pervenisset,
540 3317 706 3382 Joannem
732 3315 862 3381 Galliac
886 3336 998 3400 regem
1017 3314 1089 3398 jam
1115 3313 1324 3376 Avenionem
1347 3329 1401 3394 pro·

302 3416 417 3496 ficisci,
443 3426 479 3479 ut
498 3417 531 3479 in
548 3415 741 3479 electionem
760 3413 931 3478 Pontificis
947 3421 1117 3475 exerceret
1140 3410 1322 3484 inflexum,
1342 3425 1402 3470 mox

301 3513 498 3579 Pontificem
523 3523 677 3577 crearunt
705 3523 798 3575 extra
828 3510 1027 3594 Collegium,
1060 3507 1263 3573 Guilelmum
1296 3505 1402 3571 Grimo

302 3612 417 3678 aldum
460 3611 610 3692 Gallum,
651 3611 788 3677 Ordinis
826 3607 1073 3688 Cluniacensis,
1111 3606 1203 3692 apud
1238 3603 1401 3670 Massiliam

301 3711 472 3777 Abbatam
497 3720 529 3774 et
551 3711 737 3773 Innocentii
763 3707 811 3772 VI
835 3710 869 3772 in
901 3705 998 3771 Italia
1028 3705 1191 3788 legatum,
1223 3705 1331 3768 virum
1359 3697 1400 3762 do·

304 3811 420 3890 ctrina,
444 3810 568 3895 pietate
592 3818 624 3871 et
648 3829 757 3871 rerum
780 3806 1002 3892 gerendarum
1033 3805 1152 3888 peritia
1186 3802 1327 3869 clarum.
1359 3797 1402 3881 qui

304 3929 426 3972 nomen
455 3907 578 3971 Urbani
607 3905 817 3990 Vsusccpit.
873 3903 938 3966 Hic
968 3901 1124 3966 Pontifex
1156 3895 1402 3964 Praeteream-

304 4007 455 4089 vestigiis
506 4005 661 4068 insistens
715 4024 836 4086 magna
889 4021 965 4066 cum
1016 3998 1189 4082 vigilantia
1238 3994 1401 4061 firmandae

305 4103 502 4189 disciplinae
525 4115 558 4166 et
580 4100 799 4165 reformandis
823 4098 970 4164 moribus
999 4097 1162 4178 incubuit,
1185 4095 1401 4160 beneficiorum

304 4199 526 4287 pluralitatem
552 4201 671 4264 iterum
695 4199 897 4284 proscripsit,
922 4195 1053 4281 aliaque
1077 4195 1157 4258 fecit
1179 4196 1272 4258 varia
1301 4192 1339 4256 ad
1367 4211 1401 4251 rr·
