2900 4836
302 415 356 470 360
427 415 539 470 XXXV.
559 415 601 470 De
620 415 719 475 Concil
740 415 892 470 Basileensi
910 431 944 470 ac
960 415 995 470 de
1012 416 1119 484 Synodo
1138 415 1297 470 Florentius.

301 559 355 623 die
388 559 423 622 1⁰
453 557 608 624 Octobris
637 581 667 626 a.
703 545 787 624 1'43‘1
817 560 989 625 Bononiae
1020 556 1292 624 Constitutionem
1321 557 1397 622 dedit

300 657 448 721 Doctouds
470 659 617 742 pontium,
643 659 676 720 in
701 679 767 743 qua
790 657 932 722 laetetur
956 655 1054 722 valde
1078 656 1120 721 de
1139 655 1333 721 Graecomm
1353 655 1396 718 ad·

300 765 413 834 ventu,
445 775 484 818 ac
508 775 599 838 spem
624 775 840 840 permagnam
863 756 997 819 unionis
1020 753 1217 819 efficiendae
1249 754 1397 839 exprimit:

300 854 450 938 queritur
473 851 513 914 de
530 854 643 937 pravis
667 851 909 917 Basileensium
944 852 1135 932 conatibus,
1172 864 1205 916 et
1235 849 1396 916 Concilium

299 949 455 1014 transfert
479 951 674 1017 Ferrariam.
708 987 752 998 --
782 951 836 1014 Ex
861 952 902 1014 iis
926 969 1011 1036 quae
1042 950 1191 1014 diximus
1216 952 1287 1036 jam
1317 958 1398 1034 patet.

300 1049 411 1112 omnia
434 1069 521 1134 quae
543 1050 577 1111 in
594 1046 746 1112 Concilio
760 1048 942 1114 Basileensi
966 1049 1056 1112 facta
1079 1059 1111 1112 et
1135 1048 1269 1113 decreta
1290 1047 1400 1110 luerunt

300 1155 414 1209 contra
444 1147 675 1210 auctoritatem
699 1146 881 1226 pontilicis,
915 1146 1012 1232 plane
1044 1157 1159 1212 contra
1185 1147 1243 1232 jus
1271 1145 1352 1209 iacta
1376 1155 1402 1204 ct

299 1245 392 1307 irrita
414 1243 527 1310 fuisse.
551 1243 617 1308 Sed
641 1267 683 1308 ex
708 1244 770 1308 boc
794 1253 941 1330 tempore
958 1242 1115 1327 Synodus
1138 1247 1274 1308 omnino
1296 1244 1398 1306 incon·

299 1340 493 1406 ciliabulum
518 1342 777 1420 schismaticum,
803 1346 856 1407 cui
881 1355 1032 1429 praeerat
1047 1342 1238 1408 Cardinalis
1255 1341 1401 1406 Arelaten-

300 1441 355 1522 sis,
376 1439 601 1523 degeneravit.
635 1440 788 1505 Meliores
799 1443 887 1506 enim
900 1463 978 1506 mox
988 1440 1120 1506 Basilea
1133 1441 1359 1505 discesserunt.
1370 1475 1403 1484 —

185 1520 199 1548 ⁸
219 1521 252 1548 ⁰*
300 1537 402 1602 Gesta
435 1537 647 1602 conciliabuli
684 1540 849 1624 imprimis
881 1541 998 1624 paucis
1031 1540 1224 1604 referamus.
1272 1535 1403 1601 Sessioue

300 1637 462 1719 vigesima
476 1637 653 1730 nonanis
668 1637 726 1700 12⁰
742 1635 908 1719 Octobris,
927 1635 1068 1701 Concilii
1094 1639 1144 1701 sui
1171 1633 1402 1701 dissolutionem

299 1744 332 1797 et
354 1733 602 1797 translationem
636 1732 847 1797 declararunt
870 1735 1007 1815 irritem,
1041 1745 1074 1797 et
1097 1735 1251 1817 Eugenio
1275 1732 1320 1796 lV
1350 1751 1403 1814 gru·

300 1833 453 1895 vissimas
484 1851 621 1916 poenas,
660 1832 760 1896 etiam
800 1831 1040 1916 depositionem
1077 1834 1191 1896 minati
1226 1843 1318 1904 sunt,
1354 1828 1402 1890 uisi

299 1929 481 2016 praefatam
506 1931 775 1994 constitutionem
800 1940 983 1994 revocaret.
1030 1929 1258 2016 &equentibus
1276 1925 1405 1991 sessioni·

298 2030 361 2094 bus
385 2029 542 2092 continuo
573 2027 822 2112 progredientes
853 2026 1003 2111 ulterius,
1035 2027 1251 2091 declararunt
1281 2027 1403 2111 primun

299 2127 488 2210 Eugenium
521 2145 728 2210 suspensum,
764 2135 797 2188 et
826 2125 1148 2189 administrationem
1178 2124 1348 2188 Ecclesiae
1373 2119 1405 2182 ed

301 2222 487 2289 Concilium
525 2220 714 2286 devolutam
751 2243 837 2303 esse;
876 2221 953 2286 dein
993 2221 1179 2288 Concilium
1212 2222 1405 2286 Ferrarieuse

300 2321 492 2386 inchoatum
508 2320 719 2402 damnarunt,
735 2329 767 2384 et
783 2320 972 2404 Eugenium
991 2321 1062 2406 ejus
1078 2321 1281 2408 praesidem,
1300 2337 1405 2382 omnes·

301 2441 364 2506 quo
380 2420 435 2506 qui
451 2419 481 2482 ei
499 2420 703 2496 interessent,
722 2420 1065 2499 excommunicaruut,
1090 2419 1238 2484 sessione
1257 2418 1406 2502 trigesima

301 2516 447 2581 secunda
472 2516 525 2582 die
550 2517 611 2580 240
633 2517 745 2580 Martii
770 2539 799 2580 a.
828 2516 922 2582 1438.
971 2515 1130 2602 Sequenti
1155 2520 1306 2582 sessione
1329 2514 1404 2596 trige-

300 2617 384 2680 sima
407 2616 503 2680 tertia
527 2624 564 2678 ut
588 2615 744 2679 veritates
767 2613 845 2678 lidei
870 2614 1072 2680 definierunt
1094 2624 1159 2679 tres
1184 2614 1406 2700 propositiones

301 2713 342 2777 de
366 2713 487 2798 quibus
500 2713 651 2796 superius
660 2711 732 2797 jam
748 2709 850 2776 locuti
863 2733 987 2794 sumus,
1012 2711 1170 2777 videlicet
1184 2713 1222 2776 1⁰
1238 2709 1405 2776 Concilium

300 2811 454 2895 generale
486 2808 707 2874 universalem
741 2819 994 2893 repraesentans
1017 2807 1205 2874 Ecclesiam
1242 2819 1294 2874 est
1326 2826 1407 2890 supra

301 2909 444 2994 Papam3
477 2909 516 2972 2⁰
538 2908 630 2992 Pnpe
660 2929 727 2970 non
759 2917 867 2992 potest
891 2904 1078 2972 Concilium
1111 2906 1262 2992 legitime
1294 2923 1406 2988 congre·

300 3017 414 3092 gatum
443 3007 514 3070 sine
538 3005 609 3090 ejus
633 3026 769 3069 assensu
795 3004 984 3085 dissolvere,
1018 3005 1221 3088 suspendere
1246 3003 1300 3068 vel
1322 3013 1405 3064 truns-

300 3105 403 3186 ferre;
433 3105 472 3168 3⁰
496 3103 682 3168 haereticus
706 3113 755 3166 est
779 3103 835 3188 qui
860 3101 919 3166 has
944 3105 1186 3188 propositiones
1211 3101 1408 3188 pertinaciter

301 3205 484 3288 impugnat.
517 3240 560 3250 -
593 3201 745 3266 Sessione
778 3201 947 3285 trigesima
980 3209 1108 3284 quarta,
1148 3201 1203 3266 die
1241 3201 1306 3268 25⁰
1329 3195 1405 3264 Junil

301 3323 330 3365 a.
366 3301 459 3382 1438,
497 3299 715 3384 depositionis
750 3299 948 3362 sententiam
987 3300 1022 3362 in
1046 3298 1237 3382 Eugenium
1269 3297 1406 3362 tulerunt.

301 3398 391 3462 Huic
414 3399 562 3478 sessioni,
588 3406 669 3460 teste
694 3394 872 3460 Cardinele
896 3395 938 3459 de
956 3393 1220 3476 Turrecremata,
1246 3417 1266 3460 e
1291 3395 1407 3476 triginta

302 3496 465 3582 episcopis
489 3496 544 3582 qui
569 3504 649 3559 tuno
673 3493 823 3558 Basileae
848 3515 918 3557 esse
949 3492 1155 3576 dicebantur,
1187 3505 1319 3558 tantum
1349 3501 1407 3554 octo

302 3592 354 3658 vel
378 3613 500 3658 novem
524 3593 755 3658 interfuerunt.
781 3629 823 3638 —
848 3591 999 3674 Egerunt
1014 3589 1091 3656 dein
1110 3590 1150 3655 de
1168 3591 1322 3676 eligendo
1336 3607 1406 3652 novo

302 3691 463 3756 l'ontilice
497 3701 530 3754 et
559 3692 703 3756 sessione
734 3690 904 3774 trigesima
927 3699 1063 3772 octava,
1095 3690 1150 3754 dio
1172 3691 1234 3756 30⁰
1259 3685 1407 3754 Octobris

301 3789 465 3873 designati
490 3798 568 3852 sunt
590 3790 728 3871 triginta
752 3785 818 3851 du'o
843 3787 1050 3851 diversarum
1075 3789 1248 3851 nationum
1274 3786 1345 3853 viri.
1374 3799 1407 3841 ex

302 3886 424 3973 quibus
448 3895 542 3949 erant
565 3887 712 3971 episcopi
737 3883 904 3965 undecim,
938 3886 995 3970 qui
1021 3905 1097 3948 cum
1122 3884 1295 3949 Cardinali
1319 3878 1407 3946 archi·

301 3982 661 4070 episcopoArelatensi,
679 3979 892 4048 conciliabuli
907 3981 1068 4068 praeside,
1086 4003 1210 4046 novum
1225 3977 1405 4046 Pontificem

300 4082 470 4166 eligerent.
517 4081 562 4146 Hi
594 4081 764 4166 elegerunt
797 4081 830 4144 in
861 4077 1058 4144 Pontificem
1082 4079 1272 4144 Amadeum
1304 4077 1405 4142 ducem

301 4179 500 4262 Sabaudiae,
525 4181 593 4265 qui,
618 4179 773 4244 abdicato
798 4177 941 4243 ducatus
953 4175 1125 4262 gubernio,
1149 4176 1241 4262 apud
1255 4172 1405 4260 Ripslium
