2858 4834
366 454 407 510 De
425 452 512 508 initiis
531 453 738 512 controversiae.
1063 459 1114 514 '175

36 607 192 680 tenemento,
222 597 313 684 quod
336 596 476 662 clericus
500 596 580 661 velit
602 597 646 664 ad
669 598 912 684 eleemosynam
937 585 1112 684 attrahere,

33 695 106 759 iniens
118 718 190 761 vero
214 695 257 760 ad
272 694 394 760 laicum
419 695 567 777 feudum,
591 697 819 781 recognitione
834 697 1009 763 duodecim
1023 698 1111 784 lega-

31 791 85 855 lun
104 791 269 858 hominnm
293 816 352 880 per
374 792 526 880 capitalis
544 793 694 880 justitiae
710 796 798 880 regis
814 795 1112 863 considerationem

30 892 265 976 terminabitur,¹)
289 902 401 957 utrum
424 901 651 956 tenementum
675 894 718 956 sit
733 895 902 978 pertinens
918 894 961 959 ad
976 894 1113 962 eleemo-

28 1009 122 1071 synam,
143 993 214 1055 sive
236 991 282 1055 ad
305 990 442 1055 feudum
465 990 598 1071 laicum,
631 1013 741 1055 coram
771 993 843 1076 ipsa
861 993 992 1078 justitia
1015 996 1112 1079 regis.

26 1087 55 1149 Et
76 1089 97 1151 si
116 1091 322 1174 recognitum
345 1089 445 1152 fuerit
467 1086 511 1152 ad
535 1086 778 1173 eleemosynam
793 1089 981 1175 pertinere,
1014 1091 1113 1177 placi-

26 1199 74 1250 tum
93 1190 147 1252 erit
169 1191 205 1253 in
229 1189 324 1253 curia
347 1186 592 1268 ecclesiastica3'
612 1188 638 1250 si
665 1181 742 1251 vero
766 1187 810 1252 ad
823 1186 947 1252 laicum
963 1188 1112 1273 feudum,

24 1287 68 1348 nisi
86 1286 174 1351 ambo
198 1295 427 1352 tenementum
452 1284 493 1349 de
518 1283 634 1349 eodem
659 1285 814 1371 episcopo
839 1285 892 1350 vel
909 1285 1032 1351 barone
1055 1287 1112 1351 ad·

23 1387 191 1467 vocaverint,
224 1386 289 1448 erit
311 1382 471 1469 placitum
499 1383 534 1446 in
559 1382 651 1446 curia
673 1384 774 1467 regia.
822 1380 857 1447 Si
889 1393 1027 1470 uterque
1057 1385 1112 1449 ad·

23 1485 157 1548 vocaverit
188 1483 231 1548 de
262 1481 361 1546 feudo
389 1479 446 1545 illo
477 1479 630 1544 eumdem
660 1482 852 1566 episcopum
877 1481 930 1545 vel
954 1480 1111 1547 baronem

24 1589 170 1666 tamqnam
202 1580 365 1645 arbitrum
398 1578 452 1643 vel
471 1577 646 1664 judicem),
678 1580 742 1643 erit
771 1578 930 1663 placitum
962 1581 1112 1645 incuria

24 1675 104 1760 ipsim,
132 1681 178 1743 ita
210 1677 301 1764 quod
341 1687 476 1764 propter
504 1676 626 1740 factam
661 1677 921 1760 recognitionem
954 1678 1110 1743 saisinam

23 1773 241 1858 (possessionem
268 1774 465 1862 juridicam)
504 1795 571 1838 non
600 1775 733 1839 amittat
762 1776 818 1861 qui
849 1777 941 1861 prius
972 1777 1111 1840 saisatus

21 1871 123 1938 terrast
155 1913 199 1924 --
233 1874 309 1939 Hoc
333 1873 516 1938 damnavit.
554 1910 598 1919 -
639 1871 691 1938 10.
718 1871 807 1956 ,Qui
831 1872 873 1937 de
897 1874 1033 1938 civitate
1057 1874 1111 1939 vel

20 1971 120 2038 metello
141 1973 195 2037 vel
220 1973 326 2056 burgo
351 1971 404 2036 vel
429 1971 595 2035 dominico
621 1971 767 2035 manerio
782 1973 870 2055 regis
884 1970 994 2053 fuerit,
1019 1973 1047 2036 si
1067 1971 1109 2038 ab

22 2068 220 2136 archidiacono
246 2069 300 2134 vel
321 2071 475 2155 episcopo
512 2065 553 2132 de
577 2067 687 2154 aliquo
712 2067 832 2133 delicto
858 2069 977 2134 citatus
1000 2068 1109 2153 fuerit,

1122 603 1220 645 Articuli
1235 605 1285 646 Gla·

1123 668 1285 711 rendonsnm.

23 2166 80 2230 unde
110 2168 230 2234 debeat
269 2167 377 2232 eidem
415 2166 628 2254 respondere,
667 2176 700 2230 et
727 2166 770 2231 ad
794 2169 967 2232 citationes
996 2168 1142 2234 eorum*

23 2266 181 2349 respondere
206 2265 359 2348 noluerit,
392 2265 478 2330 bene
501 2263 579 2328 lieet
602 2287 678 2328 eum
702 2265 763 2330 sub
787 2266 963 2330 interdicto
987 2287 1109 2352 ponere

29 2367 151 2430 ameris
181 2364 390 2446 excludere),
430 2363 487 2428 sed
518 2385 585 2428 non
616 2362 716 2428 debet
745 2365 1028 2428 excommunicari
1053 2367 1108 2446 (ne

21 2460 140 2527 videlieet
161 2463 220 2530 alii
246 2483 322 2526 eum
346 2464 451 2526 vitare
476 2461 643 2543 debeant),
667 2462 861 2547 priusquam
883 2461 1034 2547 capitalis
1050 2464 1108 2526 mi·

19 2557 92 2623 noter
116 2564 203 2647 regis
227 2560 327 2626 villae
351 2560 438 2625 illins
462 2561 690 2642 conveniatur,
719 2571 757 2624 ut
783 2561 929 2647 justitiet
958 2583 1034 2626 eum
1064 2561 1108 2626 ad

17 2657 242 2725 aisiactionem
267 2661 393 2724 venire.
438 2658 530 2722 Etsi
556 2659 706 2722 minister
728 2660 814 2744 regis
837 2659 916 2724 inde
940 2658 1107 2742 defecerit,

17 2749 64 2834 ipae
83 2759 139 2821 erit
160 2759 195 2822 in
221 2757 451 2822 misericordia
473 2757 571 2840 regis,
596 2765 629 2820 et
643 2755 766 2821 exinde
789 2759 910 2842 poterit
933 2758 1107 2844 episcopus

16 2849 94 2932 ipsum
115 2867 309 2922 accusatum
333 2854 556 2920 ecclesiastica
578 2854 709 2941 justitia
741 2857 923 2919 coercers.“
959 2893 995 2902 -
1033 2855 1107 2920 Hoc

16 2945 164 3021 damnavit.
204 2992 251 3002 -
292 2956 343 3020 11.
378 2953 663 3040 „Archiepiscopi,
695 2955 841 3039 episcopi
870 2964 903 3018 et
930 2955 1106 3020 universae

17 3065 142 3128 munnae
168 3055 281 3138 regni,
313 3054 370 3139 qui
394 3052 435 3117 de
458 3073 535 3136 rege
568 3061 682 3116 tenent
706 3053 740 3116 in
764 3054 873 3138 capite
897 3053 967 3138 (qui
992 3053 1104 3118 imme·

17 3141 77 3212 tute
96 3150 243 3216 feudales
266 3153 354 3236 regis
385 3152 485 3234 sunt),
517 3161 550 3213 et
573 3149 697 3214 habent
720 3151 939 3236 possessiones
963 3171 1039 3214 suas
1063 3149 1104 3214 de

18 3239 249 3333 tristangis,
273 3250 360 3314 sieut
382 3247 565 3329 baroniam,
590 3256 622 3311 et
645 3247 724 3312 inde
746 3248 948 3333 respondent
965 3249 1104 3334 justitiis

17 3347 193 3412 eninietris
216 3348 315 3431 regis,
347 3355 379 3410 et
408 3355 591 3431 sequuntur
614 3355 647 3408 et
669 3343 796 3410 fatiunt
828 3367 942 3411 omnes
970 3369 1103 3434 consue·

15 3437 113 3506 udines
135 3448 245 3530 regias
268 3454 303 3508 et
322 3443 549 3526 rectitudines,
574 3454 607 3508 et
629 3445 715 3508 siout
738 3446 858 3508 caeteri
876 3445 1024 3528 barones,
1049 3445 1102 3510 de·

15 3529 70 3600 beot
88 3542 240 3608 interesse
258 3543 398 3630 judiciis
421 3544 532 3606 euriae
557 3540 682 3607 domini
707 3544 794 3628 regis
818 3564 894 3609 cum
911 3543 1101 3626 baronibus,

16 3651 91 3720 usque
111 3642 325 3726 perveniatur
348 3641 382 3705 in
400 3640 530 3727 judicio
547 3639 590 3704 ad
607 3639 860 3705 diminutionem
877 3640 1101 3707 membrorum

15 3729 50 3794 iel
72 3735 108 3800 ad
130 3743 301 3805 mortem.“
350 3738 499 3822 (Scilicet
520 3753 601 3802 tunc
628 3737 743 3803 abesse
775 3743 935 3826 possunt).
960 3778 1003 3786 —
1027 3740 1101 3804 Hoc

15 3827 139 3902 oletavit
179 3875 222 3886 -
264 3838 316 3902 12.
349 3834 454 3920 ,Cum
485 3837 658 3901 vacaverit
687 3837 1006 3924 archiepiscopatus,
1047 3836 1101 3902 vel

18 3985 190 4010 ...Ἣ-

31 4163 50 4174 ,Ι
66 4088 81 4156 'l
99 4091 308 4164 Remgnieiones
327 4093 464 4162 eiusmodi,
495 4093 524 4147 in
543 4091 648 4161 Angiia
670 4091 834 4160 frequentes,
863 4092 904 4148 its
931 4093 1039 4160 fiebant,
1066 4099 1100 4148 nt

21 4173 51 4216 'li
65 4178 144 4228 tetris
152 4175 275 4242 provecti
295 4183 503 4239 assumerentur,
522 4174 568 4241 qui
581 4179 756 4240 testarentur,
776 4173 948 4241 oneratione
967 4189 1010 4230 res
1023 4179 1099 4230 ante

19 4247 59 4298 '⁹³¹³'
73 4257 179 4321 tmpore
196 4271 227 4311 se
245 4254 378 4311 babuerit
