2902 4848
411 411 451 466 De
470 411 576 478 synodo
596 409 764 466 Florentius.
1097 411 1150 466 391

31 555 122 641 plane
146 554 335 641 respondet.
376 556 417 620 In
441 553 606 640 Originali
629 553 823 620 authentico
840 552 1033 618 Florentino
1058 553 1152 620 deest

27 656 222 740 praepositio
238 650 272 716 ir
286 651 480 718 insecundo
494 653 610 736 inciso,
628 654 675 718 ita
685 662 723 716 ut
731 650 874 736 legatur:
892 653 960 714 aad
972 647 1018 714 ’ὃν
1027 648 1151 736 τρόπον

27 749 74 814 καὶ
97 749 134 814 ἐν
155 753 226 826 τοῖς
248 752 439 834 πρακτικοῖς
462 755 526 814 τῶν
558 743 785 832 οἶκοαμενίκων
815 747 967 826 συνόδων,
997 747 1051 813 καὶ
1081 751 1151 824 τοῖς

28 843 123 932 ἱεροῖς
145 847 257 912 κάνοσι
285 845 555 929 διαλαμβάνεται.
589 845 784 914 Secundum
801 847 1003 912 Hellenistas
1027 846 1091 911 boc
1115 848 1150 911 in

27 969 102 1010 casu
127 948 235 1032 prima
257 943 421 1033 particula
437 941 490 1010 nui
512 947 698 1012 necessario
715 945 876 1010 vertenda
892 955 942 1009 est
957 968 1017 1031 per
1031 965 1150 1009 vocem

26 1047 128 1110 etiam.
138 1047 161 1125 ¹)
208 1043 463 1108 Turrecremata
496 1043 569 1130 jam
609 1042 663 1108 illo
703 1054 852 1130 tempore
891 1043 1046 1124 advertit,
1085 1041 1151 1107 illis

25 1143 135 1208 verbis
147 1142 415 1226 confirmationem
430 1143 604 1224 contineri,
626 1151 790 1226 quatenus
807 1143 968 1228 primatus
984 1139 1151 1206 stabilitur

24 1239 207 1305 secundum
222 1260 373 1303 normam
387 1235 645 1324 scripturarum,
663 1248 696 1302 et
711 1239 927 1304 confirmatur
941 1239 1150 1304 documentis

24 1337 269 1420 Traditionia‚¹)
309 1349 409 1423 atque
445 1338 545 1402 etiam
579 1339 641 1422 ipsi
668 1335 789 1402 Graeci
829 1339 912 1402 uniti
945 1348 1072 1401 textum
1101 1338 1149 1400 sic

24 1433 267 1520 intelligebant.
313 1435 365 1500 Ita
387 1435 505 1500 scribit
519 1434 687 1521 dosephus
711 1436 887 1520 episcopus
904 1435 1148 1500 Methonensis:

24 1534 136 1598 donati
174 1544 203 1596 et
240 1543 314 1598 aeta
353 1537 618 1598 oecumenicorum
645 1531 855 1598 Caecilianam
893 1533 948 1598 loc
977 1532 1150 1598 luculenter

22 1633 217 1717 confirmant.
231 1631 254 1710 ³)

110 1731 166 1796 55.
216 1729 328 1810 Quum
365 1751 443 1793 vcro
477 1727 660 1793 adversarii
694 1731 793 1794 tricas
824 1731 925 1794 etiarn
948 1738 1084 1794 nectant
1107 1751 1149 1792 ex
1161 1709 1307 1814 ¹1¹‚ffii2'

22 1829 246 1915 postulatione
270 1849 371 1915 quam
387 1828 574 1914 Imperator
597 1827 730 1910 fecorat,
755 1849 797 1892 ne
822 1827 989 1891 diceretur
1011 1828 1047 1890 in
1072 1825 1149 1890 defi·

22 1930 160 2008 nitione,
178 1925 375 1992 Pontificem
393 1924 516 1990 habere
532 1926 712 2011 primatum
729 1931 830 2016 juata
846 1925 934 1988 dieta
950 1923 1148 2003 Sanctorum,

22 2025 79 2088 sed
97 2030 198 2113 juata
223 2035 359 2088 tenorem
383 2046 547 2102 canonum,
580 2023 663 2088 baec
690 2024 791 2110 juvat
814 2033 938 2090 notare.
987 2021 1071 2086 Cum
1096 2021 1148 2086 de-

23 2123 130 2188 Iinitio
155 2122 307 2187 confecta
331 2120 528 2206 Imperatori
553 2120 726 2206 legeretur,
751 2121 864 2206 aliqua
888 2119 994 2185 voluit
1017 2122 1149 2185 mutari,

23 2217 213 2284 Cantinebat
230 2215 446 2301 (διελάμβανε)
453 2229 626 2306 praeterea
637 2219 744 2304 quoad
748 2220 923 2306 priuilepia
931 2219 1049 2306 Papae,
1066 2217 1150 2305 quod

21 2317 139 2382 babeat
160 2341 198 2381 eu
214 2322 315 2406 juata
340 2315 632 2381 determinationem
665 2339 775 2382 caerae
801 2316 987 2403 Scripturae
1011 2328 1040 2380 et
1064 2315 1151 2380 dicta

24 2416 226 2480 Sanctorum.
266 2415 336 2478 Hoc
359 2415 455 2478 etiam
477 2437 541 2480 noa
559 2415 712 2502 placebat
728 2417 928 2502 Imperatori.
962 2413 1149 2500 Antiquie,

22 2515 137 2598 inquit,
168 2512 358 2578 Sanctarum
380 2513 415 2576 ia
440 2510 577 2600 epistola
608 2513 742 2578 honerat
766 2511 898 2600 Papam,
929 2515 1067 2599 eaecipiel
1094 2513 1150 2577 boc

15 2633 81 2696 pro
93 2611 289 2697 priuilegio?
322 2609 412 2674 Voce
437 2609 524 2676 dicte
540 2609 728 2676 Sanctorum
752 2611 968 2676 sumebantur
984 2633 1003 2674 a
1020 2609 1149 2675 Latinis

20 2730 82 2794 pro
106 2707 311 2788 Traditione,
346 2707 531 2793 Imperator
554 2718 666 2773 autem
698 2709 762 2774 alio
794 2731 892 2773 sensu
917 2731 955 2772 ea
985 2707 1149 2790 sumebat,

20 2809 90 2870 acsi
109 2806 253 2892 quodvis
277 2807 417 2872 verbum
442 2807 585 2895 alicujus
600 2805 714 2874 Sancti
731 2807 844 2874 Latini
869 2807 1059 2892 allegarent.
1089 2807 1148 2871 Re·

20 3004 93 3066 bere
114 3004 298 3089 primatum,
323 3027 416 3090 quam
440 3027 480 3067 ea
501 3005 630 3090 scriptis
647 3002 834 3068 Sanctorum
851 2997 951 3087 (παρδ
974 3001 1152 3090 γράφουσιν

20 3097 58 3165 αἳ
80 3098 208 3186 ipsud?
235 3100 348 3180 Vides,
368 3102 439 3185 jam
466 3100 613 3165 indicata
629 3101 800 3187 Scriptura
824 3104 877 3186 agi
902 3101 944 3165 de
959 3101 1051 3165 fonte
1075 3122 1150 3165 con-

19 3198 234 3262 firmationis.
271 3200 314 3262 At
336 3221 408 3262 vero
433 3201 610 3285 Imperator
633 3197 770 3284 repebat,
793 3200 840 3263 ibi
862 3199 987 3286 aliquid
1010 3200 1151 3286 appeni,·

20 3295 148 3360 dicebat
186 3297 270 3360 enim
307 3306 342 3359 ut
381 3295 571 3360 adderetur:
622 3297 751 3376 „lacta
789 3308 927 3361 tenorem
974 3303 1149 3362 canonum“

20 3392 199 3480 (καταισὴν
224 3390 634 3476 dinumeraverimus),
668 3405 697 3458 et
720 3419 801 3459 nen:
839 3394 1040 3474 „Secundum
1063 3393 1151 3458 dicte

21 3489 235 3556 Sanctorum“
261 3541 319 3558 ...
345 3489 520 3578 Statimque
537 3493 668 3580 epreaeie
689 3491 927 3571 Cardinalibua,
950 3517 1009 3558 nee
1024 3492 1153 3575 (scribit

19 3598 139 3652 auctor
169 3588 331 3654 Actorum
363 3587 553 3654 Dorotheus
592 3589 864 3677 archiepiscopus
894 3591 1150 3677 Mitylenensis,)

20 3684 189 3750 concilium
218 3687 377 3766 inivimus,
417 3688 670 3774 scripsimuoque,
708 3700 742 3752 ut
765 3687 879 3754 babeat
906 3687 967 3774 (iim
996 3689 1050 3751 iau
1081 3683 1150 3776 ἔχῃ)

21 3783 116 3870 Papa
153 3805 214 3848 sna
246 3784 422 3872 priuilepia
451 3789 553 3876 juata
588 3783 732 3851 Caaoues
766 3799 796 3851 et
830 3786 919 3851 dictu
951 3786 1150 3863 Sanctorum,

95 4032 118 4100 ¹)
138 4032 194 4086 Otr.
214 4034 304 4088 Maret
323 4033 366 4086 Du
385 4032 493 4088 Concita
512 4039 563 4087 etc
585 4039 605 4088 t.
625 4035 647 4092 I.
666 4050 691 4102 p.
710 4035 773 4090 490.

94 4113 116 4180 ¹)
135 4111 222 4180 Super
239 4113 346 4166 decreto
366 4112 480 4167 UnionIa
500 4113 595 4170 Graec.
614 4113 711 4174 Venet
734 4113 811 4169 1561.
832 4115 853 4168 f.
873 4116 916 4172 35.

94 4193 118 4261 ὅ)
137 4192 207 4248 Vide
226 4193 302 4246 citat.
325 4209 367 4260 ap.
388 4192 595 4265 Hergenrttther
613 4194 762 4264 Antijanns
781 4212 806 4264 p.
829 4196 888 4253 120.
