<?xml version="1.0" encoding="UTF-8"?>
<!DOCTYPE html PUBLIC "-//W3C//DTD XHTML 1.0 Transitional//EN"
    "http://www.w3.org/TR/xhtml1/DTD/xhtml1-transitional.dtd">
<html xmlns="http://www.w3.org/1999/xhtml" xml:lang="en" lang="en">
 <head>
  <title>
</title>
<meta http-equiv="Content-Type" content="text/html;charset=utf-8" />
  <meta name='ocr-system' content='tesseract 3.04.00' />
  <meta name='ocr-capabilities' content='ocr_page ocr_carea ocr_par ocr_line ocrx_word'/>
</head>
<body>
  <div class='ocr_page' id='page_1' title='image "./dissertationess00junggoog_0444.png"; bbox 0 0 2836 4848; ppageno 0'>
   <div class='ocr_carea' id='block_1_1' title="bbox 276 473 1159 530">
    <p class='ocr_par' dir='ltr' id='par_1_1' title="bbox 276 473 1159 530">
     <span class='ocr_line' id='line_1_1' title="bbox 276 473 1159 530; baseline 0.002 -2"><span class='ocrx_word' id='word_1_1' title='bbox 276 476 365 530; x_wconf 89' lang='lat' dir='ltr'><strong>Lucta</strong></span> <span class='ocrx_word' id='word_1_2' title='bbox 382 475 513 529; x_wconf 86' lang='lat' dir='ltr'><strong>Friderici</strong></span> <span class='ocrx_word' id='word_1_3' title='bbox 532 475 560 529; x_wconf 85' lang='grc' dir='ltr'><strong>ΙΙ</strong></span> <span class='ocrx_word' id='word_1_4' title='bbox 578 491 638 528; x_wconf 91' lang='lat' dir='ltr'><strong>cum</strong></span> <span class='ocrx_word' id='word_1_5' title='bbox 657 473 714 530; x_wconf 86' lang='lat' dir='ltr'><strong>RR.</strong></span> <span class='ocrx_word' id='word_1_6' title='bbox 735 475 918 528; x_wconf 81' lang='lat' dir='ltr'><strong>Pontificibus.</strong></span> <span class='ocrx_word' id='word_1_7' title='bbox 1106 477 1159 530; x_wconf 74' lang='lat'><strong>429</strong></span> 
     </span>
    </p>
   </div>
   <div class='ocr_carea' id='block_1_2' title="bbox 42 619 1324 4134">
    <p class='ocr_par' dir='ltr' id='par_1_2' title="bbox 43 619 1161 1764">
     <span class='ocr_line' id='line_1_2' title="bbox 46 619 1158 704; baseline 0.001 -22"><span class='ocrx_word' id='word_1_8' title='bbox 46 637 151 684; x_wconf 82' lang='lat' dir='ltr'><strong>mmen</strong></span> <span class='ocrx_word' id='word_1_9' title='bbox 176 629 365 682; x_wconf 87' lang='lat' dir='ltr'><strong>testamento</strong></span> <span class='ocrx_word' id='word_1_10' title='bbox 396 641 453 683; x_wconf 88' lang='lat' dir='ltr'><strong>suo</strong></span> <span class='ocrx_word' id='word_1_11' title='bbox 478 641 563 704; x_wconf 90' lang='lat' dir='ltr'><strong>quae</strong></span> <span class='ocrx_word' id='word_1_12' title='bbox 594 620 715 704; x_wconf 89' lang='lat' dir='ltr'><strong>injuste</strong></span> <span class='ocrx_word' id='word_1_13' title='bbox 738 619 818 682; x_wconf 85' lang='lat' dir='ltr'><strong>fecit</strong></span> <span class='ocrx_word' id='word_1_14' title='bbox 840 620 998 682; x_wconf 89' lang='lat' dir='ltr'><strong>resarcire</strong></span> <span class='ocrx_word' id='word_1_15' title='bbox 1022 619 1158 684; x_wconf 86' lang='lat' dir='ltr'><strong>studuit.</strong></span> 
     </span>
     <span class='ocr_line' id='line_1_3' title="bbox 46 717 1158 804; baseline 0.002 -24"><span class='ocrx_word' id='word_1_16' title='bbox 46 718 229 782; x_wconf 78' lang='lat' dir='ltr'><strong>ilanfredus</strong></span> <span class='ocrx_word' id='word_1_17' title='bbox 251 718 410 782; x_wconf 83' lang='lat' dir='ltr'><strong>videlicet</strong></span> <span class='ocrx_word' id='word_1_18' title='bbox 434 719 504 801; x_wconf 85' lang='lat' dir='ltr'><strong>ejus</strong></span> <span class='ocrx_word' id='word_1_19' title='bbox 527 718 626 800; x_wconf 84' lang='lat' dir='ltr'><strong>filius,</strong></span> <span class='ocrx_word' id='word_1_20' title='bbox 651 720 708 804; x_wconf 91' lang='lat' dir='ltr'><strong>qui</strong></span> <span class='ocrx_word' id='word_1_21' title='bbox 732 720 830 782; x_wconf 91' lang='lat' dir='ltr'><strong>morti</strong></span> <span class='ocrx_word' id='word_1_22' title='bbox 855 719 959 804; x_wconf 86' lang='lat' dir='ltr'><strong>ipsius</strong></span> <span class='ocrx_word' id='word_1_23' title='bbox 982 717 1098 799; x_wconf 88' lang='lat' dir='ltr'><strong>adfuit,</strong></span> <span class='ocrx_word' id='word_1_24' title='bbox 1124 720 1158 782; x_wconf 91' lang='lat' dir='ltr'><strong>in</strong></span> 
     </span>
     <span class='ocr_line' id='line_1_4' title="bbox 45 815 1159 902; baseline 0.005 -29"><span class='ocrx_word' id='word_1_25' title='bbox 45 815 177 901; x_wconf 66' lang='lat' dir='ltr'><strong>epistola</strong></span> <span class='ocrx_word' id='word_1_26' title='bbox 198 817 240 880; x_wconf 87' lang='lat' dir='ltr'><strong>ad</strong></span> <span class='ocrx_word' id='word_1_27' title='bbox 264 815 455 881; x_wconf 87' lang='lat' dir='ltr'><strong>Conradnm</strong></span> <span class='ocrx_word' id='word_1_28' title='bbox 487 817 620 880; x_wconf 89' lang='lat' dir='ltr'><strong>fratrem</strong></span> <span class='ocrx_word' id='word_1_29' title='bbox 650 816 782 880; x_wconf 83' lang='lat' dir='ltr'><strong>scribit:</strong></span> <span class='ocrx_word' id='word_1_30' title='bbox 815 817 854 879; x_wconf 85' lang='lat' dir='ltr'><strong>Ia</strong></span> <span class='ocrx_word' id='word_1_31' title='bbox 876 817 957 902; x_wconf 82' lang='lat' dir='ltr'><strong>ipsis</strong></span> <span class='ocrx_word' id='word_1_32' title='bbox 980 818 1090 880; x_wconf 79' lang='lat' dir='ltr'><strong>mortis</strong></span> <span class='ocrx_word' id='word_1_33' title='bbox 1112 818 1159 879; x_wconf 83' lang='lat' dir='ltr'><strong>itt·</strong></span> 
     </span>
     <span class='ocr_line' id='line_1_5' title="bbox 44 914 1160 1002; baseline -0.002 -24"><span class='ocrx_word' id='word_1_34' title='bbox 44 917 141 995; x_wconf 77' lang='lat' dir='ltr'><strong>diciis,</strong></span> <span class='ocrx_word' id='word_1_35' title='bbox 170 927 298 1002; x_wconf 80' lang='lat' dir='ltr'><strong>practer</strong></span> <span class='ocrx_word' id='word_1_36' title='bbox 330 917 416 980; x_wconf 82' lang='lat' dir='ltr'><strong>dona</strong></span> <span class='ocrx_word' id='word_1_37' title='bbox 441 916 573 1000; x_wconf 79' lang='lat' dir='ltr'><strong>mirifico</strong></span> <span class='ocrx_word' id='word_1_38' title='bbox 596 926 627 979; x_wconf 87' lang='lat' dir='ltr'><strong>ct</strong></span> <span class='ocrx_word' id='word_1_39' title='bbox 650 915 799 998; x_wconf 83' lang='lat' dir='ltr'><strong>beneficia</strong></span> <span class='ocrx_word' id='word_1_40' title='bbox 830 914 979 1000; x_wconf 77' lang='lat' dir='ltr'><strong>plotioaa,</strong></span> <span class='ocrx_word' id='word_1_41' title='bbox 1013 937 1092 998; x_wconf 81' lang='lat' dir='ltr'><strong>quae</strong></span> <span class='ocrx_word' id='word_1_42' title='bbox 1124 916 1160 977; x_wconf 75' lang='lat' dir='ltr'><strong>iri</strong></span> 
     </span>
     <span class='ocr_line' id='line_1_6' title="bbox 46 1011 1160 1100; baseline 0 -26"><span class='ocrx_word' id='word_1_43' title='bbox 46 1015 214 1076; x_wconf 70' lang='lat' dir='ltr'><strong>testamenti</strong></span> <span class='ocrx_word' id='word_1_44' title='bbox 236 1015 316 1078; x_wconf 79' lang='lat' dir='ltr'><strong>serie</strong></span> <span class='ocrx_word' id='word_1_45' title='bbox 332 1013 485 1097; x_wconf 76' lang='lat' dir='ltr'><strong>fidelibus</strong></span> <span class='ocrx_word' id='word_1_46' title='bbox 514 1023 681 1100; x_wconf 75' lang='lat' dir='ltr'><strong>protecter</strong></span> <span class='ocrx_word' id='word_1_47' title='bbox 703 1011 847 1092; x_wconf 82' lang='lat' dir='ltr'><strong>indulsit,</strong></span> <span class='ocrx_word' id='word_1_48' title='bbox 878 1023 1022 1075; x_wconf 75' lang='lat' dir='ltr'><strong><em>sanctam</em></strong></span> <span class='ocrx_word' id='word_1_49' title='bbox 1045 1013 1160 1074; x_wconf 82' lang='lat' dir='ltr'><strong>Roma-</strong></span> 
     </span>
     <span class='ocr_line' id='line_1_7' title="bbox 45 1108 1161 1196; baseline -0.001 -24"><span class='ocrx_word' id='word_1_50' title='bbox 45 1135 110 1172; x_wconf 78' lang='lat' dir='ltr'><strong>nam</strong></span> <span class='ocrx_word' id='word_1_51' title='bbox 133 1111 308 1174; x_wconf 73' lang='lat' dir='ltr'><em>Ecclesiam</em></span> <span class='ocrx_word' id='word_1_52' title='bbox 329 1123 461 1174; x_wconf 80' lang='lat' dir='ltr'><strong>matrem</strong></span> <span class='ocrx_word' id='word_1_53' title='bbox 485 1135 574 1175; x_wconf 81' lang='lat' dir='ltr'><strong>auam</strong></span> <span class='ocrx_word' id='word_1_54' title='bbox 606 1113 641 1174; x_wconf 83' lang='lat' dir='ltr'><strong>in</strong></span> <span class='ocrx_word' id='word_1_55' title='bbox 668 1111 760 1174; x_wconf 82' lang='lat' dir='ltr'><strong>corde</strong></span> <span class='ocrx_word' id='word_1_56' title='bbox 794 1109 942 1186; x_wconf 84' lang='lat' dir='ltr'><strong>contrite,</strong></span> <span class='ocrx_word' id='word_1_57' title='bbox 975 1108 1059 1196; x_wconf 74' lang='lat' dir='ltr'><strong>velut</strong></span> <span class='ocrx_word' id='word_1_58' title='bbox 1077 1110 1161 1192; x_wconf 73' lang='lat' dir='ltr'><strong>fidoi</strong></span> 
     </span>
     <span class='ocr_line' id='line_1_8' title="bbox 43 1207 1159 1294; baseline 0 -24"><span class='ocrx_word' id='word_1_59' title='bbox 43 1209 228 1272; x_wconf 77' lang='lat' dir='ltr'><strong>orthodoaeae</strong></span> <span class='ocrx_word' id='word_1_60' title='bbox 251 1208 371 1274; x_wconf 82' lang='lat' dir='ltr'><em>zelator</em></span> <span class='ocrx_word' id='word_1_61' title='bbox 394 1209 552 1272; x_wconf 84' lang='lat' dir='ltr'><strong>humiliter</strong></span> <span class='ocrx_word' id='word_1_62' title='bbox 579 1211 766 1294; x_wconf 63' lang='lat' dir='ltr'><strong>recognovit,</strong></span> <span class='ocrx_word' id='word_1_63' title='bbox 801 1218 830 1270; x_wconf 85' lang='lat' dir='ltr'><strong>ct</strong></span> <span class='ocrx_word' id='word_1_64' title='bbox 852 1208 972 1271; x_wconf 83' lang='lat' dir='ltr'><strong>domna</strong></span> <span class='ocrx_word' id='word_1_65' title='bbox 1001 1229 1080 1292; x_wconf 83' lang='lat' dir='ltr'><strong>quoe</strong></span> <span class='ocrx_word' id='word_1_66' title='bbox 1104 1207 1159 1270; x_wconf 82' lang='lat' dir='ltr'><strong>da-</strong></span> 
     </span>
     <span class='ocr_line' id='line_1_9' title="bbox 43 1303 1159 1392; baseline 0.003 -27"><span class='ocrx_word' id='word_1_67' title='bbox 43 1305 109 1368; x_wconf 80' lang='lat' dir='ltr'><strong>dum</strong></span> <span class='ocrx_word' id='word_1_68' title='bbox 132 1307 279 1385; x_wconf 84' lang='lat' dir='ltr'><strong>ecclesiis,</strong></span> <span class='ocrx_word' id='word_1_69' title='bbox 307 1309 425 1370; x_wconf 76' lang='lat' dir='ltr'><strong>itt-citos</strong></span> <span class='ocrx_word' id='word_1_70' title='bbox 447 1307 596 1392; x_wconf 79' lang='lat' dir='ltr'><strong>forsitan</strong></span> <span class='ocrx_word' id='word_1_71' title='bbox 626 1306 675 1370; x_wconf 87' lang='lat' dir='ltr'><strong>vel</strong></span> <span class='ocrx_word' id='word_1_72' title='bbox 695 1316 895 1392; x_wconf 83' lang='lat' dir='ltr'><strong>provocatus,</strong></span> <span class='ocrx_word' id='word_1_73' title='bbox 924 1303 1088 1383; x_wconf 80' lang='lat' dir='ltr'><strong>intulerat,</strong></span> <span class='ocrx_word' id='word_1_74' title='bbox 1112 1306 1159 1368; x_wconf 84' lang='lat' dir='ltr'><strong>in-</strong></span> 
     </span>
     <span class='ocr_line' id='line_1_10' title="bbox 44 1404 1161 1489; baseline 0 -23"><span class='ocrx_word' id='word_1_75' title='bbox 44 1415 118 1487; x_wconf 70' lang='lat' dir='ltr'><strong>tegre</strong></span> <span class='ocrx_word' id='word_1_76' title='bbox 144 1406 356 1470; x_wconf 82' lang='lat' dir='ltr'><strong>restauranda</strong></span> <span class='ocrx_word' id='word_1_77' title='bbox 380 1405 557 1488; x_wconf 81' lang='lat' dir='ltr'><strong>sancivit.¹)</strong></span> <span class='ocrx_word' id='word_1_78' title='bbox 605 1404 855 1468; x_wconf 86' lang='lat' dir='ltr'><strong>Confessionem</strong></span> <span class='ocrx_word' id='word_1_79' title='bbox 879 1425 1010 1489; x_wconf 87' lang='lat' dir='ltr'><strong>quoque</strong></span> <span class='ocrx_word' id='word_1_80' title='bbox 1034 1405 1161 1488; x_wconf 83' lang='lat' dir='ltr'><strong>peregit</strong></span> 
     </span>
     <span class='ocr_line' id='line_1_11' title="bbox 43 1500 1159 1588; baseline 0.001 -25"><span class='ocrx_word' id='word_1_81' title='bbox 43 1501 124 1585; x_wconf 84' lang='lat' dir='ltr'><strong>apud</strong></span> <span class='ocrx_word' id='word_1_82' title='bbox 154 1502 442 1588; x_wconf 86' lang='lat' dir='ltr'><strong>archiepiscopum</strong></span> <span class='ocrx_word' id='word_1_83' title='bbox 472 1503 757 1583; x_wconf 87' lang='lat' dir='ltr'><strong>Panormitanum,</strong></span> <span class='ocrx_word' id='word_1_84' title='bbox 792 1525 812 1564; x_wconf 90' lang='lat' dir='ltr'><strong>a</strong></span> <span class='ocrx_word' id='word_1_85' title='bbox 836 1523 900 1586; x_wconf 93' lang='lat' dir='ltr'><strong>quo</strong></span> <span class='ocrx_word' id='word_1_86' title='bbox 930 1510 963 1565; x_wconf 91' lang='lat' dir='ltr'><strong>et</strong></span> <span class='ocrx_word' id='word_1_87' title='bbox 985 1500 1159 1564; x_wconf 87' lang='lat' dir='ltr'><strong>absolutio·</strong></span> 
     </span>
     <span class='ocr_line' id='line_1_12' title="bbox 44 1598 1160 1686; baseline -0.002 -23"><span class='ocrx_word' id='word_1_88' title='bbox 44 1623 109 1664; x_wconf 89' lang='lat' dir='ltr'><strong>nem</strong></span> <span class='ocrx_word' id='word_1_89' title='bbox 134 1603 282 1686; x_wconf 65' lang='lat' dir='ltr'><strong>accepim</strong></span> <span class='ocrx_word' id='word_1_90' title='bbox 311 1600 459 1686; x_wconf 88' lang='lat' dir='ltr'><strong>sepultus</strong></span> <span class='ocrx_word' id='word_1_91' title='bbox 479 1613 593 1664; x_wconf 88' lang='lat' dir='ltr'><strong>autem</strong></span> <span class='ocrx_word' id='word_1_92' title='bbox 617 1611 666 1664; x_wconf 90' lang='lat' dir='ltr'><strong>est</strong></span> <span class='ocrx_word' id='word_1_93' title='bbox 692 1610 804 1685; x_wconf 89' lang='lat' dir='ltr'><strong>postea</strong></span> <span class='ocrx_word' id='word_1_94' title='bbox 828 1603 862 1663; x_wconf 92' lang='lat' dir='ltr'><strong>in</strong></span> <span class='ocrx_word' id='word_1_95' title='bbox 888 1598 1028 1662; x_wconf 90' lang='lat' dir='ltr'><strong>ecclesia</strong></span> <span class='ocrx_word' id='word_1_96' title='bbox 1052 1599 1160 1662; x_wconf 89' lang='lat' dir='ltr'><strong>cathe-</strong></span> 
     </span>
     <span class='ocr_line' id='line_1_13' title="bbox 43 1697 303 1764; baseline 0.012 -4"><span class='ocrx_word' id='word_1_97' title='bbox 43 1697 117 1760; x_wconf 87' lang='lat' dir='ltr'><strong>drali</strong></span> <span class='ocrx_word' id='word_1_98' title='bbox 135 1699 303 1764; x_wconf 79' lang='lat' dir='ltr'><strong>Panormi.</strong></span> 
     </span>
    </p>

    <p class='ocr_par' dir='ltr' id='par_1_3' title="bbox 42 1795 1324 4134">
     <span class='ocr_line' id='line_1_14' title="bbox 122 1795 1324 1877; baseline -0.002 -17"><span class='ocrx_word' id='word_1_99' title='bbox 122 1797 178 1861; x_wconf 85' lang='lat'><strong>48.</strong></span> <span class='ocrx_word' id='word_1_100' title='bbox 211 1797 262 1860; x_wconf 89' lang='lat' dir='ltr'><strong>De</strong></span> <span class='ocrx_word' id='word_1_101' title='bbox 288 1797 448 1861; x_wconf 89' lang='lat' dir='ltr'><strong>Frideriei</strong></span> <span class='ocrx_word' id='word_1_102' title='bbox 473 1797 508 1861; x_wconf 93' lang='lat' dir='ltr'><strong>Il</strong></span> <span class='ocrx_word' id='word_1_103' title='bbox 539 1799 608 1860; x_wconf 87' lang='lat' dir='ltr'><strong>vita</strong></span> <span class='ocrx_word' id='word_1_104' title='bbox 632 1807 665 1860; x_wconf 92' lang='lat' dir='ltr'><strong>et</strong></span> <span class='ocrx_word' id='word_1_105' title='bbox 688 1795 818 1860; x_wconf 85' lang='lat' dir='ltr'><strong>influxu</strong></span> <span class='ocrx_word' id='word_1_106' title='bbox 852 1796 1033 1858; x_wconf 85' lang='lat' dir='ltr'><strong>universim</strong></span> <span class='ocrx_word' id='word_1_107' title='bbox 1066 1795 1159 1877; x_wconf 89' lang='lat' dir='ltr'><strong>haec,</strong></span> <span class='ocrx_word' id='word_1_108' title='bbox 1177 1804 1324 1876; x_wconf 61' lang='lat' dir='ltr'><strong>¹·&#39;12160fi0111</strong></span> 
     </span>
     <span class='ocr_line' id='line_1_15' title="bbox 43 1866 1297 1978; baseline 0.001 -23"><span class='ocrx_word' id='word_1_109' title='bbox 43 1917 109 1956; x_wconf 81' lang='lat' dir='ltr'><strong>curn</strong></span> <span class='ocrx_word' id='word_1_110' title='bbox 134 1895 210 1958; x_wconf 88' lang='lat' dir='ltr'><strong>Em.</strong></span> <span class='ocrx_word' id='word_1_111' title='bbox 237 1893 334 1959; x_wconf 86' lang='lat' dir='ltr'><strong>Card.</strong></span> <span class='ocrx_word' id='word_1_112' title='bbox 360 1894 616 1978; x_wconf 75' lang='lat' dir='ltr'><strong>Hergenrttther,</strong></span> <span class='ocrx_word' id='word_1_113' title='bbox 641 1893 854 1958; x_wconf 80' lang='lat' dir='ltr'><strong>advertimus.</strong></span> <span class='ocrx_word' id='word_1_114' title='bbox 880 1930 924 1938; x_wconf 95' lang='lat'><strong>—</strong></span> <span class='ocrx_word' id='word_1_115' title='bbox 947 1891 1041 1956; x_wconf 89' lang='lat' dir='ltr'><strong>Sicut</strong></span> <span class='ocrx_word' id='word_1_116' title='bbox 1064 1894 1160 1956; x_wconf 85' lang='lat' dir='ltr'><strong>vicis·</strong></span> <span class='ocrx_word' id='word_1_117' title='bbox 1202 1866 1297 1906; x_wconf 53' lang='lat' dir='ltr'><strong>mm*</strong></span> 
     </span>
     <span class='ocr_line' id='line_1_16' title="bbox 42 1991 1159 2076; baseline -0.001 -22"><span class='ocrx_word' id='word_1_118' title='bbox 42 1992 198 2056; x_wconf 86' lang='lat' dir='ltr'><strong>situdines</strong></span> <span class='ocrx_word' id='word_1_119' title='bbox 222 1994 346 2073; x_wconf 87' lang='lat' dir='ltr'><strong>variae,</strong></span> <span class='ocrx_word' id='word_1_120' title='bbox 372 1995 418 2056; x_wconf 88' lang='lat' dir='ltr'><strong>ita</strong></span> <span class='ocrx_word' id='word_1_121' title='bbox 442 2002 474 2055; x_wconf 83' lang='lat' dir='ltr'><strong>et</strong></span> <span class='ocrx_word' id='word_1_122' title='bbox 498 1992 687 2056; x_wconf 89' lang='lat' dir='ltr'><strong>tendentiae</strong></span> <span class='ocrx_word' id='word_1_123' title='bbox 711 1991 808 2076; x_wconf 90' lang='lat' dir='ltr'><strong>plane</strong></span> <span class='ocrx_word' id='word_1_124' title='bbox 823 1991 1007 2054; x_wconf 84' lang='lat' dir='ltr'><strong>contrariae</strong></span> <span class='ocrx_word' id='word_1_125' title='bbox 1032 1992 1065 2053; x_wconf 92' lang='lat' dir='ltr'><strong>in</strong></span> <span class='ocrx_word' id='word_1_126' title='bbox 1091 1991 1159 2053; x_wconf 84' lang='lat' dir='ltr'><strong>Fri·</strong></span> 
     </span>
     <span class='ocr_line' id='line_1_17' title="bbox 43 2089 1160 2176; baseline 0.001 -24"><span class='ocrx_word' id='word_1_127' title='bbox 43 2089 137 2154; x_wconf 86' lang='lat' dir='ltr'><strong>derici</strong></span> <span class='ocrx_word' id='word_1_128' title='bbox 163 2093 234 2154; x_wconf 84' lang='lat' dir='ltr'><strong>vita</strong></span> <span class='ocrx_word' id='word_1_129' title='bbox 258 2093 518 2175; x_wconf 81' lang='lat' dir='ltr'><strong>conspiciuntur.</strong></span> <span class='ocrx_word' id='word_1_130' title='bbox 566 2091 678 2176; x_wconf 86' lang='lat' dir='ltr'><strong>Usque</strong></span> <span class='ocrx_word' id='word_1_131' title='bbox 711 2091 754 2154; x_wconf 87' lang='lat' dir='ltr'><strong>ad</strong></span> <span class='ocrx_word' id='word_1_132' title='bbox 784 2111 909 2154; x_wconf 85' lang='lat' dir='ltr'><strong>annum</strong></span> <span class='ocrx_word' id='word_1_133' title='bbox 938 2090 1021 2152; x_wconf 71' lang='lat'>1245</span> <span class='ocrx_word' id='word_1_134' title='bbox 1055 2091 1160 2153; x_wconf 91' lang='lat' dir='ltr'><strong>muni-</strong></span> 
     </span>
     <span class='ocr_line' id='line_1_18' title="bbox 42 2187 1161 2274; baseline 0.003 -25"><span class='ocrx_word' id='word_1_135' title='bbox 42 2189 197 2273; x_wconf 81' lang='lat' dir='ltr'><strong>cipiorum</strong></span> <span class='ocrx_word' id='word_1_136' title='bbox 222 2188 367 2252; x_wconf 75' lang='lat' dir='ltr'><strong>libertati</strong></span> <span class='ocrx_word' id='word_1_137' title='bbox 399 2199 498 2274; x_wconf 88' lang='lat' dir='ltr'><strong>atque</strong></span> <span class='ocrx_word' id='word_1_138' title='bbox 523 2187 716 2252; x_wconf 85' lang='lat' dir='ltr'><strong>haeresibus</strong></span> <span class='ocrx_word' id='word_1_139' title='bbox 738 2210 809 2252; x_wconf 87' lang='lat' dir='ltr'><strong>sese</strong></span> <span class='ocrx_word' id='word_1_140' title='bbox 833 2187 977 2251; x_wconf 85' lang='lat' dir='ltr'><strong>ostendit</strong></span> <span class='ocrx_word' id='word_1_141' title='bbox 1000 2189 1161 2252; x_wconf 89' lang='lat' dir='ltr'><strong>acerrima</strong></span> 
     </span>
     <span class='ocr_line' id='line_1_19' title="bbox 42 2284 1161 2370; baseline 0 -22"><span class='ocrx_word' id='word_1_142' title='bbox 42 2285 123 2350; x_wconf 86' lang='lat' dir='ltr'><strong>lucta</strong></span> <span class='ocrx_word' id='word_1_143' title='bbox 156 2287 347 2366; x_wconf 88' lang='lat' dir='ltr'><strong>adversum,</strong></span> <span class='ocrx_word' id='word_1_144' title='bbox 378 2287 500 2350; x_wconf 84' lang='lat' dir='ltr'><strong>exinde</strong></span> <span class='ocrx_word' id='word_1_145' title='bbox 525 2289 635 2350; x_wconf 91' lang='lat' dir='ltr'><strong>minus</strong></span> <span class='ocrx_word' id='word_1_146' title='bbox 668 2285 759 2350; x_wconf 90' lang='lat' dir='ltr'><strong>hisce</strong></span> <span class='ocrx_word' id='word_1_147' title='bbox 783 2287 953 2370; x_wconf 90' lang='lat' dir='ltr'><strong>oppositus</strong></span> <span class='ocrx_word' id='word_1_148' title='bbox 976 2284 1048 2348; x_wconf 88' lang='lat' dir='ltr'><strong>fuit.</strong></span> <span class='ocrx_word' id='word_1_149' title='bbox 1094 2285 1161 2348; x_wconf 87' lang='lat' dir='ltr'><strong>Eos</strong></span> 
     </span>
     <span class='ocr_line' id='line_1_20' title="bbox 43 2382 1161 2470; baseline 0 -24"><span class='ocrx_word' id='word_1_150' title='bbox 43 2383 151 2448; x_wconf 83' lang='lat' dir='ltr'><strong>saltem</strong></span> <span class='ocrx_word' id='word_1_151' title='bbox 166 2385 305 2466; x_wconf 79' lang='lat' dir='ltr'><strong>tructus,</strong></span> <span class='ocrx_word' id='word_1_152' title='bbox 330 2406 450 2470; x_wconf 87' lang='lat' dir='ltr'><strong>eosque</strong></span> <span class='ocrx_word' id='word_1_153' title='bbox 474 2384 569 2466; x_wconf 89' lang='lat' dir='ltr'><strong>solos,</strong></span> <span class='ocrx_word' id='word_1_154' title='bbox 594 2383 712 2448; x_wconf 92' lang='lat' dir='ltr'><strong>habuit</strong></span> <span class='ocrx_word' id='word_1_155' title='bbox 730 2385 801 2469; x_wconf 86' lang='lat' dir='ltr'><strong>ejus</strong></span> <span class='ocrx_word' id='word_1_156' title='bbox 824 2383 978 2446; x_wconf 80' lang='lat' dir='ltr'><strong>educatio</strong></span> <span class='ocrx_word' id='word_1_157' title='bbox 1002 2382 1045 2445; x_wconf 89' lang='lat' dir='ltr'><strong>ab</strong></span> <span class='ocrx_word' id='word_1_158' title='bbox 1064 2383 1161 2447; x_wconf 76' lang='lat' dir='ltr'><strong>Iuno</strong></span> 
     </span>
     <span class='ocr_line' id='line_1_21' title="bbox 44 2479 1161 2568; baseline -0.001 -25"><span class='ocrx_word' id='word_1_159' title='bbox 44 2484 143 2546; x_wconf 81' lang='lat' dir='ltr'><strong>centio</strong></span> <span class='ocrx_word' id='word_1_160' title='bbox 169 2481 222 2546; x_wconf 91' lang='grc' dir='ltr'><strong>ΠΙ</strong></span> <span class='ocrx_word' id='word_1_161' title='bbox 248 2481 384 2559; x_wconf 85' lang='lat' dir='ltr'><strong>directa,</strong></span> <span class='ocrx_word' id='word_1_162' title='bbox 418 2482 507 2568; x_wconf 90' lang='lat' dir='ltr'><strong>quod</strong></span> <span class='ocrx_word' id='word_1_163' title='bbox 539 2481 665 2546; x_wconf 88' lang='lat' dir='ltr'><strong>artibus</strong></span> <span class='ocrx_word' id='word_1_164' title='bbox 698 2493 731 2544; x_wconf 88' lang='lat' dir='ltr'><strong>ct</strong></span> <span class='ocrx_word' id='word_1_165' title='bbox 755 2479 939 2566; x_wconf 87' lang='lat' dir='ltr'><strong>disciplinis</strong></span> <span class='ocrx_word' id='word_1_166' title='bbox 963 2480 1072 2543; x_wconf 86' lang='lat' dir='ltr'><strong>fautor</strong></span> <span class='ocrx_word' id='word_1_167' title='bbox 1095 2483 1161 2543; x_wconf 87' lang='lat' dir='ltr'><strong>exi-</strong></span> 
     </span>
     <span class='ocr_line' id='line_1_22' title="bbox 44 2577 1163 2665; baseline 0 -23"><span class='ocrx_word' id='word_1_168' title='bbox 44 2589 144 2644; x_wconf 80' lang='lat' dir='ltr'><strong>steret.</strong></span> <span class='ocrx_word' id='word_1_169' title='bbox 193 2579 418 2643; x_wconf 90' lang='lat' dir='ltr'><strong>Humaniores</strong></span> <span class='ocrx_word' id='word_1_170' title='bbox 450 2579 576 2644; x_wconf 83' lang='lat' dir='ltr'><strong>litteras</strong></span> <span class='ocrx_word' id='word_1_171' title='bbox 599 2580 690 2665; x_wconf 86' lang='lat' dir='ltr'><strong>apud</strong></span> <span class='ocrx_word' id='word_1_172' title='bbox 713 2579 841 2643; x_wconf 85' lang='lat' dir='ltr'><strong>Arabes</strong></span> <span class='ocrx_word' id='word_1_173' title='bbox 866 2577 1028 2658; x_wconf 89' lang='lat' dir='ltr'><strong>florentes,</strong></span> <span class='ocrx_word' id='word_1_174' title='bbox 1059 2578 1163 2663; x_wconf 93' lang='lat' dir='ltr'><strong>philo-</strong></span> 
     </span>
     <span class='ocr_line' id='line_1_23' title="bbox 45 2676 1163 2763; baseline 0.001 -25"><span class='ocrx_word' id='word_1_175' title='bbox 45 2677 198 2762; x_wconf 77' lang='lat' dir='ltr'><strong>sophiam,</strong></span> <span class='ocrx_word' id='word_1_176' title='bbox 220 2677 500 2753; x_wconf 81' lang='lat' dir='ltr'><strong>mathematicam,</strong></span> <span class='ocrx_word' id='word_1_177' title='bbox 525 2681 705 2763; x_wconf 73' lang='lat' dir='ltr'><strong>promovit,</strong></span> <span class='ocrx_word' id='word_1_178' title='bbox 730 2677 844 2762; x_wconf 74' lang='lat' dir='ltr'><strong>lingua</strong></span> <span class='ocrx_word' id='word_1_179' title='bbox 859 2676 977 2740; x_wconf 74' lang='lat' dir='ltr'><strong>Italica</strong></span> <span class='ocrx_word' id='word_1_180' title='bbox 1000 2678 1071 2761; x_wconf 85' lang='lat' dir='ltr'><strong>ipse</strong></span> <span class='ocrx_word' id='word_1_181' title='bbox 1095 2699 1163 2740; x_wconf 91' lang='lat' dir='ltr'><strong>car-</strong></span> 
     </span>
     <span class='ocr_line' id='line_1_24' title="bbox 44 2773 1163 2860; baseline -0.002 -22"><span class='ocrx_word' id='word_1_182' title='bbox 44 2777 127 2839; x_wconf 87' lang='lat' dir='ltr'><strong>mina</strong></span> <span class='ocrx_word' id='word_1_183' title='bbox 152 2775 391 2860; x_wconf 61' lang='lat' dir='ltr'><strong>componebam</strong></span> <span class='ocrx_word' id='word_1_184' title='bbox 416 2775 554 2860; x_wconf 88' lang='lat' dir='ltr'><strong>Neapoli</strong></span> <span class='ocrx_word' id='word_1_185' title='bbox 579 2785 678 2860; x_wconf 90' lang='lat' dir='ltr'><strong>atque</strong></span> <span class='ocrx_word' id='word_1_186' title='bbox 695 2776 851 2840; x_wconf 90' lang='lat' dir='ltr'><strong>Panormi</strong></span> <span class='ocrx_word' id='word_1_187' title='bbox 871 2773 998 2838; x_wconf 85' lang='lat' dir='ltr'><strong>scholas</strong></span> <span class='ocrx_word' id='word_1_188' title='bbox 1022 2775 1163 2838; x_wconf 89' lang='lat' dir='ltr'><strong>erudito-</strong></span> 
     </span>
     <span class='ocr_line' id='line_1_25' title="bbox 46 2872 1163 2959; baseline 0.001 -25"><span class='ocrx_word' id='word_1_189' title='bbox 46 2896 109 2936; x_wconf 86' lang='lat' dir='ltr'><strong>rum</strong></span> <span class='ocrx_word' id='word_1_190' title='bbox 134 2873 278 2938; x_wconf 87' lang='lat' dir='ltr'><strong>multum</strong></span> <span class='ocrx_word' id='word_1_191' title='bbox 295 2875 435 2937; x_wconf 86' lang='lat' dir='ltr'><strong>curavit.</strong></span> <span class='ocrx_word' id='word_1_192' title='bbox 483 2873 715 2959; x_wconf 74' lang='lat' dir='ltr'><strong>superstitioni</strong></span> <span class='ocrx_word' id='word_1_193' title='bbox 734 2872 929 2956; x_wconf 84' lang='lat' dir='ltr'><strong>astrologiae</strong></span> <span class='ocrx_word' id='word_1_194' title='bbox 946 2875 1077 2957; x_wconf 90' lang='lat' dir='ltr'><strong>penitus</strong></span> <span class='ocrx_word' id='word_1_195' title='bbox 1094 2883 1163 2936; x_wconf 90' lang='lat' dir='ltr'><strong>erat</strong></span> 
     </span>
     <span class='ocr_line' id='line_1_26' title="bbox 46 2969 1203 3054; baseline 0 -20"><span class='ocrx_word' id='word_1_196' title='bbox 46 2969 189 3053; x_wconf 86' lang='lat' dir='ltr'><strong>deditus,</strong></span> <span class='ocrx_word' id='word_1_197' title='bbox 223 2970 394 3035; x_wconf 82' lang='lat' dir='ltr'><strong>Ecclesiae</strong></span> <span class='ocrx_word' id='word_1_198' title='bbox 419 2982 571 3036; x_wconf 87' lang='lat' dir='ltr'><strong>naturam</strong></span> <span class='ocrx_word' id='word_1_199' title='bbox 595 2983 627 3034; x_wconf 91' lang='lat' dir='ltr'><strong>et</strong></span> <span class='ocrx_word' id='word_1_200' title='bbox 660 2971 804 3036; x_wconf 90' lang='lat' dir='ltr'><strong>indolem</strong></span> <span class='ocrx_word' id='word_1_201' title='bbox 837 2970 927 3034; x_wconf 89' lang='lat' dir='ltr'><strong>haud</strong></span> <span class='ocrx_word' id='word_1_202' title='bbox 958 2970 1164 3054; x_wconf 84' lang='lat' dir='ltr'><strong>intelligebat</strong></span> <span class='ocrx_word' id='word_1_203' title='bbox 1199 2999 1203 3008; x_wconf 93' lang='lat'>·</span> 
     </span>
     <span class='ocr_line' id='line_1_27' title="bbox 45 3068 1163 3155; baseline 0.002 -25"><span class='ocrx_word' id='word_1_204' title='bbox 45 3089 98 3130; x_wconf 91' lang='lat' dir='ltr'><strong>nec</strong></span> <span class='ocrx_word' id='word_1_205' title='bbox 122 3091 211 3155; x_wconf 89' lang='lat' dir='ltr'><strong>quae</strong></span> <span class='ocrx_word' id='word_1_206' title='bbox 235 3089 278 3132; x_wconf 90' lang='lat' dir='ltr'><strong>ex</strong></span> <span class='ocrx_word' id='word_1_207' title='bbox 302 3068 440 3133; x_wconf 88' lang='lat' dir='ltr'><strong>historia</strong></span> <span class='ocrx_word' id='word_1_208' title='bbox 465 3069 618 3154; x_wconf 85' lang='lat' dir='ltr'><strong>colligere</strong></span> <span class='ocrx_word' id='word_1_209' title='bbox 643 3071 803 3154; x_wconf 89' lang='lat' dir='ltr'><strong>potuisset</strong></span> <span class='ocrx_word' id='word_1_210' title='bbox 825 3069 935 3154; x_wconf 88' lang='lat' dir='ltr'><strong>quoad</strong></span> <span class='ocrx_word' id='word_1_211' title='bbox 960 3070 1030 3154; x_wconf 91' lang='lat' dir='ltr'><strong>ejus</strong></span> <span class='ocrx_word' id='word_1_212' title='bbox 1054 3078 1163 3132; x_wconf 90' lang='lat' dir='ltr'><strong>aucto-</strong></span> 
     </span>
     <span class='ocr_line' id='line_1_28' title="bbox 46 3165 1162 3252; baseline 0.006 -24"><span class='ocrx_word' id='word_1_213' title='bbox 46 3168 167 3230; x_wconf 84' lang='lat' dir='ltr'><strong>ritatem</strong></span> <span class='ocrx_word' id='word_1_214' title='bbox 206 3180 239 3230; x_wconf 87' lang='lat' dir='ltr'><strong>et</strong></span> <span class='ocrx_word' id='word_1_215' title='bbox 269 3167 357 3252; x_wconf 88' lang='lat' dir='ltr'><strong>jura.</strong></span> <span class='ocrx_word' id='word_1_216' title='bbox 417 3167 600 3252; x_wconf 88' lang='lat' dir='ltr'><strong>Imperium</strong></span> <span class='ocrx_word' id='word_1_217' title='bbox 638 3165 848 3251; x_wconf 85' lang='lat' dir='ltr'><strong>concipiebat</strong></span> <span class='ocrx_word' id='word_1_218' title='bbox 881 3166 977 3230; x_wconf 92' lang='lat' dir='ltr'><strong>modo</strong></span> <span class='ocrx_word' id='word_1_219' title='bbox 1015 3166 1162 3235; x_wconf 87' lang='lat' dir='ltr'><strong>ehalifati</strong></span> 
     </span>
     <span class='ocr_line' id='line_1_29' title="bbox 47 3263 1164 3352; baseline 0.004 -26"><span class='ocrx_word' id='word_1_220' title='bbox 47 3263 195 3344; x_wconf 74' lang='lat' dir='ltr'><strong>(trientis,</strong></span> <span class='ocrx_word' id='word_1_221' title='bbox 222 3275 255 3327; x_wconf 90' lang='lat' dir='ltr'><strong>et</strong></span> <span class='ocrx_word' id='word_1_222' title='bbox 278 3265 320 3329; x_wconf 89' lang='lat' dir='ltr'><strong>ad</strong></span> <span class='ocrx_word' id='word_1_223' title='bbox 346 3266 451 3329; x_wconf 88' lang='lat' dir='ltr'><strong>instar</strong></span> <span class='ocrx_word' id='word_1_224' title='bbox 467 3265 703 3329; x_wconf 88' lang='lat' dir='ltr'><strong>dominationis</strong></span> <span class='ocrx_word' id='word_1_225' title='bbox 718 3263 845 3328; x_wconf 85' lang='lat' dir='ltr'><strong>Tiberii</strong></span> <span class='ocrx_word' id='word_1_226' title='bbox 862 3263 1068 3352; x_wconf 87' lang='lat' dir='ltr'><strong>aliorumque</strong></span> <span class='ocrx_word' id='word_1_227' title='bbox 1082 3269 1164 3330; x_wconf 91' lang='lat' dir='ltr'><strong>anti-</strong></span> 
     </span>
     <span class='ocr_line' id='line_1_30' title="bbox 47 3363 1164 3450; baseline 0.004 -25"><span class='ocrx_word' id='word_1_228' title='bbox 47 3383 179 3446; x_wconf 88' lang='lat' dir='ltr'><strong>quorum</strong></span> <span class='ocrx_word' id='word_1_229' title='bbox 205 3363 386 3426; x_wconf 84' lang='lat' dir='ltr'><strong>diuinorum</strong></span> <span class='ocrx_word' id='word_1_230' title='bbox 410 3363 534 3428; x_wconf 89' lang='lat' dir='ltr'><strong>Romae</strong></span> <span class='ocrx_word' id='word_1_231' title='bbox 561 3364 819 3448; x_wconf 81' lang='lat' dir='ltr'><strong>Imperatorum3</strong></span> <span class='ocrx_word' id='word_1_232' title='bbox 853 3373 952 3448; x_wconf 90' lang='lat' dir='ltr'><strong>atque</strong></span> <span class='ocrx_word' id='word_1_233' title='bbox 977 3364 1076 3450; x_wconf 89' lang='lat' dir='ltr'><strong>hujus</strong></span> <span class='ocrx_word' id='word_1_234' title='bbox 1101 3363 1164 3429; x_wconf 92' lang='lat' dir='ltr'><strong>Im·</strong></span> 
     </span>
     <span class='ocr_line' id='line_1_31' title="bbox 49 3459 1164 3550; baseline 0.004 -28"><span class='ocrx_word' id='word_1_235' title='bbox 49 3461 121 3542; x_wconf 87' lang='lat' dir='ltr'><strong>perii</strong></span> <span class='ocrx_word' id='word_1_236' title='bbox 146 3462 295 3539; x_wconf 87' lang='lat' dir='ltr'><strong>servitio,</strong></span> <span class='ocrx_word' id='word_1_237' title='bbox 326 3463 425 3524; x_wconf 89' lang='lat' dir='ltr'><strong>etiam</strong></span> <span class='ocrx_word' id='word_1_238' title='bbox 451 3459 683 3541; x_wconf 87' lang='lat' dir='ltr'><strong>hierarchiam,</strong></span> <span class='ocrx_word' id='word_1_239' title='bbox 707 3460 849 3524; x_wconf 79' lang='lat' dir='ltr'><strong>omnibus</strong></span> <span class='ocrx_word' id='word_1_240' title='bbox 873 3460 962 3525; x_wconf 81' lang='lat' dir='ltr'><strong>bortis</strong></span> <span class='ocrx_word' id='word_1_241' title='bbox 986 3463 1164 3550; x_wconf 82' lang='lat' dir='ltr'><strong>temporali·</strong></span> 
     </span>
     <span class='ocr_line' id='line_1_32' title="bbox 49 3555 1166 3645; baseline 0.006 -28"><span class='ocrx_word' id='word_1_242' title='bbox 49 3555 96 3620; x_wconf 82' lang='lat' dir='ltr'><strong>hus</strong></span> <span class='ocrx_word' id='word_1_243' title='bbox 105 3560 272 3644; x_wconf 82' lang='lat' dir='ltr'><strong>privatam</strong></span> <span class='ocrx_word' id='word_1_244' title='bbox 294 3570 325 3622; x_wconf 87' lang='lat' dir='ltr'><strong>et</strong></span> <span class='ocrx_word' id='word_1_245' title='bbox 347 3559 391 3622; x_wconf 86' lang='lat' dir='ltr'><strong>ad</strong></span> <span class='ocrx_word' id='word_1_246' title='bbox 415 3559 625 3644; x_wconf 67' lang='lat' dir='ltr'><strong>euangelicam</strong></span> <span class='ocrx_word' id='word_1_247' title='bbox 638 3568 864 3645; x_wconf 83' lang='lat' dir='ltr'><strong>paupertatem</strong></span> <span class='ocrx_word' id='word_1_248' title='bbox 879 3559 1051 3640; x_wconf 79' lang='lat' dir='ltr'><strong>redactam,</strong></span> <span class='ocrx_word' id='word_1_249' title='bbox 1076 3583 1166 3625; x_wconf 89' lang='lat' dir='ltr'><strong>man·</strong></span> 
     </span>
     <span class='ocr_line' id='line_1_33' title="bbox 50 3653 1165 3744; baseline 0.007 -30"><span class='ocrx_word' id='word_1_250' title='bbox 50 3657 151 3739; x_wconf 81' lang='lat' dir='ltr'><strong>cipere</strong></span> <span class='ocrx_word' id='word_1_251' title='bbox 176 3653 322 3721; x_wconf 84' lang='lat' dir='ltr'><strong>volebat.</strong></span> <span class='ocrx_word' id='word_1_252' title='bbox 370 3655 551 3742; x_wconf 88' lang='lat' dir='ltr'><strong>Splendore</strong></span> <span class='ocrx_word' id='word_1_253' title='bbox 567 3657 710 3742; x_wconf 90' lang='lat' dir='ltr'><strong>quodam</strong></span> <span class='ocrx_word' id='word_1_254' title='bbox 734 3667 871 3721; x_wconf 83' lang='lat' dir='ltr'><strong>externo</strong></span> <span class='ocrx_word' id='word_1_255' title='bbox 889 3657 1069 3743; x_wconf 89' lang='lat' dir='ltr'><strong>Imperium</strong></span> <span class='ocrx_word' id='word_1_256' title='bbox 1094 3659 1165 3744; x_wconf 88' lang='lat' dir='ltr'><strong>ejus</strong></span> 
     </span>
     <span class='ocr_line' id='line_1_34' title="bbox 50 3751 1164 3840; baseline 0.008 -29"><span class='ocrx_word' id='word_1_257' title='bbox 50 3751 208 3836; x_wconf 78' lang='lat' dir='ltr'><strong>fulgebat,</strong></span> <span class='ocrx_word' id='word_1_258' title='bbox 242 3753 387 3839; x_wconf 88' lang='lat' dir='ltr'><strong>indeque</strong></span> <span class='ocrx_word' id='word_1_259' title='bbox 418 3754 490 3840; x_wconf 88' lang='lat' dir='ltr'><strong>ejus</strong></span> <span class='ocrx_word' id='word_1_260' title='bbox 528 3753 671 3818; x_wconf 88' lang='lat' dir='ltr'><strong>asseclae</strong></span> <span class='ocrx_word' id='word_1_261' title='bbox 708 3756 742 3818; x_wconf 93' lang='lat' dir='ltr'><strong>in</strong></span> <span class='ocrx_word' id='word_1_262' title='bbox 772 3756 875 3840; x_wconf 89' lang='lat' dir='ltr'><strong>ipsius</strong></span> <span class='ocrx_word' id='word_1_263' title='bbox 912 3756 1164 3820; x_wconf 88' lang='lat' dir='ltr'><strong>admirationem</strong></span> 
     </span>
     <span class='ocr_line' id='line_1_35' title="bbox 51 3847 1164 3936; baseline 0.007 -26"><span class='ocrx_word' id='word_1_264' title='bbox 51 3847 314 3935; x_wconf 86' lang='lat' dir='ltr'><strong>abripiebantur;</strong></span> <span class='ocrx_word' id='word_1_265' title='bbox 347 3851 406 3914; x_wconf 89' lang='lat' dir='ltr'><strong>sed</strong></span> <span class='ocrx_word' id='word_1_266' title='bbox 430 3851 535 3915; x_wconf 85' lang='lat' dir='ltr'><strong>ferrea</strong></span> <span class='ocrx_word' id='word_1_267' title='bbox 558 3853 733 3916; x_wconf 85' lang='lat' dir='ltr'><strong>severitate</strong></span> <span class='ocrx_word' id='word_1_268' title='bbox 757 3852 898 3917; x_wconf 85' lang='lat' dir='ltr'><strong>subditis</strong></span> <span class='ocrx_word' id='word_1_269' title='bbox 922 3852 1164 3936; x_wconf 89' lang='lat' dir='ltr'><strong>dominabatur,</strong></span> 
     </span>
     <span class='ocr_line' id='line_1_36' title="bbox 53 3947 1165 4037; baseline 0.008 -30"><span class='ocrx_word' id='word_1_270' title='bbox 53 3959 78 4008; x_wconf 84' lang='lat' dir='ltr'><strong>ct</strong></span> <span class='ocrx_word' id='word_1_271' title='bbox 99 3949 153 4034; x_wconf 91' lang='lat' dir='ltr'><strong>qui</strong></span> <span class='ocrx_word' id='word_1_272' title='bbox 169 3947 325 4033; x_wconf 90' lang='lat' dir='ltr'><strong>religioni</strong></span> <span class='ocrx_word' id='word_1_273' title='bbox 340 3971 380 4014; x_wconf 87' lang='lat' dir='ltr'><strong>ae</strong></span> <span class='ocrx_word' id='word_1_274' title='bbox 394 3949 472 4014; x_wconf 87' lang='lat' dir='ltr'><strong>fidei</strong></span> <span class='ocrx_word' id='word_1_275' title='bbox 488 3961 583 4014; x_wconf 87' lang='lat' dir='ltr'><strong>erant</strong></span> <span class='ocrx_word' id='word_1_276' title='bbox 596 3950 732 4032; x_wconf 90' lang='lat' dir='ltr'><strong>addicti,</strong></span> <span class='ocrx_word' id='word_1_277' title='bbox 756 3950 969 4037; x_wconf 82' lang='lat' dir='ltr'><strong>Imperatoris</strong></span> <span class='ocrx_word' id='word_1_278' title='bbox 990 3952 1165 4036; x_wconf 86' lang='lat' dir='ltr'><strong>perfidiam</strong></span> 
     </span>
     <span class='ocr_line' id='line_1_37' title="bbox 53 4047 1166 4134; baseline 0.008 -29"><span class='ocrx_word' id='word_1_279' title='bbox 53 4065 85 4107; x_wconf 83' lang='lat' dir='ltr'><strong>ac</strong></span> <span class='ocrx_word' id='word_1_280' title='bbox 107 4047 318 4130; x_wconf 83' lang='lat' dir='ltr'><strong>tyrannidem</strong></span> <span class='ocrx_word' id='word_1_281' title='bbox 343 4047 602 4114; x_wconf 86' lang='lat' dir='ltr'><strong>detestabantur.</strong></span> <span class='ocrx_word' id='word_1_282' title='bbox 649 4048 804 4113; x_wconf 85' lang='lat' dir='ltr'><strong>Violenta</strong></span> <span class='ocrx_word' id='word_1_283' title='bbox 827 4050 898 4134; x_wconf 85' lang='lat' dir='ltr'><strong>ejus</strong></span> <span class='ocrx_word' id='word_1_284' title='bbox 922 4050 956 4113; x_wconf 94' lang='lat' dir='ltr'><strong>in</strong></span> <span class='ocrx_word' id='word_1_285' title='bbox 980 4048 1166 4114; x_wconf 85' lang='lat' dir='ltr'><strong>Ecclesiam</strong></span> 
     </span>
    </p>
   </div>
   <div class='ocr_carea' id='block_1_3' title="bbox 58 4191 254 4202">
    <p class='ocr_par' dir='ltr' id='par_1_4' title="bbox 58 4191 254 4202">
     <span class='ocr_line' id='line_1_38' title="bbox 58 4191 254 4202; baseline 0.01 -2"><span class='ocrx_word' id='word_1_286' title='bbox 58 4191 254 4202; x_wconf 73' lang='lat'><em>-—-----—-</em></span> 
     </span>
    </p>
   </div>
   <div class='ocr_carea' id='block_1_4' title="bbox 118 4257 686 4328">
    <p class='ocr_par' dir='ltr' id='par_1_5' title="bbox 118 4257 686 4328">
     <span class='ocr_line' id='line_1_39' title="bbox 118 4257 686 4328; baseline 0.009 -15"><span class='ocrx_word' id='word_1_287' title='bbox 118 4259 137 4326; x_wconf 85' lang='lat'><strong>¹)</strong></span> <span class='ocrx_word' id='word_1_288' title='bbox 156 4263 208 4326; x_wconf 85' lang='lat' dir='ltr'><strong>Ap.</strong></span> <span class='ocrx_word' id='word_1_289' title='bbox 229 4259 320 4314; x_wconf 89' lang='lat' dir='ltr'><strong>Balut.</strong></span> <span class='ocrx_word' id='word_1_290' title='bbox 340 4257 488 4314; x_wconf 83' lang='lat' dir='ltr'><strong>Miscellan.</strong></span> <span class='ocrx_word' id='word_1_291' title='bbox 508 4267 527 4314; x_wconf 80' lang='lat' dir='ltr'><strong>t..</strong></span> <span class='ocrx_word' id='word_1_292' title='bbox 548 4261 570 4316; x_wconf 92' lang='lat'><strong>1.</strong></span> <span class='ocrx_word' id='word_1_293' title='bbox 590 4277 615 4328; x_wconf 88' lang='lat' dir='ltr'><strong>p.</strong></span> <span class='ocrx_word' id='word_1_294' title='bbox 625 4263 686 4318; x_wconf 82' lang='lat'><strong>475.</strong></span> 
     </span>
    </p>
   </div>
   <div class='ocr_carea' id='block_1_5' title="bbox 0 0 1434 4848">
    <p class='ocr_par' dir='ltr' id='par_1_6' title="bbox 0 0 1434 4848">
     <span class='ocr_line' id='line_1_40' title="bbox 0 0 1434 4848; baseline 0 0"><span class='ocrx_word' id='word_1_295' title='bbox 0 0 1434 4848; x_wconf 95' lang='lat' dir='ltr'><strong> </strong></span> 
     </span>
    </p>
   </div>
  </div>
 </body>
</html>
