2836 4848
228 438 317 492 Lacte
334 439 465 493 Friderici
483 440 510 494 11
529 455 588 494 cum
607 441 665 498 RR.
687 441 869 496 Pontificibus.
1057 445 1110 497 425

26 581 99 662 Ιἴίιίιιι
120 605 281 660 cumessam,
313 594 343 646 et
359 585 538 669 peritorum
571 595 662 669 atque
685 595 863 648 sanctorum
889 585 1043 650 mentibus
1074 586 1111 648 li·

30 677 119 743 iratam
141 682 315 760 acutam
347 681 426 746 adeo
451 682 535 767 quad
557 683 592 744 in
614 686 741 748 secretis
770 684 872 769 aliqui
886 684 1035 770 fratrum
1056 707 1111 748 no-

28 789 129 840 stroaan
150 778 318 843 induerunt
335 801 507 866 personam
531 780 680 844 aduocati
696 805 760 867 pro
784 783 865 868 ipso,
890 781 992 867 aliqui
1008 793 1111 846 autem

23 899 157 958 personam
179 877 387 956 adversantis,
417 889 453 940 ut
475 901 515 940 ecc
538 878 763 967 objectionibus
795 890 825 942 et
853 879 1111 965 responsionibus

26 974 212 1056 inquirentium
235 985 264 1038 ct
287 973 529 1060 disputantium,
561 987 598 1039 ut
620 974 699 1039 solet
721 979 756 1040 in
778 975 901 1052 sobolis,
925 999 1039 1040 causae
1062 999 1110 1039 ue·

26 1073 82 1134 ritas
100 1073 247 1136 radicitus
270 1074 341 1136 ltine
364 1074 497 1158 indeque
522 1075 738 1138 discuteretur.
779 1075 849 1138 Nec
863 1073 1003 1160 aliquam
1026 1076 1111 1138 viam

24 1171 172 1248 firminus,
196 1173 262 1234 sine
278 1173 342 1234 Dei
363 1173 487 1261 injuria
511 1184 540 1236 et
562 1174 654 1258 paci
676 1177 745 1263 ejus
768 1171 888 1258 afferma
905 1184 934 1236 et
950 1169 1110 1236 Ecclesiae

21 1268 128 1354 ejusden
149 1269 285 1332 laesione
309 1280 340 1332 et
361 1272 622 1334 conscientiarum
644 1282 825 1334 nostrarum
854 1268 991 1348 uulnere,
1015 1269 1111 1332 aliter

16 1367 188 1450 procedendi,
212 1391 306 1453 quam
328 1379 363 1430 ut
380 1370 602 1453 processimus,
627 1367 699 1432 licet
718 1370 813 1432 inuiti
835 1378 864 1432 et
887 1368 1023 1456 ejusdem
1048 1366 1109 1429 lae-

19 1465 77 1526 rris
96 1467 234 1528 miseriae
259 1463 467 1529 condolentes.
505 1467 621 1530 Parati
635 1467 733 1551 igitur
752 1488 866 1544 sumus,
890 1467 925 1528 in
940 1465 998 1528 linc
1012 1487 1110 1528 cansa

21 1571 41 1618 rt
56 1585 105 1645 pro
125 1561 184 1625 illa
206 1586 302 1647 usque
326 1563 370 1626 ad
392 1574 521 1626 mortem
545 1574 639 1642 stare,
665 1575 695 1627 et
711 1587 775 1650 pro
800 1587 838 1628 ea
862 1575 891 1626 et
913 1566 949 1626 in
973 1585 1020 1641 ea,
1045 1574 1110 1626 tarn

18 1679 95 1722 annes
107 1660 234 1745 sratres
248 1663 350 1724 nostri
363 1685 456 1746 quarn
470 1683 538 1740 nas,
562 1664 652 1740 mori,
676 1659 915 1726 immutabiliter
934 1684 996 1747 pro
1012 1683 1110 1723 carisa

18 1755 62 1816 Dei
73 1770 97 1820 et
108 1764 172 1846 rjus
187 1759 347 1822 Ecclesiae
360 1759 555 1824 dimicantes.
563 1761 585 1842 ¹)
610 1759 709 1840 Quod
724 1781 803 1823 vero
815 1759 1002 1823 Matthaeus
1014 1757 1110 1822 Paris

18 1851 87 1918 dicit:
115 1859 149 1919 ln
175 1858 400 1942 Imperatorem
423 1859 622 1922 Fridoricurn
654 1861 720 1922 sine
745 1859 855 1943 aliqua
879 1858 1109 1944 palpitatione,

16 1951 48 2010 nl
72 1954 317 2018 dissimulatione
350 1953 400 2018 nel
432 1954 599 2020 dilationis
628 1955 771 2035 indultu,
803 1954 896 2020 talem
924 1958 1110 2020 senitentiam

14 2054 314 2116 ensrrmmunicationis
337 2055 372 2116 in
388 2051 486 2139 pleno
501 2053 643 2132 concilio,
666 2077 731 2118 non
746 2057 813 2118 sine
830 2057 966 2118 omnium
980 2055 1110 2118 audien·

15 2149 68 2208 iuna
89 2161 116 2212 et
138 2153 408 2214 circumstantium
438 2163 564 2237 stupore
589 2163 618 2214 et
640 2153 768 2215 ltorrore
793 2151 978 2216 terribiliter
998 2150 1109 2238 fulqu-

14 2249 84 2321 rarr't,
105 2261 268 2333 quatenus
292 2247 431 2332 intelligi
456 2260 574 2331 posset,
600 2251 713 2313 invitis
738 2259 770 2312 et
793 2250 1002 2335 stupentibus
1027 2248 1109 2314 Con-

16 2341 61 2406 a'lii
84 2347 238 2411 membris
262 2350 460 2410 sententiam
484 2346 585 2411 latam
609 2349 723 2430 fuisse,
756 2359 843 2412 certe
874 2350 962 2413 omni
993 2349 1109 2412 funda·

14 2457 98 2507 mento
126 2455 232 2524 caret,
267 2446 314 2507 uti
339 2467 381 2508 ex
405 2444 503 2509 dictis
526 2447 606 2509 satis
639 2445 814 2530 colligitur.
868 2447 1109 2510 Auctoritatem

13 2543 178 2620 panariam
212 2543 345 2627 quidem
370 2546 519 2607 exercuit
543 2545 757 2608 Innocentius
781 2543 830 2607 IV
863 2547 897 2607 in
922 2567 1109 2609 excommu-

13 2639 153 2703 nicatione
177 2649 212 2702 et
235 2639 439 2726 depositione
455 2641 628 2722 Friderici,
654 2641 711 2705 sed
737 2653 973 2706 consenserunt
996 2664 1110 2707 omnes

11 2737 164 2816 praesules.
212 2739 348 2824 Propter
367 2741 594 2802 contumaciam
618 2744 684 2828 ejus
708 2739 896 2820 (Eriderici)
921 2751 950 2804 et
972 2743 1110 2805 innume-

11 2834 105 2898 rabilia
128 2835 218 2899 mala
241 2857 320 2920 quae
342 2836 470 2921 fecerat
498 2847 608 2900 contra
632 2837 816 2919 Ecclesiam,
850 2839 966 2902 scribit
996 2848 1111 2902 auctor

11 2951 137 3012 macrus,
162 2935 367 2998 innocentius
390 2935 482 3020 Papa
509 2934 653 2998 residens
675 2938 710 2998 in
737 2932 887 3013 Concilio,
918 2936 956 3000 de
981 2959 1111 3000 assensu

11 3031 204 3112 praelatorum
227 3042 257 3094 et
280 3033 375 3095 totins
402 3029 537 3097 Consilii
552 3032 692 3118 protulit
715 3043 826 3096 contra
841 3033 1037 3097 Eridericnm
1060 3034 1110 3097 de·

11 3131 152 3210 positionis
176 3131 375 3206 senarrtiam,
392 3135 489 3219 jemte,
509 3132 638 3216 pariter
653 3142 682 3194 et
697 3131 914 3214 constanter.²)
952 3131 1023 3196 Imo
1040 3133 1110 3216 ipse

11 3221 173 3292 Matthaeus
199 3227 294 3291 Paris
324 3237 399 3312 post
428 3227 627 3312 descriptam
657 3231 1012 3294 excommunicationis
1034 3229 1111 3293 Bul-

11 3319 57 3386 Ιιιιι
79 3328 121 3388 ita
143 3325 301 3410 loquitur,
337 3335 372 3388 ut
395 3334 560 3410 stuporem
593 3325 683 3389 illum
710 3327 819 3411 potius
850 3326 1040 3391 adscribere
1063 3329 1110 3390 vi-

11 3419 104 3486 deatur
119 3421 352 3488 defensoribus
368 3422 580 3507 Imperatoria
603 3423 742 3509 aliisque
765 3422 868 3508 laicis,
894 3427 950 3510 qui
975 3425 1110 3509 Synodo

11 3517 173 3586 adstabant.
201 3522 259 3584 Ait
282 3523 388 3584 enim:
415 3521 529 3604 „Haec
548 3522 650 3606 igitur
673 3524 705 3586 in
733 3522 840 3586 medio
866 3522 1014 3588 Concilio
1039 3544 1109 3609 pro-

11 3615 58 3681 aa
85 3622 215 3685 cunctis
247 3618 460 3683 audientibus
499 3620 542 3684 ad
576 3623 679 3684 instar
717 3624 920 3686 coruscantis
959 3621 1109 3706 fulguris,

11 3735 57 3780 ιιι
80 3719 289 3783 mediocriter
318 3719 469 3782 timorem
494 3719 648 3782 omnibus
676 3720 896 3783 incusserunt.
953 3720 1111 3804 Magister

11 3814 90 3896 igitur
111 3815 314 3881 Thaddaeus
339 3814 380 3878 dc
404 3815 524 3881 Suessa
555 3827 588 3880 et
611 3815 779 3882 Walterus
803 3817 844 3882 de
868 3817 965 3900 Ocra,
998 3817 1109 3882 etalii

11 3925 215 3992 procuratores
248 3913 460 3998 Imperatoris
493 3924 525 3978 et
554 3917 610 3999 qui
641 3937 716 3978 cum
742 3917 822 4001 ipsis
855 3927 957 3998 erant,
992 3918 1109 3981 emisso

1134 1556 1261 1598 Concilium

1133 1621 1255 1660 consensit.

66 4149 72 4176 ,
133 4148 139 4158 .

64 4168 85 4298 'i
100 4145 248 4282 iiiiii
266 4221 420 4286 cacanus,
440 4222 561 4278 camnis.
581 4224 682 4279 n.1u.
