2836 4848
223 476 310 529 Lucts
329 475 458 528 Friderici
477 475 503 528 Π
522 490 581 528 eum
600 475 658 529 RR.
678 475 860 533 Pontificibus.
1049 476 1103 530 403

28 619 167 700 Pontificis,
196 641 234 682 ac
258 617 474 682 vehementer
497 630 530 682 et
552 620 693 704 turpiter
724 617 904 683 invehebat
937 622 971 683 in
1002 619 1103 684 eccle·

26 719 81 778 >iam
102 717 283 781 Romanam.
331 715 369 778 In
388 715 526 801 epistola
542 719 641 780 missa
656 715 698 781 ad
714 716 898 781 Henrioum
914 717 974 798 III,
990 739 1102 803 regem

26 813 139 892 ,ingliaa
159 837 231 878 eum
248 814 418 878 excitabat
434 825 549 878 contra
563 814 770 896 Pontificem,
794 814 942 879 recolens
966 815 1102 879 modum

23 913 110 994 :pendi
144 911 327 978 Innocentii
358 909 410 976 ΙΙΙ
445 913 479 976 in
510 912 676 977 loannem
716 914 787 976 sine
816 922 918 994 terra,
964 914 1101 978 Henriei

21 1022 125 1092 patrem,
147 1019 177 1072 et
200 1011 234 1074 in
258 1013 413 1074 comitem
430 1010 641 1092 Tolosanum,
666 1012 762 1096 eique
786 1011 821 1076 in
845 1021 987 1075 mentem
1011 1034 1103 1076 revo-

20 1107 177 1172 statillus
193 1117 325 1194 poetae:
355 1109 441 1172 Tuae
458 1119 513 1172 tua
526 1131 577 1172 res
594 1111 709 1195 opitur,
728 1109 842 1194 paries
858 1133 925 1172 cum
936 1113 1104 1194 promimus

19 1206 119 1288 ardet.¹)
174 1209 346 1270 Praeterea
377 1227 456 1270 vero
480 1207 646 1270 Romanos
674 1208 709 1270 in
734 1205 930 1290 Gregorium
962 1229 1103 1272 commo-

18 1323 73 1366 rere
92 1315 220 1369 conatus
243 1313 301 1368 est.
351 1302 523 1368 Conradus
548 1304 783 1389 Urspergensis
813 1304 917 1368 abbas
941 1327 980 1370 ea
1004 1306 1045 1370 de
1068 1327 1103 1370 re

18 1399 39 1460 in
58 1401 207 1467 Chronico
231 1400 363 1466 scribit:
397 1401 575 1488 Imperator
597 1404 778 1466 convocarit
801 1404 845 1466 ad
868 1426 899 1467 se
923 1404 962 1468 cle
985 1404 1104 1468 civibus

16 1499 139 1564 Romanis
155 1501 394 1586 potentissimos
417 1511 447 1562 et
462 1498 684 1578 nobilissimos,
708 1500 746 1563 de
761 1500 899 1587 familia
922 1525 1027 1566 eorum
1051 1504 1105 1586 qui

16 1595 133 1660 limatur
148 1600 341 1684 diaspeatcs
351 1619 469 1683 panem
489 1598 733 1683 (Frangipani),
758 1599 841 1664 etde
858 1598 944 1676 aliis,
969 1600 1013 1664 ad
1027 1623 1104 1685 quos

12 1698 150 1782 praecipue
182 1707 356 1783 respectam
389 1695 522 1758 tutetur
548 1695 690 1781 populus
720 1698 902 1761 Romanus:
937 1699 1103 1783 habuitque

14 1815 60 1854 rom
85 1795 147 1858 illis
177 1804 357 1872 tractatum,
396 1792 534 1879 qualiter
564 1816 616 1858 eos
638 1793 766 1878 faceret
797 1792 937 1858 vasallos
962 1797 1103 1882 Iemerii,

12 1901 32 1949 et
50 1903 75 1953 nt
95 1893 154 1956 sibi
168 1893 301 1979 faciant
323 1892 492 1955 hominium
516 1901 545 1955 et
558 1890 704 1974 fideliter
728 1895 937 1956 assistentia
961 1894 1104 1958 omnibus

12 1993 98 2053 musis.
142 1991 248 2055 Jussit
277 1992 385 2074 itaque
417 1989 541 2052 eosdem
571 1989 628 2052 sud
652 2001 738 2053 certa
761 1992 980 2056 aestimatione
1002 1995 1105 2078 pretii

10 2095 31 2144 et
52 2111 148 2151 renate
179 2097 374 2173 computare,
407 2097 558 2171 quautam
588 2086 716 2150 ualeant
748 2109 852 2152 omues
882 2111 933 2152 res
963 2091 1104 2176 ipsorum

10 2183 163 2264 inmobiles,
187 2183 444 2271 praeludebant
467 2186 501 2248 ia
525 2184 652 2250 ciuitate
677 2195 742 2247 tam
763 2187 798 2248 iu
822 2186 986 2272 aedificiis,
1012 2213 1104 2274 quam

10 2281 32 2340 la
50 2286 126 2368 apris
155 2295 185 2347 et
211 2283 312 2346 uineis
341 2292 370 2344 et
401 2283 571 2368 mancipiis
595 2293 626 2345 et
655 2279 730 2346 aliis
756 2283 857 2346 rebus.
910 2283 977 2358 Quo
997 2287 1102 2371 facto,

10 2397 87 2442 mres
108 2405 158 2444 res
181 2381 258 2444 illas
282 2379 359 2443 dato
377 2381 486 2465 pretio
511 2381 706 2465 comparauit
729 2379 768 2442 ab
785 2382 840 2458 eis,
865 2394 894 2446 et
914 2384 1039 2464 eusdem
1053 2407 1105 2447 res

10 2477 65 2558 ipsis
86 2481 117 2541 iu
133 2479 275 2564 feudum
298 2477 457 2556 coacessit,
490 2479 614 2542 ratione
628 2476 811 2560 fidelitatis,
842 2502 935 2564 quam
959 2480 1105 2544 deberent

10 2573 51 2636 riti
69 2587 95 2638 et
115 2578 264 2663 imperio·
314 2575 469 2648 Quocirca
491 2575 588 2638 iidem
610 2576 738 2654 reversi,
763 2599 856 2661 quum
879 2579 972 2663 Papa
993 2601 1104 2642 recreas

10 2677 262 2738 arommuuicaret
275 2674 509 2759 Imperatorem,
525 2672 685 2757 feceruut,
710 2684 745 2735 ut
761 2696 782 2735 a
794 2675 915 2759 populo
929 2675 1105 2761 pelleretur

10 2772 115 2853 turpiter
147 2783 241 2834 extra
264 2773 438 2851 civitatem
468 2771 552 2835 unde
586 2771 673 2856 opud
698 2772 861 2834 Perusiam
892 2795 925 2835 eo
951 2797 1044 2855 camo,
1076 2784 1105 2836 et

10 2871 118 2948 sparti
139 2869 188 2934 iti
205 2869 427 2956 permaneret)

75 2971 120 3032 16.
146 2969 238 3032 Dein
262 2989 340 3032 vero
365 2989 477 3032 mense
501 2966 592 3033 Julio
616 2969 809 3053 Imperator,
834 2965 937 3031 veluti
962 2970 995 3031 in
1020 2960 1274 3072 ludi-*ssssffifrf

10 3059 90 3128 trium
112 3066 296 3146 Pontificis,
321 3075 358 3129 ut
377 3087 412 3130 se
426 3065 548 3152 injuste
565 3066 889 3130 excommunicatum
906 3066 1103 3148 ostenderet,
1134 3087 1260 3124 ‹urentem-

10 3165 95 3242 pausis
125 3187 204 3228 cum
229 3167 334 3250 copiis
358 3166 392 3229 in
418 3165 548 3249 Syriam
582 3173 801 3245 transvectus,
835 3164 957 3228 bellum
990 3166 1104 3230 fictum

10 3277 60 3322 zum
81 3261 257 3327 Saracenis
280 3264 435 3348 suscepit.
480 3262 698 3326 Proficiscens
715 3263 809 3326 varia
834 3262 874 3326 de
898 3285 999 3347 regno
1024 3263 1104 3328 Sici-

12 3355 99 3422 isset
121 3359 324 3425 Germaniae
356 3361 527 3446 disposuit,
560 3382 645 3446 quae
676 3362 782 3445 pactis
814 3360 1035 3425 anterioribus
1064 3363 1105 3426 de

10 3471 53 3516 ton
69 3456 251 3542 jungendis
275 3459 339 3524 illis
351 3461 462 3544 regnis
475 3462 641 3524 contraria
656 3469 768 3539 erant,·
791 3481 947 3543 magnum
974 3483 1105 3548 quoque

10 3557 171 3640 uomitum,
205 3557 329 3643 inquo
361 3559 461 3622 etiam
486 3556 643 3621 Saraceni
674 3555 871 3639 militabant,
902 3557 988 3622 duce
1018 3559 1105 3642 Ray-

10 3649 80 3715 raldo
102 3655 248 3742 reliquit,
279 3664 317 3718 at
338 3655 509 3720 Pontificis
533 3654 693 3719 ditionem
723 3656 805 3718 istae
830 3657 945 3741 copiae
969 3657 1104 3721 invade-

10 3764 65 3814 rat.
109 3751 257 3834 Quando
288 3754 322 3817 in
354 3762 475 3817 terram
507 3762 656 3817 sanctam
681 3751 828 3835 advenit,
854 3775 931 3816 oum
955 3754 1105 3820 hostibus

10 3863 53 3908 ton
80 3850 264 3930 dimicavit,
296 3849 353 3914 sed
385 3852 509 3936 pacisci
542 3851 662 3936 coepit,
694 3859 727 3913 et
757 3872 844 3914 anno
876 3851 961 3916 1229
993 3871 1105 3916 mense

10 3939 171 4032 februario,
197 3947 457 4012 reclamantibus
475 3947 553 4012 licet
574 3947 771 4012 Christianis
786 3947 1002 4034 Palaestinae,
1028 3973 1104 4015 cum

82 4093 193 4101 ----—·

59 4179 78 4244 ¹)
94 4177 124 4238 V,
145 4176 247 4232 matth.
267 4177 345 4231 Paris
364 4177 398 4230 ed
417 4193 442 4232 s.
462 4179 541 4232 1228.

58 4259 76 4324 ‘J
93 4263 141 4326 Ap.
160 4258 297 4326 Raynuld
317 4258 351 4311 ad
369 4273 395 4314 e.
417 4257 492 4312 1228.
511 4275 537 4314 n.
558 4259 583 4314 6.
