2868 4844
128 583 285 626 Cnrdlnsliurn

131 647 285 687 schismatico·

125 721 174 750 rum
182 708 283 750 Declara-

187 773 222 813 ao.

297 442 350 495 ‘254
536 441 664 498 xxxnr.
684 441 725 496 De
743 457 842 514 magno
862 441 1017 496 Occidentis
1035 442 1189 498 schismate.

389 587 439 652 15.
476 588 516 649 In
541 586 603 650 hae
628 588 730 671 igitur
753 585 925 651 Relatione
950 583 1145 650 Cardinales
1170 585 1211 650 de
1234 585 1332 650 lurore
1352 607 1404 670 po·

298 682 366 768 puli
392 683 533 748 multum
558 694 817 770 conqueruntur,
850 707 889 748 ec
913 706 973 770 per
996 695 1097 750 totam
1124 694 1253 749 noctem
1275 695 1341 770 post
1358 685 1406 747 in-

293 803 445 868 gressum
461 785 495 848 in
512 781 680 848 Conclave
697 785 882 848 maximum
899 783 1001 848 fuisse
1013 783 1194 847 tumultum
1205 794 1352 847 emerunt.
1364 819 1407 830 -

294 879 362 945 Sed
387 902 542 965 magnam
566 882 781 966 agitationem
807 883 842 945 in
859 881 996 945 civitate
1009 881 1160 946 Romana
1176 883 1211 945 in
1226 879 1281 945 tali
1296 891 1407 944 eventu

294 977 406 1059 fuisse,
432 988 520 1044 certe
545 1000 610 1044 non
635 981 757 1043 mirum
781 989 840 1044 est.
875 979 957 1043 Erat
980 989 1091 1044 sutem
1118 989 1247 1063 tempus
1270 999 1409 1048 remum,

295 1079 329 1141 in
364 1077 462 1142 Italia
488 1076 787 1162 jucundissimum,
824 1088 857 1141 et
885 1079 985 1163 juxta
1009 1077 1174 1142 Thomam
1208 1076 1249 1141 dc
1279 1077 1410 1143 Auerno.

295 1175 390 1240 multi
415 1175 557 1240 Romani
583 1185 680 1240 nocte
705 1175 762 1239 illa
786 1197 852 1240 non
876 1179 1001 1240 reversi
1026 1185 1104 1240 sunt
1128 1175 1276 1254 domurn,
1306 1174 1410 1238 sedin

295 1274 413 1360 plateis
444 1286 478 1337 et
508 1273 656 1338 tabernis
688 1273 778 1359 apud
811 1296 835 1338 s.
860 1275 994 1338 Petrum
1025 1283 1211 1359 pestutum
1235 1283 1359 1338 noctem
1381 1275 1410 1335 in

295 1395 378 1458 pace
401 1395 441 1436 ac
464 1372 590 1436 laetitia
614 1381 837 1436 cantaverunt
860 1382 893 1434 et
916 1374 1051 1436 omnino
1077 1374 1201 1456 optime
1224 1393 1298 1434 sese
1320 1393 1403 1456 gesse

295 1482 383 1534 runt.
430 1471 582 1534 Profecto
607 1491 672 1534 non
699 1469 877 1533 defuerunt
900 1469 1067 1551 inebriati,
1100 1468 1245 1534 undeet
1270 1469 1413 1534 Urbanus

295 1567 475 1654 aliquando
508 1569 602 1646 dixit,
639 1589 705 1632 non
738 1566 930 1632 violentiam
963 1568 1021 1633 sed
1051 1567 1271 1633 vinolentiam
1302 1567 1412 1630 fecum

296 1687 377 1731 esse.
403 1701 445 1714 -
471 1665 686 1731 Contendunt
710 1665 788 1730 dein
806 1664 1011 1744 Cardinsles,
1039 1668 1222 1730 maximum
1246 1665 1412 1729 tumultun

295 1763 398 1829 altero
429 1763 484 1828 die
518 1785 614 1830 mene
647 1764 765 1845 fuisse,
798 1787 838 1828 ec
869 1774 1043 1850 propterea
1079 1785 1319 1848 campanarum
1343 1785 1411 1826 sonu

296 1861 457 1948 populum
482 1861 584 1928 luisse
608 1873 841 1943 convocatum,
873 1875 906 1926 et
937 1862 1091 1927 custodes
1122 1863 1296 1926 nuntiasse
1321 1863 1412 1924 mines

298 1960 421 2046 populi,
463 1961 526 2026 nisi
550 1961 720 2025 Romanus
745 1960 930 2044 eligeretur.
980 1961 1069 2026 Hinc
1104 1961 1230 2024 fuctum
1271 1981 1351 2034 esse,
1385 1974 1412 2019 nt

298 2059 449 2123 Italicum
483 2059 642 2143 elegerint
674 2062 769 2144 quasi
807 2081 850 2122 ex
885 2058 1026 2144 abrupto
1061 2069 1093 2122 et
1124 2059 1195 2122 sine
1220 2057 1411 2122 discussions

298 2159 500 2237 meritorum,
539 2156 629 2241 quod
664 2159 766 2220 secus'
794 2177 859 2220 non
896 2157 1061 2221 fecissent.
1118 2155 1282 2220 Referunt
1317 2157 1412 2220 susm.

296 2265 440 2340 quatuor
464 2253 670 2332 Cardinales,
697 2256 782 2317 inter
806 2275 888 2340 quos
912 2253 1036 2332 Orsini,
1062 2255 1258 2337 suffragium
1285 2253 1338 2317 vel
1361 2275 1413 2316 non

297 2352 437 2432 dedisse,
463 2353 515 2417 vel
540 2361 735 2438 protestatos
759 2373 840 2434 esse,
866 2374 900 2416 se
925 2375 966 2416 ex
992 2363 1081 2417 metu
1098 2351 1177 2416 dare
1194 2362 1335 2431 votum3
1358 2349 1414 2414 reli·

297 2473 380 2536 qnos
404 2465 515 2516 tsmen
542 2451 627 2520 serio
644 2450 793 2533 elegisse,
819 2472 861 2514 ex
878 2452 956 2535 ipsa'
967 2450 1202 2516 Declarstioue
1215 2461 1327 2538 pateo
1344 2451 1412 2514 Nan

297 2549 478 2613 Barensorn
496 2551 592 2613 siunt
615 2549 811 2612 nominatim
837 2569 908 2612 esse
933 2561 1093 2634 tunquam
1117 2549 1163 2610 ess
1185 2551 1290 2632 magis
1313 2559 1413 2612 acme

298 2656 327 2710 ct
359 2647 513 2733 insuetis
536 2657 565 2709 et
589 2645 728 2711 moribus
759 2647 867 2710 cariae
892 2649 992 2732 magis
1015 2658 1202 2732 expertum·
1235 2659 1271 2710 et
1301 2647 1414 2732 aliquos

297 2744 433 2824 dixisse,
467 2745 557 2831 quod
582 2745 739 2830 eligebant
763 2767 831 2809 eum
855 2747 961 2808 auimo
987 2755 1016 2808 et
1035 2745 1215 2830 preposito,
1239 2744 1328 2828 quod
1351 2755 1414 2806 sust

297 2863 388 2906 uuus
411 2844 516 2929 Papa.
565 2841 767 2927 Adjungunt
800 2845 926 2929 utique,
967 2845 1076 2906 tirsorc
1113 2853 1216 2905 taurea
1251 2845 1365 2904 mortis
1391 2843 1414 2900 is

298 2963 405 3004 eorum
420 2942 536 3006 animis
559 2942 704 3004 consuas
723 2941 932 3028 perdurante.
964 2939 1111 3006 Ulterius
1134 2939 1295 3006 referunt,
1320 2939 1415 3026 plura

299 3038 454 3102 habuisse
478 3041 695 3103 intentionem
709 3049 823 3124 postea
838 3040 871 3102 in
886 3039 1042 3102 securiori
1057 3037 1130 3101 loco
1143 3057 1218 3102 euru
1231 3035 1413 3121 reeligcndi.

299 3135 456 3200 Concidit
486 3146 596 3200 autern
630 3158 673 3200 ex
697 3137 749 3201 his
773 3138 919 3217 omnino,
953 3136 1042 3222 quod
1075 3136 1129 3200 die
1152 3136 1191 3199 9ο
1214 3135 1363 3220 Augusti
1392 3139 1414 3196 in

297 3233 416 3298 litteris
439 3234 508 3297 suis
526 3233 721 3299 Cardinales
744 3235 962 3314 contendunt,
987 3255 1021 3297 se
1046 3233 1183 3318 elogisse
1206 3233 1415 3320 archiepis-o·

299 3355 379 3417 purn
410 3333 590 3398 Berensem
622 3334 852 3397 existimantes
880 3335 994 3418 ipsum,
1033 3333 1085 3395 cui
1114 3343 1179 3394 tom
1201 3331 1354 3416 assanda
1376 3337 1413 3394 is·

295 3432 420 3516 pressio
446 3478 504 3496 ...
530 3442 606 3495 actu
630 3442 709 3510 erat,
735 3430 812 3495 tulis
825 3451 892 3496 esse
906 3432 1124 3506 coarctaretur,
1148 3429 1413 3514 ‹1110de

297 3526 482 3593 nullatenus
507 3540 695 3614 acceptaret.

392 3627 441 3693 16.
490 3628 568 3692 Post
591 3626 786 3691 electionem
812 3647 920 3712 porro,
943 3625 1071 3706 dicunt,
1095 3645 1129 3688 se
1154 3627 1284 3688 misisse
1307 3627 1355 3690 ad
1378 3647 1428 3710 pe-¹

299 3723 414 3810 pulum
444 3724 702 3790 tumultuantem
737 3735 770 3788 et
801 3723 998 3810 dispositum
1028 3723 1071 3788 ad
1094 3722 1321 3806 rumpendum
1348 3724 1415 3788 Cun-

300 3821 404 3904 clsve,
444 3843 542 3888 ausos
572 3833 683 3887 tamen
716 3843 783 3886 non
814 3843 885 3886 esse
920 3820 1091 3907 publicare
1125 3819 1335 3890 dectionm.
1374 3819 1414 3886 sed

300 3922 501 4005 promisisse,
534 3920 623 4007 quod
655 3923 806 4007 sequenti
839 3919 893 3984 die
917 3918 1164 3984 consolarentur
1186 3939 1241 3982 eos
1271 3919 1317 3984 de
1343 3922 1413 4005 l’spc

301 4017 450 4084 Romano
477 4019 529 4083 vel
553 4018 679 4085 Italico.
709 4055 746 4068 -·
774 4017 827 4082 Ex
843 4040 908 4104 quo
925 4019 1005 4082 satis
1020 4016 1193 4101 colligitur,
1217 4015 1294 4082 illos
1310 4038 1413 4105 nequ·

302 4137 402 4202 quam
427 4120 461 4182 in
486 4117 638 4201 eligendo
664 4118 802 4182 Berensi
827 4119 925 4181 unice
948 4117 1059 4180 timori
1083 4117 1226 4193 sossius,
1251 4117 1323 4180 imo
1347 4115 1404 4182 solt

302 4216 385 4278 citos
401 4215 513 4294 fuisse,
532 4227 568 4279 ut
585 4216 663 4280 dum
678 4215 843 4295 Italicum,
861 4238 927 4280 non
945 4235 1022 4279 vero
1037 4214 1231 4282 Romanum.
1248 4213 1411 4300 eligebant
