2902 4848
351 509 403 565 372
475 509 589 566 XXXV.
608 509 649 564 De
668 509 768 564 concil.
787 507 935 563 Basileensi
955 523 986 560 ac
1004 507 1037 562 dc
1056 507 1163 576 Synodo
1182 507 1340 562 Florentius

193 653 231 693 ⁰¹¹
247 653 327 694 ⁰⁰³⁰⁰
352 662 400 716 est
411 652 510 717 valde
523 652 702 718 diversum.
718 689 760 702 -
779 652 814 717 1⁰
828 651 994 717 Gallicani
1009 651 1186 736 rigidiores
1200 674 1275 717 cum
1286 651 1445 734 Biennio)

192 715 249 756 llum
275 727 316 756 ocu

198 727 327 820 murinas
352 750 566 832 contendunt,
591 749 655 814 hoc
677 748 864 814 Concilium
888 748 967 813 inde
990 748 1033 813 ab
1058 751 1153 814 initio
1178 771 1283 836 usque
1304 749 1344 814 sd
1363 748 1442 812 tinen

350 848 528 932 inglorium
557 847 758 913 Lansannae
790 849 820 912 ei
852 845 1044 932 impositum
1077 849 1327 912 oecumenicum
1354 847 1444 910 fnisse

349 944 442 1010 Haec
480 949 645 1010 sententia
684 945 857 1010 manifeste
895 944 979 1009 falsa
1013 955 1072 1026 est,
1111 955 1145 1009 et
1178 944 1332 1010 omnibus
1365 965 1445 1008 sanae

347 1043 532 1128 theologiae
557 1045 730 1130 principiis
754 1043 961 1108 adversatur.
993 1079 1036 1092 -·-
1069 1043 1107 1107 2⁰
1131 1041 1300 1109 Gallicani
1325 1042 1444 1107 modera-

347 1144 447 1206 tiores
471 1151 630 1223 statuunt,
663 1140 850 1206 Concilium
883 1143 1134 1206 oecumenicum
1169 1142 1271 1206 luisse
1301 1139 1445 1227 usquead

348 1240 419 1326 ejus
442 1239 701 1319 translationem,
734 1249 833 1325 atque
856 1240 957 1304 etiam
982 1239 1125 1306 decretis
1148 1239 1221 1325 ejus
1242 1238 1374 1326 plenam
1394 1241 1446 1300 rin

346 1337 448 1402 tribui
473 1337 631 1422 volunt.²)
679 1336 804 1402 Ultima
828 1337 927 1423 hujus
951 1339 1134 1402 sententiae
1158 1360 1235 1423 pars
1259 1337 1356 1424 plane
1385 1335 1449 1400 laiss

347 1445 414 1520 est3
455 1457 516 1499 nce
547 1435 678 1499 admitti
708 1457 804 1521 posse
832 1455 1006 1500 censemus
1037 1434 1242 1521 simpliciter,
1283 1433 1444 1500 (lencilino

347 1555 452 1620 usque
490 1533 533 1598 ad
572 1532 823 1597 translationem
861 1551 939 1596 vere
983 1534 1236 1598 oecumenicum
1275 1533 1386 1598 fuisse.
1418 1567 1440 1575 -

346 1631 384 1694 3⁰
414 1630 510 1696 Multi
542 1632 743 1714 existimant,
781 1629 967 1695 Concilium
993 1631 1184 1696 Basileense
1217 1635 1443 1696 oecumenicus

345 1729 435 1794 nullo
451 1729 549 1794 modo
574 1751 643 1793 esse
668 1729 857 1794 dicendum.
905 1727 961 1794 Sic
984 1729 1225 1794 Bellarminus:
1259 1729 1366 1819 Hujus
1390 1725 1444 1790 Con

346 1825 427 1910 citii,
468 1828 596 1907 scribit,
635 1828 718 1890 citit
747 1838 793 1891 est
821 1837 928 1891 ratum
950 1839 980 1890 et
997 1827 1180 1913 probatum,
1218 1829 1286 1892 itini
1316 1825 1446 1914 quondan

346 1926 570 2012 dispositiones
602 1926 688 1988 circo
718 1925 865 2010 deueyicio
894 1925 1120 2004 ecclesiastica,
1154 1948 1233 2010 puae
1269 1949 1290 1990 a
1330 1922 1442 1991 Condi»

336 2023 466 2110 foetae
481 2023 635 2110 ficerunt,
674 2045 752 2108 quor
789 2021 896 2108 (pacis
927 2033 957 2086 ct
986 2025 1122 2087 unitatis
1153 2025 1278 2109 patin)
1314 2022 1441 2088 Ninniust

345 2120 545 2208 approbavit.
603 2118 776 2186 Concilium
805 2142 877 2183 vero
907 2121 1010 2206 ipsum
1039 2119 1229 2206 reprobatio*
1258 2123 1294 2185 in
1330 2117 1440 2188 Concii

344 2221 555 2283 Latercucnai
564 2216 684 2297 ultime,
698 2239 769 2283 sesa.
782 2219 858 2300 HJ)
872 2256 913 2266 -
928 2217 967 2280 4⁰
980 2217 1059 2298 Alii,
1077 2219 1124 2281 uti
1138 2217 1190 2283 lli.
1204 2219 1337 2300 Heleia,
1361 2219 1444 2282 uisu

344 2327 445 2398 mant,
478 2315 665 2382 Concilium
698 2316 949 2380 oecumenicum
973 2315 1168 2398 ¹habendum
1191 2339 1264 2380 esse
1298 2339 1399 2402 usqne
1418 2311 1446 2374 ai

342 2413 591 2478 translationem
631 2414 702 2498 ejus
738 2413 831 2498 (sess.
865 2412 1054 2494 I-xxv),
1093 2413 1152 2478 sed
1191 2436 1234 2478 ex
1269 2413 1328 2478 illo
1364 2411 1447 2476 stedi·-

342 2522 471 2576 tontum
495 2534 535 2576 ca
551 2509 683 2575 decreta
696 2509 852 2576 habenda
866 2531 937 2575 esse
950 2523 987 2573 ut
999 2511 1193 2596 approbata,
1218 2534 1308 2598 quae
1321 2527 1446 2598 spector·

342 2609 613 2694 exstirpationem
637 2607 792 2688 haeresis,
825 2629 943 2694 pacem
968 2611 1055 2674 inter
1077 2608 1277 2676 christianos
1301 2611 1446 2697 princip..

342 2729 382 2772 ec
411 2707 678 2771 reformationem
702 2705 886 2788 Ecclesiae,
917 2706 1083 2792 simulque
1112 2729 1179 2772 non
1210 2707 1352 2774 laedunt
1374 2705 1447 2772 sen:

342 2804 553 2891 Apostolicae
577 2807 806 2869 auctoritatem
832 2815 864 2868 et
883 2805 971 2890 jura.
996 2841 1024 2854 -
1063 2804 1209 2871 Videtur
1230 2807 1333 2872 nobis
1347 2821 1446 2871 tamer.

342 2901 568 2968 characterem
599 2925 639 2966 ac
663 2923 782 2966 nomeu
808 2901 950 2967 Concilii
984 2906 1190 2968 oecumenici
1216 2904 1357 2989 Synodo
1382 2905 1445 2968 Bc

341 2999 443 3066 leensi
461 2999 639 3065 tribuenda
650 3001 721 3086 jam
739 3021 806 3066 non
822 3021 903 3067 esse.
935 3001 988 3065 Ea
1001 3023 1087 3087 quae
1110 3001 1173 3066 hac
1197 3003 1240 3068 de
1264 3026 1301 3068 re
1326 3005 1418 3068 dicen
1434 3054 1435 3057 ¹

341 3109 520 3163 occurrunt
544 3099 587 3162 ad
610 3097 738 3184 aliquot
761 3109 886 3184 puncta
909 3096 1117 3166 reducemus.

429 3269 483 3333 34.
524 3265 711 3332 Concilium
747 3266 938 3334 Basilcense
986 3269 1022 3332 1⁰
1056 3269 1204 3354 legitime
1243 3283 1449 3333 convocatu.

341 3376 429 3448 erut,
466 3377 499 3429 et
522 3367 557 3430 in
581 3367 725 3430 sessione
748 3366 864 3450 prima,
889 3365 1092 3450 legitimum3
1128 3366 1207 3432 inde
1230 3377 1347 3432 tamen
1372 3367 1429 3432 den

340 3465 478 3529 minatio
501 3464 707 3528 oecumenici
725 3461 866 3528 Concilii
891 3465 1126 3530 convenienter
1149 3467 1255 3551 repeti
1278 3469 1407 3552 nequit

339 3563 377 3626 2⁰
401 3559 631 3626 Celebratione
655 3563 905 3626 oecumenicum
931 3560 1046 3627 haberi
1069 3565 1184 3648 nequit
1208 3567 1243 3628 in
1264 3563 1445 3651 subsequen

338 3661 428 3726 tibus
451 3661 671 3740 sessionibus,
704 3670 775 3725 tum
800 3671 934 3746 propter
956 3663 1116 3746 exiguum
1139 3683 1315 3727 numerum
1343 3665 1443 3747 episc·

338 3779 474 3845 porum,
509 3767 581 3824 tum
615 3767 750 3845 propter
784 3758 1033 3826 dissolutionem
1067 3759 1111 3824 ab
1142 3759 1292 3846 Eugenio
1332 3761 1443 3824 facta:

412 4033 434 4102 ¹)
452 4034 525 4091 Hist.
545 4033 624 4090 Cone.
643 4049 706 4102 gen.
727 4033 757 4088 L.
778 4031 829 4087 ΙΙΙ.
849 4049 873 4086 c.
894 4033 920 4090 7.

410 4121 432 4193 ²)
450 4121 513 4178 Not.
534 4122 619 4206 ⁰⁰¹*
639 4120 710 4176 Hist.
730 4121 813 4186 Eccl,
832 4137 904 4176 saec.
925 4121 1288 4178 xv-xvr.nmert.1x,

410 4210 432 4272 8)
451 4211 492 4266 Dc
504 4211 630 4266 Conciliis
642 4209 674 4268 L.
687 4211 709 4264 l.
729 4227 751 4266 c.
765 4210 790 4265 7.
810 4210 851 4268 cf.
865 4210 1016 4280 Roncaglia
1033 4209 1062 4265 in
1072 4210 1215 4268 Animsdv.
1233 4211 1268 4265 sd
1282 4209 1380 4268 lintei.
1391 4215 1436 4266 Ale

338 4299 367 4346 et
384 4291 486 4346 Lucam
504 4291 640 4346 Holstenii
659 4290 766 4346 dissert.
786 4306 828 4359 sp.
848 4291 937 4346 Menai
958 4291 988 4348 T.
1008 4289 1109 4346 xxm
1128 4307 1153 4359 p.
1175 4292 1250 4351 1222.
