2868 4844
427 452 467 507 Dc
485 453 604 506 Concilio
624 452 731 508 Pisano.
1084 452 1137 506 283

34 617 60 659 se
80 596 109 660 in
133 595 260 660 nullum
284 595 393 660 locum
426 598 460 662 in
486 596 611 660 ditione
637 595 901 661 Florentinorum
933 597 1031 660 situm
1067 617 1138 680 pro-

33 694 180 758 iecturum
204 716 284 758 esse.

105 835 157 902 46.
205 835 246 900 In
271 834 421 900 Concilio
446 835 566 900 Pisano
596 858 689 916 vero,
722 835 924 901 solemnibus
955 835 1138 900 secundum

33 931 242 998 Consiliorum
268 955 391 998 morem
416 921 558 1019 peractis
575 943 607 997 ct
623 933 735 998 electis
755 933 934 1013 officiariis,
959 931 1139 1016 Gregorius

31 1043 58 1091 et
70 1029 267 1095 benedictus
291 1029 477 1096 desummo
501 1031 696 1117 pontificatu
721 1032 958 1096 contendentes
981 1041 1030 1094 ter
1047 1033 1138 1094 citati

31 1139 103 1193 sunt.
151 1127 237 1192 Cum
262 1127 308 1192 illi
334 1129 440 1216 n'eque
465 1151 581 1215 perse
606 1152 712 1216 neque
737 1152 796 1216 per
819 1130 944 1214 legatos
974 1150 1139 1214 compare·

31 1235 101 1303 rent,
125 1225 313 1290 Concilium
339 1225 523 1294 declaravit
546 1248 601 1291 eos
626 1229 661 1290 in
685 1249 785 1291 causa
809 1227 997 1291 schismatis
1014 1235 1046 1288 et
1062 1224 1139 1288 fidei

31 1325 218 1404 pertinaces,
257 1323 471 1411 decrevitque
504 1335 617 1390 contra
650 1324 781 1389 illorum
817 1325 1060 1389 contumaciam
1096 1323 1139 1387 ad

31 1417 173 1484 ulteriora
205 1421 463 1507 procedendum.
510 1423 551 1486 In
584 1425 754 1510 utriusque
779 1423 1009 1488 contendentis
1041 1445 1140 1485 causa

28 1527 116 1580 testes
154 1518 260 1583 auditi
297 1531 384 1601 sunt,
422 1529 455 1584 et
492 1523 709 1585 instrumenta
748 1522 791 1585 ad
830 1519 919 1584 illam
958 1522 1140 1606 spectantia

30 1613 177 1681 discussa.
225 1616 440 1681 Declaratum
469 1630 532 1698 est,
566 1640 722 1704 praesens
747 1619 934 1683 Concilium
963 1617 1039 1703 jure
1071 1639 1140 1680 esse

28 1725 238 1777 convocatum
264 1723 296 1778 et
320 1726 554 1800 congregatum
580 1715 621 1780 ad
647 1715 791 1780 schisma
822 1715 1084 1781 exscindendam
1110 1725 1142 1778 ct

29 1833 134 1892 pacem
161 1811 331 1876 Ecclesiae
356 1813 610 1898 procurandam.
642 1815 681 1878 Ia
706 1816 850 1879 sessione
865 1815 942 1896 XV,
968 1816 1002 1878 in
1027 1813 1142 1898 vigilia

30 1908 175 1994 Corporis
200 1907 322 1974 Christi
348 1921 381 1973 et
404 1911 458 1974 die
482 1911 520 1975 5⁰
543 1911 648 1985 Junii,
684 1913 898 1998 depositionis
923 1913 1084 1976 sententia
1107 1912 1142 1974 in

27 2003 218 2090 Gregorium
236 2019 268 2071 et
282 2007 502 2073 Benedictum
528 2009 697 2096 publicata
721 2022 779 2090 est,
806 2012 839 2074 in
856 2033 921 2097 qua
938 2007 1141 2074 declaratur:

29 2101 175 2187 Angelum
193 2102 377 2170 Carrarircm
392 2118 421 2170 et
436 2108 562 2171 Petrum
578 2108 616 2171 de
633 2109 724 2172 Luna
749 2108 786 2172 de
805 2119 934 2195 papatu
957 2107 1143 2171 contenden-

28 2213 77 2278 tes,
100 2215 249 2267 eteorum
265 2215 427 2289 utrumque
442 2203 551 2290 fuisse
575 2217 604 2268 et
627 2229 692 2269 esse
716 2209 857 2270 notarios
880 2207 1092 2269 schismaticos
1116 2215 1145 2266 et

26 2303 144 2388 ‹int-iqui
167 2303 341 2365 schismatis
352 2303 533 2383 nutritores,
559 2303 749 2390 defensores,
774 2303 1012 2390 approbatores,
1036 2326 1144 2366 manu·

28 2409 156 2463 tentares
184 2402 374 2486 pertinaces,
413 2423 531 2464 necnon
554 2403 695 2465 notorias
718 2403 890 2465 haereticos
913 2410 942 2463 et
966 2424 987 2464 a
999 2399 1069 2483 fide
1093 2399 1144 2461 de·

29 2499 96 2574 rios,
125 2501 318 2584 *notoriisque
343 2499 526 2562 criminibus
550 2498 727 2564 enormibus
749 2501 887 2588 perjurii
909 2509 938 2560 et
961 2496 1144 2562 violationis

28 2599 85 2658 coti
107 2599 256 2673 irretitos,
281 2593 491 2659 universalem
506 2595 681 2661 Ecclesiam
694 2597 757 2660 Dei
779 2598 900 2662 notorie
923 2593 1144 2660 scandalizan-

26 2705 78 2770 tes,
110 2717 178 2758 cuna
201 2695 488 2781 incorripibilitate,
523 2699 719 2760 contumacia
744 2705 773 2759 et
793 2697 975 2782 pertinacia
1000 2696 1144 2770 notoriis,

25 2791 215 2856 utentibus
248 2804 277 2857 et
307 2792 505 2881 manifestim·
544 2803 573 2856 et
607 2817 646 2856 cn
676 2793 723 2857 bis
747 2805 776 2856 ct
800 2793 876 2856 aliis
906 2815 938 2856 se
966 2792 1145 2856 reddidisse

25 2891 105 2952 ‹imni
126 2891 242 2952 honore
266 2903 295 2953 et
318 2891 474 2976 dipnitotc
499 2894 594 2955 etiam
614 2891 735 2978 papali
756 2893 915 2978 indipnos,
948 2892 1093 2976 ipsosque
1117 2901 1146 2952 et

24 3008 126 3049 eorum
156 2999 318 3073 utrumque
346 3001 481 3076 propter
505 2989 705 3076 praemissas
736 2991 929 3074 iniquitates,
957 2988 1093 3052 crimina
1117 3001 1146 3052 et

24 3105 177 3162 recessere,
207 3109 246 3149 ne
279 3097 408 3172 repncnt
437 3088 486 3151 vel
517 3088 672 3173 imperent
705 3096 761 3150 aut
784 3087 945 3173 praesint,
980 3111 1001 3150 a
1024 3087 1092 3149 Deo
1117 3098 1146 3150 et

21 3185 121 3245 sacris
139 3183 400 3269 canonibusfore
417 3184 488 3270 ipsc
505 3184 601 3271 facto
619 3185 756 3274 abjectos
772 3195 801 3246 et
811 3187 968 3272 privatos,
993 3209 1031 3247 ac
1051 3186 1147 3248 etiam

21 3279 62 3339 ab
88 3281 229 3344 Ecclesia
251 3285 433 3367 praecisos;
457 3293 486 3346 et
508 3283 713 3348 nihilominus
737 3286 841 3369 ipsum
857 3283 984 3346 Petrum
1000 3293 1030 3344 et
1046 3283 1145 3369 Ampe-

22 3375 85 3440 lum
108 3389 137 3441 et
161 3401 266 3442 eorum
291 3391 451 3466 strenaque
470 3405 532 3467 per
556 3383 635 3445 banc
667 3382 854 3445 sententiam
882 3380 1088 3466 diffinitivam
1111 3382 1146 3442 in

20 3477 69 3538 leis
93 3479 220 3564 scriptis
241 3478 360 3564 privat,
395 3478 506 3567 abjicit
529 3491 559 3542 et
577 3479 789 3566 praescindit,
822 3477 987 3542 inhibendo
1019 3475 1145 3555 eisdem,

24 3597 59 3636 ne
85 3597 188 3638 emnam
212 3575 329 3662 aliquis
350 3599 411 3662 pro
436 3599 552 3640 summo
578 3575 726 3660 Pontificc
755 3597 860 3661 perere
892 3600 922 3639 se
948 3586 1146 3661 praesumat,

21 3669 241 3760 ecclesiamque
280 3697 393 3737 vacare
435 3677 614 3738 Romanam
657 3675 702 3737 ud
740 3674 897 3738 cautelam
940 3673 1144 3738 decernendo.

25 3769 65 3831 Et
88 3771 216 3857 insuper
240 3793 343 3836 omnes
367 3783 396 3835 ct
420 3795 622 3858 quoscumque
649 3770 853 3837 Christicolas
885 3822 891 3835 .
919 3821 925 3834 .
953 3822 959 3836 .
993 3769 1146 3848 declarat,

19 3865 61 3926 ab
89 3889 190 3931 eorum
215 3881 244 3932 et
268 3869 432 3958 cujuslibet
463 3893 570 3933 eorum
598 3869 778 3934 obedientia
802 3869 880 3954 sore
912 3880 1062 3955 perpetuo
1094 3869 1147 3931 ab·

20 3963 181 4051 salutans)

102 4233 121 4300 ¹)
140 4234 216 4302 Apud
235 4231 327 4286 Labbc
346 4233 376 4285 T.
397 4233 445 4287 xi,
467 4233 495 4284 P.
515 4233 551 4288 Il.
572 4247 592 4284 c.
613 4233 692 4286 2127.

1171 1617 1292 1664 Depositis

1160 1679 1303 1718 Pontificum.
