2832 4844
335 505 376 559 De
394 504 539 560 Ordinibus
558 503 781 563 mendicantibus.
1066 505 1119 561 467

40 669 52 732 p
78 647 175 732 hibuit,
209 671 251 714 ne
279 650 353 734 quis
378 649 535 734 deinceps
565 669 689 712 novum
714 647 875 715 Ordinem
909 649 1120 714 adinveniret

39 745 72 808 rel
94 746 231 811 babitum
264 769 371 811 novae
401 745 571 830 religionis
603 756 799 821 assumeret;
839 767 954 810 omnes
977 745 1120 813 Ordines

38 845 224 909 mendicantes
254 857 328 930 post
359 843 546 908 Concilium
579 843 803 908 Lateranense
818 844 876 909 ‘IV
915 845 1120 909 introductos

8 951 10 1028 ξ
37 957 56 1002 rt
72 941 104 1004 ab
124 941 311 1028 Apostolica
334 941 420 1007 Sede
445 963 510 1006 non
535 941 745 1006 confirmatos
772 952 951 1028 perpetuae
974 941 1120 1028 prohibi·

8 1067 10 1080 ι
36 1040 91 1102 tioni
104 1040 256 1126 subjecit3
281 1042 405 1122 statuit,
430 1049 467 1102 nt
482 1038 625 1105 Ordines
641 1039 869 1104 mendicantes
884 1042 983 1103 etiarn
1000 1063 1019 1104 a
1035 1040 1120 1105 Sede
1185 1048 1190 1056 '

9 1203 10 1206 ,
35 1137 188 1221 ᾹροιῑοΙὶοει
213 1138 399 1224 approbati,
432 1137 491 1201 sed
514 1147 588 1222 post
612 1136 800 1202 Concilium
824 1139 1049 1202 Lateranense
1073 1139 1120 1200 in·

8 1237 109 1298 ,stituti
138 1237 297 1322 paulatim
329 1235 466 1300 decessu
499 1235 682 1299 incolarum
714 1234 938 1319 abolerentur,
973 1236 1121 1321 exceptis

9 1331 181 1398 itrdinibus
214 1335 370 1398 Fratrum
403 1335 584 1415 minorum,
615 1333 897 1412 Praedicatorum,
932 1332 1122 1398 Carmelita-

30 1451 81 1492 rnrn
101 1441 130 1494 et
151 1432 375 1496 Eremitarum
400 1431 762 1515 Augustinianorum.¹)
818 1432 872 1495 Ex
895 1431 986 1496 hisce
1010 1441 1122 1495 autem
1138 1432 1283 1533 ffllffi

30 1531 189 1608 praesertim
224 1529 357 1593 Fratres
388 1529 534 1592 Minores
563 1539 595 1592 et
618 1529 867 1594 Praedicatores
898 1531 1007 1594 medio
1039 1550 1121 1594 aevo
1192 1565 1236 1595 res.

30 1643 152 1707 numam
177 1627 390 1692 diffusionem
414 1628 650 1714 acquisierunt.

94 1769 142 1832 97.
179 1770 258 1834 Jam
290 1771 470 1851 innuimus,
503 1791 562 1832 our
593 1791 631 1832 eo
662 1778 810 1854 tempore
838 1777 907 1834 tam
938 1780 1123 1858 opportuna

26 1863 99 1926 r'cerit
120 1865 287 1932 Ordinum
313 1869 563 1947 medicantium,
588 1868 780 1951 praesertim
798 1867 965 1932 blinorum
981 1881 1012 1934 et
1027 1869 1124 1932 Prae-

27 1959 184 2028 dicatornm
209 1966 391 2046 instituti03
426 1985 468 2028 ex
492 1967 565 2049 ipsa
594 1965 783 2028 conditione
813 1964 967 2050 religiosa
990 1977 1023 2030 et
1045 1967 1124 2053 poli-

24 2077 70 2120 tica
90 2062 211 2126 saeculi
236 2062 333 2144 XIII,
367 2084 481 2126 eorum
506 2061 652 2126 influxus
676 2084 877 2147 permagnus
910 2074 942 2127 et
973 2063 1125 2128 salutaris

25 2161 229 2238 proveniebat.
277 2161 442 2224 Addictus
477 2158 531 2223 ille
555 2160 599 2223 ad
622 2159 809 2223 Ecclesiam
834 2163 965 2225 animus
995 2184 1034 2224 ac
1064 2162 1125 2226 fer-

26 2275 72 2323 ror.
95 2262 148 2344 qui
175 2269 252 2346 post
275 2257 473 2342 Gregorium
486 2257 563 2338 VII,
587 2280 690 2343 quum
714 2258 942 2343 expeditiones
959 2261 1125 2323 cruciatae

24 2352 192 2441 inciperent,
219 2357 428 2421 Christianos
452 2359 636 2420 universim
656 2368 887 2441 occupaverat,
913 2357 1002 2441 apud
1027 2356 1125 2442 pluri-

21 2473 70 2514 nos
91 2455 247 2520 desierat.
298 2453 432 2518 Invidia
458 2475 535 2518 vero
560 2467 593 2517 et
616 2455 789 2516 aversione
822 2457 856 2517 in
887 2453 1126 2518 ecclesiasticos

21 2567 42 2608 a
60 2553 238 2616 monachos
261 2552 377 2638 repleti
402 2564 506 2634 erant,
531 2575 569 2616 eo
594 2551 682 2637 quod
707 2554 796 2637 ipsos
820 2555 1068 2618 considerarent
1090 2563 1128 2617 ut

19 2645 227 2714 «luminatione
261 2662 411 2736 potentes
449 2660 482 2713 et
514 2650 645 2728 divitiis¹
678 2649 897 2719 abundantes.
952 2652 1125 2716 Relaxatio

19 2749 159 2828 quaedam
186 2747 386 2833 disciplinae
403 2749 503 2812 variis
524 2749 559 2812 in
575 2747 768 2831 regionibus
784 2760 898 2814 exorta
914 2761 993 2828 erat,
1011 2773 1127 2837 quum-

16 2867 63 2928 que
84 2848 244 2911 ordinum
267 2846 498 2930 religiosorum
521 2845 676 2911 abbatiae
700 2844 880 2932 locupletes
903 2852 1126 2934 possessiones

16 2935 166 3028 haberent,
194 2945 298 3008 etiam
323 2944 381 3009 ubi
405 2943 538 3028 regulae
563 2943 751 3008 observatio
775 2946 960 3032 tenebatur,
985 2948 1128 3030 singulo-

14 3063 70 3104 rum
93 3052 295 3128 paupertate
319 3042 472 3126 religiosa
488 3041 637 3106 fidelium
661 3043 748 3106 oculi
772 3065 836 3108 non
862 3047 942 3110 satis
965 3047 1127 3111 ferieban-

13 3152 61 3204 tur.
96 3141 217 3206 Duces
234 3152 345 3204 autem
363 3151 525 3204 sectarum
544 3139 805 3205 Manichaeismo
820 3143 873 3206 vel
891 3145 1128 3230 spiritualismo

11 3237 76 3300 ialso
99 3240 330 3320 addictarum,
355 3261 440 3324 quae
465 3261 505 3302 ea
528 3248 636 3302 aetate
652 3237 852 3322 oriebantur,
877 3243 940 3304 ista
963 3241 1127 3305 malevola

12 3337 182 3402 animorum
212 3337 385 3401 tendentia
409 3335 597 3418 utebantur,
631 3347 667 3399 ut
690 3336 860 3402 Ecclesiae
886 3339 1070 3404 doctrinam
1095 3350 1128 3402 et

8 3431 211 3520 ,disciplinam
252 3437 503 3520 impugnarent,
545 3447 578 3498 et
607 3434 668 3498 sub
700 3446 873 3520 praetextu
910 3439 1128 3502 restitutionis

11 3522 152 3620 antiquae
189 3534 382 3596 severitatis
412 3555 452 3596 ac
483 3532 640 3613 fervoris,
672 3553 799 3596 errores
829 3556 905 3597 suos
935 3544 1129 3620 spargerent

12 3646 93 3715 atque
116 3634 162 3698 ad
189 3631 291 3696 foeda
315 3653 375 3694 sua
391 3631 546 3714 dogmata
560 3628 808 3694 multitudinem
824 3630 1005 3696 allicerent.
1037 3631 1128 3696 Hinc

11 3749 123 3796 mmma
148 3729 307 3818 pericula
331 3737 402 3791 orta
426 3739 512 3809 sunt,
536 3727 657 3813 quibus
681 3727 870 3792 avertendis
894 3749 955 3791 nec
977 3751 1127 3792 censura-

12 3849 69 3890 rum
93 3829 402 3894 ecclesiasticarum
432 3827 599 3908 severitas,
632 3847 693 3889 nec
717 3846 883 3888 armorum
908 3826 1127 3890 saecularium

14 3943 59 3992 us.
82 3951 142 3994 nec
168 3929 407 4014 episcoporum
441 3935 474 3989 et
501 3923 579 3988 cleri
604 3923 781 3987 saecularis
810 3921 949 4004 labores,
984 3948 1044 3988 nec
1069 3923 1130 3988 Or·

12 4023 111 4090 «linum
126 4028 307 4090 variorum
331 4021 479 4085 influxus
503 4035 536 4085 et
558 4021 693 4102 auxilia,
718 4022 812 4106 paria
828 4041 898 4084 esse
914 4022 1129 4088 videbantur.

9 4201 216 4216 *tn-w

73 4295 90 4362 ¹)
108 4293 181 4349 Vide
201 4291 275 4345 baec
293 4305 334 4357 ap.
354 4287 493 4352 Wouters‚
513 4287 635 4350 Dissert,
655 4286 708 4342 voi.
727 4285 775 4339 tv.
794 4285 902 4341 dissert.
922 4283 1007 4338 XLII.

933 4391 985 4444 30*
