2844 4840
275 446 310 500 re
495 409 501 420 ’
549 445 634 500 xxx.
656 445 695 500 ns
713 445 878 502 Pounnata
897 445 1031 502 multitu
1050 446 1129 502 vm.

274 589 443 654 coenredum
467 587 635 669 soeculum,
658 590 708 654 eir
730 591 835 676 utique
855 590 1000 676 pandam
1024 601 1053 652 et
1077 588 1224 656 litterulis
1238 601 1266 654 et
1283 591 1391 674 mapsa
1416 587 1417 600 ³

275 689 385 766 animi,
408 687 528 752 zelator
550 711 682 774 mapnua
705 699 735 751 et
758 698 961 752 conservator
975 690 1101 778 jurium
1124 689 1322 774 Eccletiae.¹)

364 813 415 879 82.
459 811 750 892 Quemadmodum
770 813 842 898 jam
866 812 1177 890 animadvertimus,
1202 810 1313 876 iudea
1328 810 1390 873 fine

273 910 489 975 Pontificatus
522 909 680 974 Bonifatii
714 909 800 974 VIII
836 909 995 994 paulatim
1030 911 1169 975 multum
1203 910 1392 973 imminutus

274 999 337 1070 fuit
352 1007 500 1072 influxus
516 1029 716 1092 permagnus
741 1019 773 1071 et
792 1007 946 1071 salutaris
963 1007 1163 1072 Pontificum
1181 1009 1214 1071 in
1232 1007 1392 1092 principes
1417 1037 1418 1060 i

274 1116 307 1169 et
330 1108 364 1170 in
388 1108 576 1170 societatem
603 1105 746 1187 civilem,
770 1127 810 1169 ao
826 1104 1057 1170 vehementius
1074 1108 1273 1191 impugnata
1293 1113 1392 1167 ancto-

274 1206 353 1268 ritas
376 1203 442 1286 illa,
467 1225 566 1290 quam
591 1205 688 1269 certis
712 1225 754 1268 ex
771 1205 879 1268 causis
895 1203 993 1268 modo
1011 1203 1278 1284 extraordinario
1302 1203 1391 1266 etiam
1418 1188 1419 1264 i

275 1301 309 1364 in
332 1301 527 1387 temporalia
549 1323 727 1386 regnorum
752 1299 854 1366 Sedes
878 1301 1071 1386 Apostolica
1095 1301 1286 1366 exercebat.
1320 1301 1392 1364 Pau·

273 1399 365 1464 latim
391 1401 491 1462 etiam
515 1400 587 1484 ipsa
611 1398 840 1462 subordinatio
865 1401 1036 1484 potestatis
1059 1397 1253 1484 temporalis
1278 1421 1319 1463 ac
1341 1410 1393 1460 ter·
1418 1409 1419 1418 ²

274 1517 373 1560 ranae
397 1496 457 1560 sub
482 1498 677 1560 auctoritate
694 1495 856 1581 spirituali
875 1496 1014 1560 multum
1030 1519 1050 1560 a
1066 1499 1167 1560 variis
1184 1495 1395 1583 scriptoribus

273 1603 453 1675 attenuata,
484 1593 625 1659 limitata
650 1594 702 1658 vel
727 1593 890 1678 denegata
914 1605 971 1659 est.
1022 1595 1180 1660 Attamen
1211 1597 1393 1660 eminentis·

274 1691 348 1756 simi
373 1699 523 1755 auctores
536 1692 701 1774 catholici,
726 1703 796 1757 tum
821 1693 921 1758 medii
945 1694 1020 1758 aevi
1038 1703 1107 1758 tum
1126 1694 1393 1780 subsequentium

274 1787 494 1870 saeculorum,
527 1792 691 1876 intrepide
723 1813 795 1855 eam
831 1793 1060 1856 auctoritatem
1084 1791 1347 1856 vindicaverunt
1369 1807 1394 1852 et

273 1895 349 1973 apte
389 1887 619 1974 explanarunt.
683 1888 888 1974 Disponente
933 1897 1045 1953 autem
1085 1889 1298 1976 providentia
1337 1889 1394 1952 Dei

273 1986 397 2049 factum
422 1994 481 2066 eat,
505 1997 550 2066 ut,
576 2009 676 2072 quum
703 1996 850 2072 tempora
874 1985 1058 2071 periculosa
1074 1987 1278 2072 ingruerent,
1304 1987 1395 2050 Boni·

272 2083 373 2147 iatius
389 2082 475 2148 VIII
497 2083 738 2148 Constitutione
763 2083 818 2148 illa
835 2083 938 2148 Unam
960 2096 1104 2148 auratam
1128 2085 1213 2148 hane
1232 2083 1396 2149 Ecclesiae

273 2181 503 2246 auctoritatem
528 2181 706 2246 solemnius
731 2181 960 2268 proclamaret,
994 2183 1159 2268 principia
1191 2205 1271 2246 vera
1303 2205 1395 2267 expo·

273 2289 376 2360 neret,
409 2288 442 2342 ct
469 2279 609 2344 saeculis
640 2278 918 2366 subsequentibus
942 2280 1072 2365 insigne
1097 2279 1177 2344 illud
1201 2279 1397 2366 relinqueret

275 2377 445 2442 doetrinae
470 2377 715 2442 documentum.

103 2513 265 2566 monmore-
365 2503 418 2568 83.
466 2501 542 2582 Qua
566 2525 644 2566 vero
668 2504 796 2567 ratione
821 2500 877 2566 illa
899 2505 1079 2568 auctoritas
1102 2502 1321 2588 concipienda
1347 2505 1397 2571 sit.

113 2577 251 2682 ”22:3⁶¹
275 2610 308 2665 et
330 2600 496 2686 quomodo
521 2603 621 2665 etiam
646 2622 750 2685 usque
785 2599 827 2664 ad
852 2600 1092 2686 depositionem
1117 2602 1307 2686 principum
1330 2604 1397 2686 qni-

273 2697 414 2764 busdam
439 2701 474 2763 In
498 2698 630 2763 casibus
653 2721 692 2762 ea
716 2719 787 2764 sese
811 2697 980 2778 extendat,
1004 2699 1084 2762 satis
1104 2697 1270 2782 colligitur
1293 2720 1335 2762 ex
1359 2701 1397 2763 iis

273 2817 358 2882 quae
382 2797 484 2860 variis
510 2798 544 2860 in
567 2796 648 2861 locis
672 2797 897 2882 exposuImua.
945 2794 1032 2860 Illud
1057 2798 1202 2861 maxime
1226 2795 1396 2862 adverten·

273 2895 353 2960 dum
377 2906 436 2975 est,
468 2894 618 2959 ultimam
652 2895 805 2980 oripiaem
840 2893 915 2958 talis
938 2894 1146 2959 auctoritatis
1170 2915 1237 2958 non
1261 2915 1303 2958 ex
1322 2897 1395 2981 jure

273 2991 397 3075 sociali,
422 2992 480 3056 sed
503 3015 546 3056 ex
569 2991 676 3058 indole
693 2993 854 3056 I’rimatue
877 2992 1039 3058 divinitus
1063 2993 1232 3056 constituti
1253 3005 1395 3078 repeten-

273 3089 348 3153 dam
374 3111 460 3172 esse3
486 3091 563 3176 jure
587 3089 701 3155 sociali
726 3091 956 3154 auctoritatem
981 3089 1072 3154 illam
1104 3091 1246 3178 opattam
1273 3114 1341 3154 esse
1367 3108 1395 3156 et

273 3187 460 3252 aeouirdario
476 3189 613 3274 quodam
624 3189 715 3252 modo
730 3187 964 3272 confirmatam
988 3189 1173 3252 exercitium
1189 3199 1299 3252 autem
1316 3189 1343 3274 ej
1350 3211 1393 3253 us-

273 3285 362 3350 modi
387 3289 592 3352 auctoritatis
608 3286 749 3351 multum
766 3285 955 3371 dependere
970 3308 1012 3350 ex
1029 3295 1216 3372 temporum
1233 3284 1393 3371 adjunctis

272 3393 305 3446 et
328 3405 370 3448 ex
394 3385 464 3470 ipso
489 3387 655 3448 societatis
680 3383 790 3449 civilis
820 3394 922 3466 statu,
958 3385 1016 3472 qui
1055 3385 1157 3449 variis
1194 3385 1394 3470 temporibus

272 3483 384 3545 varius
408 3503 479 3546 esse
503 3492 618 3568 potest.
666 3483 763 3548 Ratio
789 3503 882 3562 vero,
916 3505 977 3546 cur
998 3482 1184 3546 exercitium
1206 3480 1294 3546 illius
1312 3484 1393 3568 juris

272 3577 381 3643 medio
405 3601 488 3643 aevo
513 3579 710 3645 rationabile
743 3591 776 3644 et
806 3579 886 3644 utile
922 3589 1018 3662 esset,
1058 3579 1239 3665 repetenda
1273 3595 1322 3644 est
1354 3605 1393 3646 ex

271 3686 358 3740 statu
383 3678 549 3742 societatis
573 3687 606 3742 et
629 3701 671 3742 ex
689 3678 765 3764 jure
790 3677 904 3742 sociali
929 3677 1017 3742 illius
1040 3679 1209 3763 temporis,
1234 3687 1332 3764 atque
1355 3703 1393 3744 ex

273 3796 435 3839 consensu
459 3777 641 3841 nationum.
690 3775 882 3841 Dominatio
907 3775 1065 3840 videlieet
1096 3775 1273 3840 arbitraria
1297 3787 1329 3841 et
1349 3789 1393 3862 t5·

271 3875 409 3938 rannica
437 3875 628 3960 principum
660 3875 838 3960 praecipue
873 3875 1031 3939 exercitio
1068 3872 1156 3938 illius
1188 3873 1276 3959 juris
1300 3877 1393 3962 impe

271 3971 435 4036 diebatur.
475 3971 593 4036 Nostro
618 3983 729 4036 autem
753 3981 901 4057 tempore
925 3971 1084 4058 adjuncta
1109 3971 1281 4038 societatis
1304 3974 1392 4060 plane

348 4237 369 4310 ¹)
389 4237 497 4293 Summa
516 4237 580 4294 hist.
601 4238 630 4296 P.
650 4237 701 4294 111.
723 4238 771 4293 tit.
795 4239 837 4292 20.
858 4254 880 4292 c.
898 4239 923 4292 8.
944 4239 960 4309 5
982 4240 1003 4292 l.
