<?xml version="1.0" encoding="UTF-8"?>
<!DOCTYPE html PUBLIC "-//W3C//DTD XHTML 1.0 Transitional//EN"
    "http://www.w3.org/TR/xhtml1/DTD/xhtml1-transitional.dtd">
<html xmlns="http://www.w3.org/1999/xhtml" xml:lang="en" lang="en">
 <head>
  <title>
</title>
<meta http-equiv="Content-Type" content="text/html;charset=utf-8" />
  <meta name='ocr-system' content='tesseract 3.04.00' />
  <meta name='ocr-capabilities' content='ocr_page ocr_carea ocr_par ocr_line ocrx_word'/>
</head>
<body>
  <div class='ocr_page' id='page_1' title='image "./dissertationess00junggoog_0719.png"; bbox 0 0 2850 4834; ppageno 0'>
   <div class='ocr_carea' id='block_1_1' title="bbox 298 467 1226 526">
    <p class='ocr_par' dir='ltr' id='par_1_1' title="bbox 298 467 1226 526">
     <span class='ocr_line' id='line_1_1' title="bbox 298 467 1226 526; baseline -0.002 -2"><span class='ocrx_word' id='word_1_1' title='bbox 298 473 350 526; x_wconf 79' lang='grc'><strong>186</strong></span> <span class='ocrx_word' id='word_1_2' title='bbox 494 469 608 522; x_wconf 77' lang='lat' dir='ltr'><strong>xxxa.</strong></span> <span class='ocrx_word' id='word_1_3' title='bbox 629 468 670 522; x_wconf 90' lang='lat' dir='ltr'><strong>De</strong></span> <span class='ocrx_word' id='word_1_4' title='bbox 689 467 868 522; x_wconf 87' lang='lat' dir='ltr'><strong>Pontificibus</strong></span> <span class='ocrx_word' id='word_1_5' title='bbox 888 469 1029 522; x_wconf 86' lang='lat' dir='ltr'><strong>Avenicne</strong></span> <span class='ocrx_word' id='word_1_6' title='bbox 1047 469 1226 522; x_wconf 78' lang='lat' dir='ltr'><strong>commutatis</strong></span> 
     </span>
    </p>
   </div>
   <div class='ocr_carea' id='block_1_2' title="bbox 294 611 1421 2452">
    <p class='ocr_par' dir='ltr' id='par_1_2' title="bbox 294 611 1421 2452">
     <span class='ocr_line' id='line_1_2' title="bbox 297 611 1402 699; baseline -0.004 -23"><span class='ocrx_word' id='word_1_7' title='bbox 297 614 452 678; x_wconf 82' lang='lat' dir='ltr'><strong>dictorum</strong></span> <span class='ocrx_word' id='word_1_8' title='bbox 481 613 652 690; x_wconf 83' lang='lat' dir='ltr'><strong>doctorum,</strong></span> <span class='ocrx_word' id='word_1_9' title='bbox 684 635 738 675; x_wconf 85' lang='lat' dir='ltr'><strong>sea</strong></span> <span class='ocrx_word' id='word_1_10' title='bbox 760 613 865 675; x_wconf 77' lang='lat' dir='ltr'><strong>verita</strong></span> <span class='ocrx_word' id='word_1_11' title='bbox 894 611 1085 675; x_wconf 82' lang='lat' dir='ltr'><strong>aniversalis</strong></span> <span class='ocrx_word' id='word_1_12' title='bbox 1109 611 1268 676; x_wconf 73' lang='lat' dir='ltr'><strong><em>Ecclesiae</em></strong></span> <span class='ocrx_word' id='word_1_13' title='bbox 1291 611 1402 699; x_wconf 65' lang='lat' dir='ltr'><strong>judieii</strong></span> 
     </span>
     <span class='ocr_line' id='line_1_3' title="bbox 296 707 1404 782; baseline -0.004 -8"><span class='ocrx_word' id='word_1_14' title='bbox 296 711 502 776; x_wconf 78' lang='lat' dir='ltr'><strong>haereticales</strong></span> <span class='ocrx_word' id='word_1_15' title='bbox 526 712 635 774; x_wconf 82' lang='lat' dir='ltr'><strong>merito</strong></span> <span class='ocrx_word' id='word_1_16' title='bbox 660 720 732 774; x_wconf 86' lang='lat' dir='ltr'><strong>sant</strong></span> <span class='ocrx_word' id='word_1_17' title='bbox 755 709 912 773; x_wconf 85' lang='lat' dir='ltr'><strong>censendi.</strong></span> <span class='ocrx_word' id='word_1_18' title='bbox 939 757 946 773; x_wconf 93' lang='lat'><strong><em>.</em></strong></span> <span class='ocrx_word' id='word_1_19' title='bbox 972 759 979 772; x_wconf 92' lang='lat'><em>.</em></span> <span class='ocrx_word' id='word_1_20' title='bbox 1007 757 1014 773; x_wconf 93' lang='lat'><strong><em>.</em></strong></span> <span class='ocrx_word' id='word_1_21' title='bbox 1042 707 1184 782; x_wconf 82' lang='lat' dir='ltr'><strong>Quartae</strong></span> <span class='ocrx_word' id='word_1_22' title='bbox 1207 731 1291 774; x_wconf 81' lang='lat' dir='ltr'><strong>error</strong></span> <span class='ocrx_word' id='word_1_23' title='bbox 1310 709 1404 772; x_wconf 80' lang='lat' dir='ltr'><strong>boere-</strong></span> 
     </span>
     <span class='ocr_line' id='line_1_4' title="bbox 298 805 1406 895; baseline -0.005 -21"><span class='ocrx_word' id='word_1_24' title='bbox 298 809 402 874; x_wconf 87' lang='lat' dir='ltr'><strong>ticalis</strong></span> <span class='ocrx_word' id='word_1_25' title='bbox 441 821 503 889; x_wconf 85' lang='lat' dir='ltr'><strong>est,</strong></span> <span class='ocrx_word' id='word_1_26' title='bbox 546 807 630 895; x_wconf 83' lang='lat' dir='ltr'><strong>qaod</strong></span> <span class='ocrx_word' id='word_1_27' title='bbox 657 806 904 873; x_wconf 78' lang='lat' dir='ltr'><strong>Constitutiones</strong></span> <span class='ocrx_word' id='word_1_28' title='bbox 936 831 999 893; x_wconf 86' lang='lat' dir='ltr'><strong>per</strong></span> <span class='ocrx_word' id='word_1_29' title='bbox 1030 810 1211 872; x_wconf 81' lang='lat' dir='ltr'><strong>Romanam</strong></span> <span class='ocrx_word' id='word_1_30' title='bbox 1241 805 1406 890; x_wconf 76' lang='lat' dir='ltr'><strong>Pontificem</strong></span> 
     </span>
     <span class='ocr_line' id='line_1_5' title="bbox 295 903 1409 989; baseline -0.004 -20"><span class='ocrx_word' id='word_1_31' title='bbox 295 910 445 972; x_wconf 89' lang='lat' dir='ltr'><strong>canonice</strong></span> <span class='ocrx_word' id='word_1_32' title='bbox 468 910 640 970; x_wconf 75' lang='lat' dir='ltr'><strong><em>intrantem</em></strong></span> <span class='ocrx_word' id='word_1_33' title='bbox 663 907 768 970; x_wconf 82' lang='lat' dir='ltr'><strong>editae</strong></span> <span class='ocrx_word' id='word_1_34' title='bbox 791 906 829 970; x_wconf 86' lang='lat' dir='ltr'><strong>de</strong></span> <span class='ocrx_word' id='word_1_35' title='bbox 854 906 986 970; x_wconf 86' lang='lat' dir='ltr'><strong>coasilio</strong></span> <span class='ocrx_word' id='word_1_36' title='bbox 1010 907 1097 970; x_wconf 85' lang='lat' dir='ltr'><strong>sacri</strong></span> <span class='ocrx_word' id='word_1_37' title='bbox 1120 929 1158 969; x_wconf 91' lang='lat' dir='ltr'><strong>ac</strong></span> <span class='ocrx_word' id='word_1_38' title='bbox 1175 903 1281 989; x_wconf 80' lang='lat' dir='ltr'><strong>fidelia</strong></span> <span class='ocrx_word' id='word_1_39' title='bbox 1295 903 1409 989; x_wconf 70' lang='lat' dir='ltr'><strong>callepii</strong></span> 
     </span>
     <span class='ocr_line' id='line_1_6' title="bbox 296 1003 1410 1085; baseline -0.005 -15"><span class='ocrx_word' id='word_1_40' title='bbox 296 1007 493 1070; x_wconf 82' lang='lat' dir='ltr'><strong>dominorum</strong></span> <span class='ocrx_word' id='word_1_41' title='bbox 520 1005 743 1070; x_wconf 81' lang='lat' dir='ltr'><strong>Cardinaliarn</strong></span> <span class='ocrx_word' id='word_1_42' title='bbox 774 1015 848 1068; x_wconf 86' lang='lat' dir='ltr'><strong>snat</strong></span> <span class='ocrx_word' id='word_1_43' title='bbox 870 1006 1055 1068; x_wconf 79' lang='lat' dir='ltr'><strong>baereticae.</strong></span> <span class='ocrx_word' id='word_1_44' title='bbox 1065 1009 1088 1085; x_wconf 87' lang='lat'><strong>¹)</strong></span> <span class='ocrx_word' id='word_1_45' title='bbox 1136 1003 1410 1068; x_wconf 77' lang='lat' dir='ltr'><strong>Commemoratur</strong></span> 
     </span>
     <span class='ocr_line' id='line_1_7' title="bbox 297 1100 1408 1188; baseline -0.003 -22"><span class='ocrx_word' id='word_1_46' title='bbox 297 1103 472 1167; x_wconf 89' lang='lat' dir='ltr'><strong>consilium</strong></span> <span class='ocrx_word' id='word_1_47' title='bbox 497 1100 735 1182; x_wconf 84' lang='lat' dir='ltr'><strong>Cardinalium,</strong></span> <span class='ocrx_word' id='word_1_48' title='bbox 773 1104 852 1188; x_wconf 90' lang='lat' dir='ltr'><strong>quia</strong></span> <span class='ocrx_word' id='word_1_49' title='bbox 883 1103 961 1168; x_wconf 88' lang='lat' dir='ltr'><strong>iude</strong></span> <span class='ocrx_word' id='word_1_50' title='bbox 989 1104 1189 1187; x_wconf 82' lang='lat' dir='ltr'><strong>agnoscitur,</strong></span> <span class='ocrx_word' id='word_1_51' title='bbox 1224 1101 1408 1166; x_wconf 90' lang='lat' dir='ltr'><strong>Pontificem</strong></span> 
     </span>
     <span class='ocr_line' id='line_1_8' title="bbox 297 1197 1411 1284; baseline -0.004 -20"><span class='ocrx_word' id='word_1_52' title='bbox 297 1200 394 1264; x_wconf 92' lang='lat' dir='ltr'><strong>edere</strong></span> <span class='ocrx_word' id='word_1_53' title='bbox 418 1223 460 1264; x_wconf 89' lang='lat' dir='ltr'><strong>ex</strong></span> <span class='ocrx_word' id='word_1_54' title='bbox 481 1201 590 1264; x_wconf 82' lang='lat' dir='ltr'><strong>officio</strong></span> <span class='ocrx_word' id='word_1_55' title='bbox 614 1202 810 1265; x_wconf 87' lang='lat' dir='ltr'><strong>sententiam</strong></span> <span class='ocrx_word' id='word_1_56' title='bbox 836 1200 1055 1281; x_wconf 85' lang='lat' dir='ltr'><strong>definitivam,</strong></span> <span class='ocrx_word' id='word_1_57' title='bbox 1080 1223 1121 1264; x_wconf 91' lang='lat' dir='ltr'><strong>ac</strong></span> <span class='ocrx_word' id='word_1_58' title='bbox 1135 1223 1202 1265; x_wconf 89' lang='lat' dir='ltr'><strong>non</strong></span> <span class='ocrx_word' id='word_1_59' title='bbox 1226 1197 1411 1284; x_wconf 86' lang='lat' dir='ltr'><strong>simpliciter</strong></span> 
     </span>
     <span class='ocr_line' id='line_1_9' title="bbox 296 1295 1410 1385; baseline -0.004 -23"><span class='ocrx_word' id='word_1_60' title='bbox 296 1321 390 1364; x_wconf 90' lang='lat' dir='ltr'><strong>suam</strong></span> <span class='ocrx_word' id='word_1_61' title='bbox 414 1301 606 1385; x_wconf 87' lang='lat' dir='ltr'><strong>opinionem</strong></span> <span class='ocrx_word' id='word_1_62' title='bbox 628 1299 849 1364; x_wconf 83' lang='lat' dir='ltr'><strong>manifestare.</strong></span> <span class='ocrx_word' id='word_1_63' title='bbox 882 1299 923 1362; x_wconf 81' lang='lat' dir='ltr'><strong>A.</strong></span> <span class='ocrx_word' id='word_1_64' title='bbox 951 1299 1035 1363; x_wconf 88' lang='grc'>1349</span> <span class='ocrx_word' id='word_1_65' title='bbox 1060 1319 1163 1384; x_wconf 91' lang='lat' dir='ltr'><strong>quum</strong></span> <span class='ocrx_word' id='word_1_66' title='bbox 1187 1295 1297 1383; x_wconf 89' lang='lat' dir='ltr'><strong>plures</strong></span> <span class='ocrx_word' id='word_1_67' title='bbox 1314 1296 1410 1360; x_wconf 85' lang='lat' dir='ltr'><strong>Frati·</strong></span> 
     </span>
     <span class='ocr_line' id='line_1_10' title="bbox 297 1394 1410 1483; baseline -0.004 -23"><span class='ocrx_word' id='word_1_68' title='bbox 297 1396 381 1478; x_wconf 88' lang='lat' dir='ltr'><strong>calli,</strong></span> <span class='ocrx_word' id='word_1_69' title='bbox 420 1399 506 1461; x_wconf 89' lang='lat' dir='ltr'><strong>inter</strong></span> <span class='ocrx_word' id='word_1_70' title='bbox 529 1419 611 1483; x_wconf 92' lang='lat' dir='ltr'><strong>quos</strong></span> <span class='ocrx_word' id='word_1_71' title='bbox 635 1396 760 1463; x_wconf 87' lang='lat' dir='ltr'><strong>Occam</strong></span> <span class='ocrx_word' id='word_1_72' title='bbox 793 1397 894 1461; x_wconf 84' lang='lat' dir='ltr'><strong>fuisse</strong></span> <span class='ocrx_word' id='word_1_73' title='bbox 931 1397 1074 1476; x_wconf 89' lang='lat' dir='ltr'><strong>videtur,</strong></span> <span class='ocrx_word' id='word_1_74' title='bbox 1113 1395 1155 1460; x_wconf 88' lang='lat' dir='ltr'><strong>ad</strong></span> <span class='ocrx_word' id='word_1_75' title='bbox 1192 1394 1410 1459; x_wconf 77' lang='lat' dir='ltr'><strong>obedientiam</strong></span> 
     </span>
     <span class='ocr_line' id='line_1_11' title="bbox 296 1494 1413 1580; baseline -0.006 -22"><span class='ocrx_word' id='word_1_76' title='bbox 296 1495 466 1559; x_wconf 81' lang='lat' dir='ltr'><strong>Ecclesiae</strong></span> <span class='ocrx_word' id='word_1_77' title='bbox 495 1507 749 1574; x_wconf 89' lang='lat' dir='ltr'><strong>reverterentur,</strong></span> <span class='ocrx_word' id='word_1_78' title='bbox 783 1495 919 1580; x_wconf 84' lang='lat' dir='ltr'><strong>professi</strong></span> <span class='ocrx_word' id='word_1_79' title='bbox 944 1506 1030 1574; x_wconf 90' lang='lat' dir='ltr'><strong>sunt,</strong></span> <span class='ocrx_word' id='word_1_80' title='bbox 1060 1519 1091 1558; x_wconf 86' lang='lat' dir='ltr'><strong>se</strong></span> <span class='ocrx_word' id='word_1_81' title='bbox 1115 1494 1240 1558; x_wconf 71' lang='lat' dir='ltr'><strong>actae</strong></span> <span class='ocrx_word' id='word_1_82' title='bbox 1264 1503 1294 1556; x_wconf 90' lang='lat' dir='ltr'><strong>et</strong></span> <span class='ocrx_word' id='word_1_83' title='bbox 1318 1503 1413 1556; x_wconf 68' lang='lat' dir='ltr'><strong>tenere</strong></span> 
     </span>
     <span class='ocr_line' id='line_1_12' title="bbox 295 1589 1413 1678; baseline -0.004 -22"><span class='ocrx_word' id='word_1_84' title='bbox 295 1593 380 1678; x_wconf 84' lang='lat' dir='ltr'><strong>qaod</strong></span> <span class='ocrx_word' id='word_1_85' title='bbox 402 1593 511 1676; x_wconf 85' lang='lat' dir='ltr'><strong>credit,</strong></span> <span class='ocrx_word' id='word_1_86' title='bbox 547 1605 629 1657; x_wconf 80' lang='lat' dir='ltr'><strong>terret</strong></span> <span class='ocrx_word' id='word_1_87' title='bbox 651 1605 680 1657; x_wconf 89' lang='lat' dir='ltr'><strong>et</strong></span> <span class='ocrx_word' id='word_1_88' title='bbox 703 1593 792 1657; x_wconf 81' lang='lat' dir='ltr'><strong>docet</strong></span> <span class='ocrx_word' id='word_1_89' title='bbox 815 1604 928 1657; x_wconf 90' lang='lat' dir='ltr'><strong>sancta</strong></span> <span class='ocrx_word' id='word_1_90' title='bbox 950 1605 1051 1656; x_wconf 84' lang='lat' dir='ltr'><strong>mater</strong></span> <span class='ocrx_word' id='word_1_91' title='bbox 1074 1593 1205 1656; x_wconf 85' lang='lat' dir='ltr'><strong>ecclesia</strong></span> <span class='ocrx_word' id='word_1_92' title='bbox 1230 1589 1413 1655; x_wconf 52' lang='lat' dir='ltr'><strong>Romanas</strong></span> 
     </span>
     <span class='ocr_line' id='line_1_13' title="bbox 296 1688 1413 1776; baseline -0.005 -22"><span class='ocrx_word' id='word_1_93' title='bbox 296 1690 351 1754; x_wconf 84' lang='lat' dir='ltr'><strong>Sic</strong></span> <span class='ocrx_word' id='word_1_94' title='bbox 376 1693 429 1756; x_wconf 89' lang='lat' dir='ltr'><strong>isti</strong></span> <span class='ocrx_word' id='word_1_95' title='bbox 455 1691 621 1755; x_wconf 87' lang='lat' dir='ltr'><strong>Fraticelli</strong></span> <span class='ocrx_word' id='word_1_96' title='bbox 654 1693 753 1776; x_wconf 90' lang='lat' dir='ltr'><strong>primi</strong></span> <span class='ocrx_word' id='word_1_97' title='bbox 776 1690 868 1754; x_wconf 90' lang='lat' dir='ltr'><strong>fuere</strong></span> <span class='ocrx_word' id='word_1_98' title='bbox 892 1691 926 1754; x_wconf 93' lang='lat' dir='ltr'><strong>in</strong></span> <span class='ocrx_word' id='word_1_99' title='bbox 952 1688 1144 1770; x_wconf 85' lang='lat' dir='ltr'><strong>Occidente,</strong></span> <span class='ocrx_word' id='word_1_100' title='bbox 1185 1690 1242 1773; x_wconf 91' lang='lat' dir='ltr'><strong>qui</strong></span> <span class='ocrx_word' id='word_1_101' title='bbox 1279 1688 1413 1750; x_wconf 88' lang='lat' dir='ltr'><strong>Romani</strong></span> 
     </span>
     <span class='ocr_line' id='line_1_14' title="bbox 295 1786 1415 1874; baseline -0.003 -23"><span class='ocrx_word' id='word_1_102' title='bbox 295 1787 467 1852; x_wconf 80' lang='lat' dir='ltr'><strong>Pontificio</strong></span> <span class='ocrx_word' id='word_1_103' title='bbox 492 1789 763 1853; x_wconf 79' lang='lat' dir='ltr'><strong>infallibilitatem</strong></span> <span class='ocrx_word' id='word_1_104' title='bbox 788 1799 962 1873; x_wconf 85' lang='lat' dir='ltr'><strong>negarunt.</strong></span> <span class='ocrx_word' id='word_1_105' title='bbox 998 1789 1108 1874; x_wconf 82' lang='lat' dir='ltr'><strong>Atque</strong></span> <span class='ocrx_word' id='word_1_106' title='bbox 1131 1797 1201 1850; x_wconf 89' lang='lat' dir='ltr'><strong>tum</strong></span> <span class='ocrx_word' id='word_1_107' title='bbox 1227 1786 1292 1850; x_wconf 86' lang='lat' dir='ltr'><strong>hac</strong></span> <span class='ocrx_word' id='word_1_108' title='bbox 1318 1788 1352 1849; x_wconf 91' lang='lat' dir='ltr'><strong>in</strong></span> <span class='ocrx_word' id='word_1_109' title='bbox 1376 1808 1415 1848; x_wconf 76' lang='lat' dir='ltr'><strong>re.</strong></span> 
     </span>
     <span class='ocr_line' id='line_1_15' title="bbox 295 1883 1416 1971; baseline -0.002 -23"><span class='ocrx_word' id='word_1_110' title='bbox 295 1897 366 1949; x_wconf 91' lang='lat' dir='ltr'><strong>tum</strong></span> <span class='ocrx_word' id='word_1_111' title='bbox 390 1889 425 1950; x_wconf 94' lang='lat' dir='ltr'><strong>in</strong></span> <span class='ocrx_word' id='word_1_112' title='bbox 449 1887 523 1950; x_wconf 86' lang='lat' dir='ltr'><strong>aliis</strong></span> <span class='ocrx_word' id='word_1_113' title='bbox 547 1887 760 1971; x_wconf 91' lang='lat' dir='ltr'><strong>opinionibus</strong></span> <span class='ocrx_word' id='word_1_114' title='bbox 783 1888 1013 1950; x_wconf 86' lang='lat' dir='ltr'><strong>auctoritatem</strong></span> <span class='ocrx_word' id='word_1_115' title='bbox 1037 1886 1263 1949; x_wconf 88' lang='lat' dir='ltr'><strong>Romanorum</strong></span> <span class='ocrx_word' id='word_1_116' title='bbox 1288 1883 1416 1948; x_wconf 84' lang='lat' dir='ltr'><strong>Pontifi-</strong></span> 
     </span>
     <span class='ocr_line' id='line_1_16' title="bbox 296 1981 1415 2069; baseline -0.003 -23"><span class='ocrx_word' id='word_1_117' title='bbox 296 2005 372 2046; x_wconf 89' lang='lat' dir='ltr'><strong>cum</strong></span> <span class='ocrx_word' id='word_1_118' title='bbox 396 1984 615 2068; x_wconf 85' lang='lat' dir='ltr'><strong>laedentibus,</strong></span> <span class='ocrx_word' id='word_1_119' title='bbox 640 1984 700 2047; x_wconf 87' lang='lat' dir='ltr'><strong>hos</strong></span> <span class='ocrx_word' id='word_1_120' title='bbox 723 1993 837 2069; x_wconf 87' lang='lat' dir='ltr'><strong>postea</strong></span> <span class='ocrx_word' id='word_1_121' title='bbox 856 1983 992 2069; x_wconf 88' lang='lat' dir='ltr'><strong>quidam</strong></span> <span class='ocrx_word' id='word_1_122' title='bbox 1009 1984 1095 2047; x_wconf 92' lang='lat' dir='ltr'><strong>inter</strong></span> <span class='ocrx_word' id='word_1_123' title='bbox 1111 1981 1303 2048; x_wconf 80' lang='lat' dir='ltr'><strong>Catholicae</strong></span> <span class='ocrx_word' id='word_1_124' title='bbox 1319 1985 1415 2046; x_wconf 87' lang='lat' dir='ltr'><strong>secuti</strong></span> 
     </span>
     <span class='ocr_line' id='line_1_17' title="bbox 295 2080 1418 2164; baseline -0.002 -20"><span class='ocrx_word' id='word_1_125' title='bbox 295 2092 381 2145; x_wconf 89' lang='lat' dir='ltr'><strong>sunt.</strong></span> <span class='ocrx_word' id='word_1_126' title='bbox 429 2081 547 2146; x_wconf 89' lang='lat' dir='ltr'><strong>Merito</strong></span> <span class='ocrx_word' id='word_1_127' title='bbox 578 2081 735 2146; x_wconf 89' lang='lat' dir='ltr'><strong>videlicet</strong></span> <span class='ocrx_word' id='word_1_128' title='bbox 758 2082 905 2147; x_wconf 87' lang='lat' dir='ltr'><strong>Joannes</strong></span> <span class='ocrx_word' id='word_1_129' title='bbox 938 2080 978 2145; x_wconf 90' lang='lat' dir='ltr'><strong>de</strong></span> <span class='ocrx_word' id='word_1_130' title='bbox 1002 2081 1267 2161; x_wconf 84' lang='lat' dir='ltr'><strong>Trrrrecremata,</strong></span> <span class='ocrx_word' id='word_1_131' title='bbox 1302 2082 1361 2164; x_wconf 90' lang='lat' dir='ltr'><strong>qui</strong></span> <span class='ocrx_word' id='word_1_132' title='bbox 1389 2083 1418 2142; x_wconf 90' lang='lat' dir='ltr'><strong>iu</strong></span> 
     </span>
     <span class='ocr_line' id='line_1_18' title="bbox 295 2177 1418 2266; baseline -0.004 -23"><span class='ocrx_word' id='word_1_133' title='bbox 295 2180 422 2263; x_wconf 87' lang='lat' dir='ltr'><strong>synodo</strong></span> <span class='ocrx_word' id='word_1_134' title='bbox 447 2180 629 2245; x_wconf 87' lang='lat' dir='ltr'><strong>Basileensi</strong></span> <span class='ocrx_word' id='word_1_135' title='bbox 654 2182 904 2266; x_wconf 86' lang='lat' dir='ltr'><strong>praerogativae</strong></span> <span class='ocrx_word' id='word_1_136' title='bbox 920 2177 953 2244; x_wconf 84' lang='lat' dir='ltr'><strong>S.</strong></span> <span class='ocrx_word' id='word_1_137' title='bbox 969 2179 1066 2244; x_wconf 89' lang='lat' dir='ltr'><strong>Sedis</strong></span> <span class='ocrx_word' id='word_1_138' title='bbox 1089 2178 1249 2256; x_wconf 80' lang='lat' dir='ltr'><strong>defendit,</strong></span> <span class='ocrx_word' id='word_1_139' title='bbox 1283 2180 1418 2242; x_wconf 85' lang='lat' dir='ltr'><strong>miratus</strong></span> 
     </span>
     <span class='ocr_line' id='line_1_19' title="bbox 295 2274 1421 2364; baseline -0.005 -22"><span class='ocrx_word' id='word_1_140' title='bbox 295 2288 353 2358; x_wconf 90' lang='lat' dir='ltr'><strong>est,</strong></span> <span class='ocrx_word' id='word_1_141' title='bbox 378 2279 742 2364; x_wconf 86' lang='lat' dir='ltr'><strong>eousqueadversarios</strong></span> <span class='ocrx_word' id='word_1_142' title='bbox 767 2277 962 2342; x_wconf 86' lang='lat' dir='ltr'><strong>obcaecatos</strong></span> <span class='ocrx_word' id='word_1_143' title='bbox 986 2299 1067 2359; x_wconf 88' lang='lat' dir='ltr'><strong>esse,</strong></span> <span class='ocrx_word' id='word_1_144' title='bbox 1091 2287 1125 2341; x_wconf 88' lang='lat' dir='ltr'><strong>ut</strong></span> <span class='ocrx_word' id='word_1_145' title='bbox 1139 2274 1315 2342; x_wconf 80' lang='lat' dir='ltr'><strong>malae-rint</strong></span> <span class='ocrx_word' id='word_1_146' title='bbox 1339 2276 1421 2360; x_wconf 78' lang='lat' dir='ltr'><strong>seqai</strong></span> 
     </span>
     <span class='ocr_line' id='line_1_20' title="bbox 294 2375 1421 2452; baseline -0.004 -13"><span class='ocrx_word' id='word_1_147' title='bbox 294 2377 432 2441; x_wconf 79' lang='lat' dir='ltr'><strong>homines</strong></span> <span class='ocrx_word' id='word_1_148' title='bbox 456 2378 495 2441; x_wconf 85' lang='lat' dir='ltr'><strong>ab</strong></span> <span class='ocrx_word' id='word_1_149' title='bbox 520 2376 662 2440; x_wconf 82' lang='lat' dir='ltr'><strong>Ecclesia</strong></span> <span class='ocrx_word' id='word_1_150' title='bbox 686 2379 750 2441; x_wconf 90' lang='lat' dir='ltr'><strong>Dei</strong></span> <span class='ocrx_word' id='word_1_151' title='bbox 772 2379 806 2440; x_wconf 88' lang='lat' dir='ltr'><strong>in</strong></span> <span class='ocrx_word' id='word_1_152' title='bbox 830 2377 977 2440; x_wconf 59' lang='lat' dir='ltr'><strong>doctr-iac</strong></span> <span class='ocrx_word' id='word_1_153' title='bbox 997 2398 1058 2440; x_wconf 87' lang='lat' dir='ltr'><strong>saa</strong></span> <span class='ocrx_word' id='word_1_154' title='bbox 1081 2375 1320 2452; x_wconf 82' lang='lat' dir='ltr'><strong>condemnatos,</strong></span> <span class='ocrx_word' id='word_1_155' title='bbox 1348 2377 1421 2438; x_wconf 80' lang='lat' dir='ltr'><strong>sicat</strong></span> 
     </span>
    </p>
   </div>
   <div class='ocr_carea' id='block_1_3' title="bbox 171 2470 1423 3141">
    <p class='ocr_par' dir='ltr' id='par_1_3' title="bbox 287 2470 1423 3050">
     <span class='ocr_line' id='line_1_21' title="bbox 287 2470 1421 2560; baseline -0.004 -24"><span class='ocrx_word' id='word_1_156' title='bbox 287 2474 360 2560; x_wconf 86' lang='lat' dir='ltr'><strong>fait</strong></span> <span class='ocrx_word' id='word_1_157' title='bbox 384 2474 554 2539; x_wconf 84' lang='lat' dir='ltr'><strong>Marsilias</strong></span> <span class='ocrx_word' id='word_1_158' title='bbox 577 2475 615 2538; x_wconf 85' lang='lat' dir='ltr'><strong>de</strong></span> <span class='ocrx_word' id='word_1_159' title='bbox 639 2475 765 2554; x_wconf 84' lang='lat' dir='ltr'><strong>Padaa,</strong></span> <span class='ocrx_word' id='word_1_160' title='bbox 803 2473 915 2539; x_wconf 86' lang='lat' dir='ltr'><strong>Occarn</strong></span> <span class='ocrx_word' id='word_1_161' title='bbox 942 2497 1011 2537; x_wconf 88' lang='lat' dir='ltr'><strong>cam</strong></span> <span class='ocrx_word' id='word_1_162' title='bbox 1040 2470 1242 2559; x_wconf 71' lang='lat' dir='ltr'><strong>complicibus</strong></span> <span class='ocrx_word' id='word_1_163' title='bbox 1273 2475 1356 2551; x_wconf 76' lang='lat' dir='ltr'><strong>ereis,</strong></span> <span class='ocrx_word' id='word_1_164' title='bbox 1388 2495 1421 2533; x_wconf 73' lang='lat' dir='ltr'><strong>er</strong></span> 
     </span>
     <span class='ocr_line' id='line_1_22' title="bbox 294 2571 1423 2658; baseline -0.004 -22"><span class='ocrx_word' id='word_1_165' title='bbox 294 2596 425 2657; x_wconf 80' lang='lat' dir='ltr'><strong>quoram</strong></span> <span class='ocrx_word' id='word_1_166' title='bbox 448 2573 594 2636; x_wconf 84' lang='lat' dir='ltr'><strong>doctrina</strong></span> <span class='ocrx_word' id='word_1_167' title='bbox 618 2583 763 2636; x_wconf 77' lang='lat' dir='ltr'><strong>eatracta</strong></span> <span class='ocrx_word' id='word_1_168' title='bbox 785 2583 859 2636; x_wconf 89' lang='lat' dir='ltr'><strong>sant</strong></span> <span class='ocrx_word' id='word_1_169' title='bbox 879 2595 939 2658; x_wconf 85' lang='lat' dir='ltr'><strong>pro</strong></span> <span class='ocrx_word' id='word_1_170' title='bbox 955 2595 1071 2655; x_wconf 70' lang='lat' dir='ltr'><strong>maana</strong></span> <span class='ocrx_word' id='word_1_171' title='bbox 1087 2583 1184 2657; x_wconf 83' lang='lat' dir='ltr'><strong>parte</strong></span> <span class='ocrx_word' id='word_1_172' title='bbox 1209 2571 1345 2636; x_wconf 85' lang='lat' dir='ltr'><strong>decreta</strong></span> <span class='ocrx_word' id='word_1_173' title='bbox 1370 2571 1423 2632; x_wconf 85' lang='lat' dir='ltr'><strong>illa</strong></span> 
     </span>
     <span class='ocr_line' id='line_1_23' title="bbox 289 2667 1422 2756; baseline -0.003 -24"><span class='ocrx_word' id='word_1_174' title='bbox 289 2670 449 2756; x_wconf 84' lang='lat' dir='ltr'><strong>praefata</strong></span> <span class='ocrx_word' id='word_1_175' title='bbox 471 2671 684 2748; x_wconf 86' lang='lat' dir='ltr'><strong>Basileensia,</strong></span> <span class='ocrx_word' id='word_1_176' title='bbox 716 2682 746 2734; x_wconf 88' lang='lat' dir='ltr'><strong>et</strong></span> <span class='ocrx_word' id='word_1_177' title='bbox 776 2671 928 2756; x_wconf 78' lang='lat' dir='ltr'><strong>quosdam</strong></span> <span class='ocrx_word' id='word_1_178' title='bbox 950 2669 1034 2733; x_wconf 82' lang='lat' dir='ltr'><strong>alios</strong></span> <span class='ocrx_word' id='word_1_179' title='bbox 1057 2667 1196 2732; x_wconf 83' lang='lat' dir='ltr'><strong>novellos</strong></span> <span class='ocrx_word' id='word_1_180' title='bbox 1219 2668 1422 2741; x_wconf 82' lang='lat' dir='ltr'><strong>doctorellos,</strong></span> 
     </span>
     <span class='ocr_line' id='line_1_24' title="bbox 289 2766 1422 2854; baseline -0.003 -23"><span class='ocrx_word' id='word_1_181' title='bbox 289 2769 440 2854; x_wconf 81' lang='lat' dir='ltr'><strong>praefati</strong></span> <span class='ocrx_word' id='word_1_182' title='bbox 459 2770 571 2833; x_wconf 80' lang='lat' dir='ltr'><strong>Occant</strong></span> <span class='ocrx_word' id='word_1_183' title='bbox 595 2779 624 2833; x_wconf 90' lang='lat' dir='ltr'><strong>et</strong></span> <span class='ocrx_word' id='word_1_184' title='bbox 642 2767 820 2853; x_wconf 78' lang='lat' dir='ltr'><strong>aliquorum</strong></span> <span class='ocrx_word' id='word_1_185' title='bbox 835 2766 1077 2832; x_wconf 83' lang='lat' dir='ltr'><strong>Fraticelloram</strong></span> <span class='ocrx_word' id='word_1_186' title='bbox 1090 2767 1257 2852; x_wconf 75' lang='lat' dir='ltr'><strong>opiniones</strong></span> <span class='ocrx_word' id='word_1_187' title='bbox 1273 2790 1422 2832; x_wconf 76' lang='lat' dir='ltr'><strong>errorrear</strong></span> 
     </span>
     <span class='ocr_line' id='line_1_25' title="bbox 294 2865 1408 2951; baseline -0.002 -22"><span class='ocrx_word' id='word_1_188' title='bbox 294 2877 492 2944; x_wconf 82' lang='lat' dir='ltr'><strong>renovantes,</strong></span> <span class='ocrx_word' id='word_1_189' title='bbox 516 2891 609 2951; x_wconf 82' lang='lat' dir='ltr'><strong>quarn</strong></span> <span class='ocrx_word' id='word_1_190' title='bbox 632 2867 775 2931; x_wconf 83' lang='lat' dir='ltr'><strong>doctores</strong></span> <span class='ocrx_word' id='word_1_191' title='bbox 797 2877 923 2930; x_wconf 87' lang='lat' dir='ltr'><strong>sanctas</strong></span> <span class='ocrx_word' id='word_1_192' title='bbox 947 2866 987 2929; x_wconf 86' lang='lat' dir='ltr'><strong>ab</strong></span> <span class='ocrx_word' id='word_1_193' title='bbox 1003 2865 1146 2930; x_wconf 77' lang='lat' dir='ltr'><strong>Ecclesia</strong></span> <span class='ocrx_word' id='word_1_194' title='bbox 1170 2865 1408 2950; x_wconf 49' lang='lat' dir='ltr'><strong>approbatas</strong></span> 
     </span>
     <span class='ocr_line' id='line_1_26' title="bbox 296 2961 1074 3050; baseline -0.003 -22"><span class='ocrx_word' id='word_1_195' title='bbox 296 2963 378 3028; x_wconf 85' lang='lat' dir='ltr'><strong>alios</strong></span> <span class='ocrx_word' id='word_1_196' title='bbox 397 2965 696 3050; x_wconf 84' lang='lat' dir='ltr'><strong>praestantissimos</strong></span> <span class='ocrx_word' id='word_1_197' title='bbox 720 2963 863 3028; x_wconf 86' lang='lat' dir='ltr'><strong>doctores</strong></span> <span class='ocrx_word' id='word_1_198' title='bbox 887 2961 1074 3049; x_wconf 53' lang='lat' dir='ltr'><strong>antiquosst)</strong></span> 
     </span>
    </p>

    <p class='ocr_par' dir='ltr' id='par_1_4' title="bbox 171 3059 1409 3141">
     <span class='ocr_line' id='line_1_27' title="bbox 171 3059 1409 3141; baseline 0.002 -19"><span class='ocrx_word' id='word_1_199' title='bbox 171 3083 240 3122; x_wconf 74' lang='lat' dir='ltr'><strong>nsua</strong></span> <span class='ocrx_word' id='word_1_200' title='bbox 386 3064 438 3128; x_wconf 77' lang='lat'><strong>37.</strong></span> <span class='ocrx_word' id='word_1_201' title='bbox 488 3062 587 3141; x_wconf 82' lang='lat' dir='ltr'><strong>Quod</strong></span> <span class='ocrx_word' id='word_1_202' title='bbox 612 3083 690 3126; x_wconf 88' lang='lat' dir='ltr'><strong>vcro</strong></span> <span class='ocrx_word' id='word_1_203' title='bbox 714 3064 833 3126; x_wconf 84' lang='lat' dir='ltr'><strong>attinet</strong></span> <span class='ocrx_word' id='word_1_204' title='bbox 856 3062 900 3126; x_wconf 83' lang='lat' dir='ltr'><strong>ad</strong></span> <span class='ocrx_word' id='word_1_205' title='bbox 922 3061 1098 3125; x_wconf 88' lang='lat' dir='ltr'><strong>relationes</strong></span> <span class='ocrx_word' id='word_1_206' title='bbox 1122 3059 1314 3125; x_wconf 83' lang='lat' dir='ltr'><strong>Ecclesiam</strong></span> <span class='ocrx_word' id='word_1_207' title='bbox 1345 3067 1409 3127; x_wconf 80' lang='lat' dir='ltr'><strong>inte</strong></span> 
     </span>
    </p>
   </div>
   <div class='ocr_carea' id='block_1_4' title="bbox 124 3143 285 3196">
    <p class='ocr_par' dir='ltr' id='par_1_5' title="bbox 124 3143 285 3196">
     <span class='ocr_line' id='line_1_28' title="bbox 124 3143 285 3196; baseline 0.006 -13"><span class='ocrx_word' id='word_1_208' title='bbox 124 3143 231 3196; x_wconf 68' lang='lat' dir='ltr'><strong>Defensor</strong></span> <span class='ocrx_word' id='word_1_209' title='bbox 243 3155 285 3196; x_wconf 81' lang='lat' dir='ltr'><strong>pa·</strong></span> 
     </span>
    </p>
   </div>
   <div class='ocr_carea' id='block_1_5' title="bbox 182 3156 1414 3248">
    <p class='ocr_par' dir='ltr' id='par_1_6' title="bbox 182 3156 1414 3248">
     <span class='ocr_line' id='line_1_29' title="bbox 182 3156 1414 3248; baseline -0.001 -23"><span class='ocrx_word' id='word_1_210' title='bbox 182 3209 220 3248; x_wconf 59' lang='lat'><strong>„·,‚</strong></span> <span class='ocrx_word' id='word_1_211' title='bbox 296 3172 328 3225; x_wconf 90' lang='lat' dir='ltr'><strong>et</strong></span> <span class='ocrx_word' id='word_1_212' title='bbox 351 3163 542 3225; x_wconf 87' lang='lat' dir='ltr'><strong>societatem</strong></span> <span class='ocrx_word' id='word_1_213' title='bbox 567 3160 711 3243; x_wconf 87' lang='lat' dir='ltr'><strong>civilem,</strong></span> <span class='ocrx_word' id='word_1_214' title='bbox 736 3182 794 3224; x_wconf 91' lang='lat' dir='ltr'><strong>seu</strong></span> <span class='ocrx_word' id='word_1_215' title='bbox 810 3161 991 3245; x_wconf 89' lang='lat' dir='ltr'><strong>Imperium</strong></span> <span class='ocrx_word' id='word_1_216' title='bbox 1016 3161 1102 3223; x_wconf 90' lang='lat' dir='ltr'><strong>inter</strong></span> <span class='ocrx_word' id='word_1_217' title='bbox 1125 3169 1157 3222; x_wconf 91' lang='lat' dir='ltr'><strong>et</strong></span> <span class='ocrx_word' id='word_1_218' title='bbox 1175 3156 1414 3226; x_wconf 88' lang='lat' dir='ltr'><strong>Sacerdotium</strong></span> 
     </span>
    </p>
   </div>
   <div class='ocr_carea' id='block_1_6' title="bbox 294 3256 1420 3740">
    <p class='ocr_par' dir='ltr' id='par_1_7' title="bbox 294 3256 1420 3740">
     <span class='ocr_line' id='line_1_30' title="bbox 295 3256 1414 3344; baseline -0.001 -21"><span class='ocrx_word' id='word_1_219' title='bbox 295 3269 464 3344; x_wconf 86' lang='lat' dir='ltr'><strong>apostatae</strong></span> <span class='ocrx_word' id='word_1_220' title='bbox 489 3259 535 3323; x_wconf 88' lang='lat' dir='ltr'><strong>illi</strong></span> <span class='ocrx_word' id='word_1_221' title='bbox 560 3259 852 3323; x_wconf 77' lang='lat' dir='ltr'><strong>subordinationem</strong></span> <span class='ocrx_word' id='word_1_222' title='bbox 876 3257 1047 3322; x_wconf 85' lang='lat' dir='ltr'><strong>Ecclesiae</strong></span> <span class='ocrx_word' id='word_1_223' title='bbox 1086 3257 1147 3320; x_wconf 90' lang='lat' dir='ltr'><strong>sub</strong></span> <span class='ocrx_word' id='word_1_224' title='bbox 1178 3256 1334 3342; x_wconf 91' lang='lat' dir='ltr'><strong>Imperio</strong></span> <span class='ocrx_word' id='word_1_225' title='bbox 1376 3259 1414 3324; x_wconf 86' lang='lat' dir='ltr'><strong>ad</strong></span> 
     </span>
     <span class='ocr_line' id='line_1_31' title="bbox 295 3354 1420 3444; baseline 0 -24"><span class='ocrx_word' id='word_1_226' title='bbox 295 3367 497 3421; x_wconf 85' lang='lat' dir='ltr'><strong>struxerunt.</strong></span> <span class='ocrx_word' id='word_1_227' title='bbox 548 3357 641 3420; x_wconf 90' lang='lat' dir='ltr'><strong>Inter</strong></span> <span class='ocrx_word' id='word_1_228' title='bbox 672 3355 738 3420; x_wconf 88' lang='lat' dir='ltr'><strong>alia</strong></span> <span class='ocrx_word' id='word_1_229' title='bbox 769 3378 883 3442; x_wconf 88' lang='lat' dir='ltr'><strong>opera,</strong></span> <span class='ocrx_word' id='word_1_230' title='bbox 920 3377 1004 3441; x_wconf 86' lang='lat' dir='ltr'><strong>quae</strong></span> <span class='ocrx_word' id='word_1_231' title='bbox 1035 3354 1098 3418; x_wconf 88' lang='lat' dir='ltr'><strong>hac</strong></span> <span class='ocrx_word' id='word_1_232' title='bbox 1128 3357 1162 3418; x_wconf 93' lang='lat' dir='ltr'><strong>iu</strong></span> <span class='ocrx_word' id='word_1_233' title='bbox 1195 3375 1231 3418; x_wconf 89' lang='lat' dir='ltr'><strong>re</strong></span> <span class='ocrx_word' id='word_1_234' title='bbox 1265 3355 1312 3420; x_wconf 88' lang='lat' dir='ltr'><strong>ab</strong></span> <span class='ocrx_word' id='word_1_235' title='bbox 1354 3361 1420 3444; x_wconf 87' lang='lat' dir='ltr'><strong>ipsi</strong></span> 
     </span>
     <span class='ocr_line' id='line_1_32' title="bbox 294 3451 1413 3543; baseline 0 -23"><span class='ocrx_word' id='word_1_236' title='bbox 294 3457 481 3540; x_wconf 85' lang='lat' dir='ltr'><strong>conscripta</strong></span> <span class='ocrx_word' id='word_1_237' title='bbox 505 3465 590 3535; x_wconf 87' lang='lat' dir='ltr'><strong>sunt,</strong></span> <span class='ocrx_word' id='word_1_238' title='bbox 616 3453 696 3518; x_wconf 89' lang='lat' dir='ltr'><strong>illud</strong></span> <span class='ocrx_word' id='word_1_239' title='bbox 721 3456 937 3538; x_wconf 89' lang='lat' dir='ltr'><strong>praecipuum</strong></span> <span class='ocrx_word' id='word_1_240' title='bbox 962 3453 1025 3517; x_wconf 87' lang='lat' dir='ltr'><strong>fuit</strong></span> <span class='ocrx_word' id='word_1_241' title='bbox 1047 3452 1137 3538; x_wconf 91' lang='lat' dir='ltr'><strong>quod</strong></span> <span class='ocrx_word' id='word_1_242' title='bbox 1152 3451 1322 3537; x_wconf 77' lang='lat' dir='ltr'><strong>Defensor·</strong></span> <span class='ocrx_word' id='word_1_243' title='bbox 1335 3457 1413 3543; x_wconf 78' lang='lat' dir='ltr'><strong>pac‘</strong></span> 
     </span>
     <span class='ocr_line' id='line_1_33' title="bbox 294 3550 1419 3620; baseline 0.004 -4"><span class='ocrx_word' id='word_1_244' title='bbox 294 3551 487 3616; x_wconf 87' lang='lat' dir='ltr'><strong>inscribitur</strong></span> <span class='ocrx_word' id='word_1_245' title='bbox 510 3563 542 3616; x_wconf 89' lang='lat' dir='ltr'><strong>et</strong></span> <span class='ocrx_word' id='word_1_246' title='bbox 570 3551 758 3616; x_wconf 88' lang='lat' dir='ltr'><strong>aMarsilio</strong></span> <span class='ocrx_word' id='word_1_247' title='bbox 783 3551 946 3615; x_wconf 86' lang='lat' dir='ltr'><strong>Patavina</strong></span> <span class='ocrx_word' id='word_1_248' title='bbox 970 3573 1009 3614; x_wconf 86' lang='lat' dir='ltr'><strong>ac</strong></span> <span class='ocrx_word' id='word_1_249' title='bbox 1033 3551 1163 3616; x_wconf 91' lang='lat' dir='ltr'><strong>Joanne</strong></span> <span class='ocrx_word' id='word_1_250' title='bbox 1192 3550 1234 3614; x_wconf 91' lang='lat' dir='ltr'><strong>de</strong></span> <span class='ocrx_word' id='word_1_251' title='bbox 1258 3552 1419 3620; x_wconf 78' lang='lat' dir='ltr'><strong>landun·</strong></span> 
     </span>
     <span class='ocr_line' id='line_1_34' title="bbox 294 3648 1406 3740; baseline 0.003 -26"><span class='ocrx_word' id='word_1_252' title='bbox 294 3654 462 3715; x_wconf 90' lang='lat' dir='ltr'><strong>communi</strong></span> <span class='ocrx_word' id='word_1_253' title='bbox 494 3649 608 3714; x_wconf 88' lang='lat' dir='ltr'><strong>labore</strong></span> <span class='ocrx_word' id='word_1_254' title='bbox 643 3650 830 3714; x_wconf 88' lang='lat' dir='ltr'><strong>confectum</strong></span> <span class='ocrx_word' id='word_1_255' title='bbox 864 3649 953 3731; x_wconf 77' lang='lat' dir='ltr'><strong>est.⁴)</strong></span> <span class='ocrx_word' id='word_1_256' title='bbox 1001 3648 1074 3712; x_wconf 90' lang='lat' dir='ltr'><strong>Hoc</strong></span> <span class='ocrx_word' id='word_1_257' title='bbox 1108 3650 1143 3713; x_wconf 89' lang='lat' dir='ltr'><strong>in</strong></span> <span class='ocrx_word' id='word_1_258' title='bbox 1176 3671 1297 3734; x_wconf 86' lang='lat' dir='ltr'><strong>opere,</strong></span> <span class='ocrx_word' id='word_1_259' title='bbox 1343 3677 1406 3740; x_wconf 90' lang='lat' dir='ltr'><strong>quo</strong></span> 
     </span>
    </p>
   </div>
   <div class='ocr_carea' id='block_1_7' title="bbox 294 3852 1423 4322">
    <p class='ocr_par' dir='ltr' id='par_1_8' title="bbox 369 3852 793 3922">
     <span class='ocr_line' id='line_1_35' title="bbox 369 3852 793 3922; baseline -0.005 -14"><span class='ocrx_word' id='word_1_260' title='bbox 369 3855 387 3920; x_wconf 79' lang='lat'><strong>¹)</strong></span> <span class='ocrx_word' id='word_1_261' title='bbox 407 3853 540 3922; x_wconf 82' lang='lat' dir='ltr'><strong>Reynald.</strong></span> <span class='ocrx_word' id='word_1_262' title='bbox 560 3868 584 3908; x_wconf 86' lang='lat' dir='ltr'><strong>a.</strong></span> <span class='ocrx_word' id='word_1_263' title='bbox 607 3852 682 3906; x_wconf 83' lang='lat'>1331.</span> <span class='ocrx_word' id='word_1_264' title='bbox 703 3869 730 3905; x_wconf 86' lang='lat'><strong>11.</strong></span> <span class='ocrx_word' id='word_1_265' title='bbox 750 3855 793 3906; x_wconf 89' lang='lat'><strong>51.</strong></span> 
     </span>
    </p>

    <p class='ocr_par' dir='ltr' id='par_1_9' title="bbox 367 3934 727 4004">
     <span class='ocr_line' id='line_1_36' title="bbox 367 3934 727 4004; baseline 0 -16"><span class='ocrx_word' id='word_1_266' title='bbox 367 3935 388 4004; x_wconf 74' lang='lat'><strong>⁹)</strong></span> <span class='ocrx_word' id='word_1_267' title='bbox 408 3934 476 3989; x_wconf 87' lang='lat' dir='ltr'><strong>Ibid.</strong></span> <span class='ocrx_word' id='word_1_268' title='bbox 497 3951 521 3988; x_wconf 83' lang='lat' dir='ltr'><strong>a.</strong></span> <span class='ocrx_word' id='word_1_269' title='bbox 543 3934 618 3986; x_wconf 79' lang='grc'>1349.</span> <span class='ocrx_word' id='word_1_270' title='bbox 640 3949 665 3985; x_wconf 91' lang='lat' dir='ltr'><strong>n.</strong></span> <span class='ocrx_word' id='word_1_271' title='bbox 686 3935 727 3988; x_wconf 83' lang='lat'><strong>16.</strong></span> 
     </span>
    </p>

    <p class='ocr_par' dir='ltr' id='par_1_10' title="bbox 367 4012 929 4080">
     <span class='ocr_line' id='line_1_37' title="bbox 367 4012 929 4080; baseline -0.012 -10"><span class='ocrx_word' id='word_1_272' title='bbox 367 4015 387 4080; x_wconf 77' lang='lat'><strong>³)</strong></span> <span class='ocrx_word' id='word_1_273' title='bbox 407 4015 517 4070; x_wconf 87' lang='lat' dir='ltr'><strong>Summe</strong></span> <span class='ocrx_word' id='word_1_274' title='bbox 534 4015 567 4066; x_wconf 86' lang='lat' dir='ltr'><strong>de</strong></span> <span class='ocrx_word' id='word_1_275' title='bbox 586 4012 714 4076; x_wconf 82' lang='lat' dir='ltr'><strong>Ecclesia,</strong></span> <span class='ocrx_word' id='word_1_276' title='bbox 734 4013 750 4068; x_wconf 92' lang='grc' dir='ltr'><strong>Ι.</strong></span> <span class='ocrx_word' id='word_1_277' title='bbox 772 4012 807 4066; x_wconf 89' lang='lat'><strong>11.</strong></span> <span class='ocrx_word' id='word_1_278' title='bbox 827 4027 848 4065; x_wconf 89' lang='lat' dir='ltr'><strong>c.</strong></span> <span class='ocrx_word' id='word_1_279' title='bbox 872 4015 929 4070; x_wconf 78' lang='lat' dir='ltr'><strong>loo,</strong></span> 
     </span>
    </p>

    <p class='ocr_par' dir='ltr' id='par_1_11' title="bbox 294 4091 1423 4322">
     <span class='ocr_line' id='line_1_38' title="bbox 366 4091 1423 4160; baseline -0.004 -13"><span class='ocrx_word' id='word_1_280' title='bbox 366 4095 387 4160; x_wconf 83' lang='lat'><strong>⁴)</strong></span> <span class='ocrx_word' id='word_1_281' title='bbox 407 4095 447 4148; x_wconf 92' lang='lat' dir='ltr'><strong>De</strong></span> <span class='ocrx_word' id='word_1_282' title='bbox 465 4095 499 4147; x_wconf 88' lang='lat' dir='ltr'><strong>iis</strong></span> <span class='ocrx_word' id='word_1_283' title='bbox 512 4093 557 4159; x_wconf 88' lang='lat' dir='ltr'><strong>qai</strong></span> <span class='ocrx_word' id='word_1_284' title='bbox 571 4092 620 4145; x_wconf 90' lang='lat' dir='ltr'><strong>hcc</strong></span> <span class='ocrx_word' id='word_1_285' title='bbox 630 4097 750 4159; x_wconf 89' lang='lat' dir='ltr'><strong>tempore</strong></span> <span class='ocrx_word' id='word_1_286' title='bbox 760 4099 854 4146; x_wconf 86' lang='lat' dir='ltr'><strong>contra</strong></span> <span class='ocrx_word' id='word_1_287' title='bbox 865 4091 1009 4147; x_wconf 85' lang='lat' dir='ltr'><strong>Pontifices</strong></span> <span class='ocrx_word' id='word_1_288' title='bbox 1023 4093 1186 4160; x_wconf 86' lang='lat' dir='ltr'><strong>scripserunt</strong></span> <span class='ocrx_word' id='word_1_289' title='bbox 1200 4091 1250 4146; x_wconf 84' lang='lat' dir='ltr'><strong>cfr.</strong></span> <span class='ocrx_word' id='word_1_290' title='bbox 1264 4095 1296 4148; x_wconf 87' lang='lat' dir='ltr'><strong>S.</strong></span> <span class='ocrx_word' id='word_1_291' title='bbox 1311 4099 1423 4154; x_wconf 56' lang='lat' dir='ltr'><strong>Rimas,</strong></span> 
     </span>
     <span class='ocr_line' id='line_1_39' title="bbox 294 4171 1418 4240; baseline 0.001 -13"><span class='ocrx_word' id='word_1_292' title='bbox 294 4174 344 4228; x_wconf 91' lang='lat' dir='ltr'><strong>Die</strong></span> <span class='ocrx_word' id='word_1_293' title='bbox 364 4172 550 4228; x_wconf 87' lang='lat' dir='ltr'><strong>literarischen</strong></span> <span class='ocrx_word' id='word_1_294' title='bbox 571 4171 759 4225; x_wconf 67' lang='lat' dir='ltr'><strong>ti&#39;idersacher</strong></span> <span class='ocrx_word' id='word_1_295' title='bbox 778 4173 826 4224; x_wconf 88' lang='lat' dir='ltr'><strong>der</strong></span> <span class='ocrx_word' id='word_1_296' title='bbox 846 4172 945 4239; x_wconf 75' lang='lat' dir='ltr'><strong>Ptpste</strong></span> <span class='ocrx_word' id='word_1_297' title='bbox 964 4188 1012 4226; x_wconf 84' lang='lat' dir='ltr'><strong>zur</strong></span> <span class='ocrx_word' id='word_1_298' title='bbox 1031 4173 1091 4226; x_wconf 90' lang='lat' dir='ltr'><strong>Zeit</strong></span> <span class='ocrx_word' id='word_1_299' title='bbox 1110 4171 1228 4240; x_wconf 78' lang='lat' dir='ltr'><strong>Ludwig</strong></span> <span class='ocrx_word' id='word_1_300' title='bbox 1247 4173 1305 4230; x_wconf 56' lang='lat' dir='ltr'><strong>dm</strong></span> <span class='ocrx_word' id='word_1_301' title='bbox 1326 4179 1418 4234; x_wconf 64' lang='lat' dir='ltr'><strong>Butes</strong></span> 
     </span>
     <span class='ocr_line' id='line_1_40' title="bbox 294 4253 508 4322; baseline 0 -16"><span class='ocrx_word' id='word_1_302' title='bbox 294 4253 410 4322; x_wconf 84' lang='lat' dir='ltr'><strong>Leipzig</strong></span> <span class='ocrx_word' id='word_1_303' title='bbox 432 4253 508 4307; x_wconf 64' lang='lat'>1814.</span> 
     </span>
    </p>
   </div>
   <div class='ocr_carea' id='block_1_8' title="bbox 0 0 1430 4834">
    <p class='ocr_par' dir='ltr' id='par_1_12' title="bbox 0 0 1430 4834">
     <span class='ocr_line' id='line_1_41' title="bbox 0 0 1430 4834; baseline 0 0"><span class='ocrx_word' id='word_1_304' title='bbox 0 0 1430 4834; x_wconf 95' lang='lat' dir='ltr'><strong> </strong></span> 
     </span>
    </p>
   </div>
  </div>
 </body>
</html>
