2850 4834
289 427 343 482 202
488 425 603 480 XXXII.
623 426 664 479 De
682 424 858 480 Pontificibus
877 423 1018 478 Avenione
1037 423 1218 481 commoraris.

289 569 526 656 Apostolicam.
583 568 762 654 Quumque
797 567 887 653 apud
927 589 982 631 eos
1017 569 1074 654 qui
1108 567 1271 632 Ludovioi
1298 578 1400 652 partes

288 667 468 732 tuebantur
480 678 513 731 et
525 669 750 752 sequebantur
765 667 932 752 principia
947 675 981 728 et
996 664 1167 728 doctrinae
1185 663 1402 750 praevalerent

288 765 381 846 falsa,
414 764 492 829 inde
525 765 670 828 maxime
703 763 929 828 reconciliatio
962 784 1038 826 cum
1070 763 1224 828 Ecclesia
1252 763 1400 848 impedita

287 864 360 928 fuit.
408 862 565 926 Vidimus
598 863 744 949 quidem,
780 862 852 948 jam
883 864 1017 946 passim,
1058 863 1106 924 uti
1140 861 1202 926 sub
1235 860 1401 927 Ottonibus

288 971 321 1027 et
344 960 551 1046 temporibus
576 960 779 1025 Fridericil
812 982 852 1023 ac
876 959 1039 1023 Friderici
1064 959 1108 1038 11,
1142 958 1226 1023 falsa
1249 960 1403 1044 principia

226 1045 227 1056 ἵ
288 1059 330 1124 de
345 1058 482 1144 Imperii
507 1057 619 1123 indole
642 1079 756 1144 sparsa
771 1057 883 1138 fuisse,
909 1057 967 1122 sed
987 1059 1104 1121 minori
1120 1077 1284 1138 successu,
1307 1077 1402 1141 quum

286 1157 427 1221 Romani
453 1155 632 1220 Pontifices
664 1177 729 1221 uon
755 1163 991 1219 cunctarentur
1016 1174 1129 1218 veram
1158 1156 1323 1219 notionem
1347 1152 1403 1216 Im·

287 1257 370 1340 perii
410 1255 547 1341 ejusque
586 1255 628 1318 ad
658 1253 779 1319 Sedem
803 1251 1031 1339 Apostolicam
1069 1251 1222 1316 habitum
1258 1273 1403 1328 asserere,

288 1374 457 1438 quumque
493 1354 672 1438 praecipue
709 1352 924 1415 Innocentius
955 1350 1006 1414 III
1044 1351 1146 1414 variis
1182 1348 1404 1414 Decretalibus

287 1451 393 1516 solida
417 1452 583 1536 principia
607 1451 693 1515 clare
718 1451 952 1535 proposuisset.
991 1451 1148 1514 Attamen
1172 1457 1281 1512 aetate
1304 1447 1404 1512 Ludo·

287 1551 355 1614 vici
371 1549 495 1613 Bavari
520 1548 666 1614 theoriae
690 1547 792 1611 falsae
817 1549 923 1631 magis
947 1557 1148 1632 propagatae
1171 1546 1275 1624 fuere,
1299 1547 1403 1608 variis

288 1668 352 1734 que
382 1645 538 1732 operibus
569 1667 609 1709 ac
639 1647 771 1730 scriptis
804 1646 974 1731 expositae
1002 1667 1043 1708 ac
1066 1643 1269 1709 vindicatae.
1316 1643 1404 1709 Unde

288 1747 329 1810 de
354 1743 517 1830 ejusmodi
541 1743 678 1807 theoriis
697 1743 834 1828 juvabit
857 1741 1028 1830 aliquanto
1052 1743 1158 1808 fusius
1182 1763 1291 1826 agere.

376 1843 430 1906 52.
465 1843 574 1926 Atque
598 1842 762 1926 imprimis
787 1843 988 1904 mentionem
1013 1840 1177 1904 faciamus
1201 1840 1350 1905 theoriae
1372 1840 1405 1903 de

164 1983 230 2014 NJ,
288 1942 443 2026 Imperio,
478 1961 577 2024 quum
613 1939 741 2002 Dantes
773 1938 966 2024 Alighierus
999 1941 1032 2002 in
1069 1961 1126 2002 suo
1161 1939 1200 2002 de
1225 1939 1404 2002 Morsarclrio

288 2061 387 2123 opere
420 2037 562 2118 evolvit;
593 2035 676 2100 haec
700 2039 788 2101 enim
814 2040 847 2101 in
873 2037 969 2101 Italia
994 2037 1082 2122 apud
1105 2035 1294 2102 Gibellinos
1319 2035 1405 2100 valde

286 2147 422 2222 accepta
456 2136 534 2215 fuit,
575 2135 760 2220 multosque
791 2138 890 2199 etiam
924 2137 957 2199 in
989 2134 1063 2199 aliis
1093 2136 1204 2220 regnis
1235 2145 1337 2200 nacta
1367 2149 1406 2196 est

286 2233 437 2298 asseclas.
475 2234 669 2317 Aegerrime
686 2233 814 2296 ferebat
828 2233 956 2296 Dentes
974 2235 1131 2296 miserum
1147 2241 1272 2298 statum
1289 2231 1404 2296 Italiae.

287 2353 371 2417 quae
396 2329 598 2395 factionibus
623 2333 726 2395 variis
759 2329 988 2414 multipliciter
1012 2329 1191 2395 dilacerata
1217 2339 1301 2408 erat,
1334 2351 1404 2392 sum·

287 2452 444 2515 mumque
477 2431 614 2493 unitatis
638 2429 822 2493 remedium
856 2429 919 2513 ipsi
951 2429 1024 2492 visa
1052 2439 1101 2491 est
1125 2425 1325 2491 Monarchia
1348 2429 1404 2489 uni·

288 2527 425 2591 versalis
449 2528 596 2612 lmperii.
644 2527 694 2590 Ea
719 2527 760 2591 de
784 2548 819 2590 re
843 2547 940 2590 suum
965 2534 1143 2589 tractatum
1168 2524 1207 2588 de
1224 2526 1404 2588 Monarcha

287 2627 482 2711 composuit,
508 2647 606 2710 quem
631 2624 751 2689 obtulit
775 2625 921 2689 Haurieo
940 2624 1004 2688 VII
1029 2623 1236 2708 Imperatori,
1263 2645 1365 2709 quum
1386 2623 1405 2684 is

286 2749 315 2790 a.
344 2725 428 2788 1312
454 2726 487 2786 in
512 2722 642 2787 Italiam
669 2724 807 2788 veniret.
840 2722 905 2788 Sed
931 2724 1095 2807 principia
1120 2743 1180 2785 sua
1205 2720 1248 2784 de
1273 2720 1404 2804 Imperio

286 2843 352 2886 non
377 2821 560 2886 secundum
586 2821 779 2885 historicam
811 2821 1081 2885 constitutionem
1112 2820 1251 2904 Imperii
1278 2819 1404 2882 Romani

286 2943 306 2984 a
330 2921 444 2984 Leone
460 2919 512 2983 III
536 2921 686 2983 suscitati
712 2919 945 2996 conformavit,
971 2929 1004 2982 at
1020 2918 1118 2982 modo
1134 2916 1283 3003 quodam
1309 2915 1405 2980 ideali.

286 3040 328 3082 ne
364 3017 472 3082 dicam
505 3019 713 3102 imaginario,
749 3038 813 3102 quc
848 3039 928 3080 vera
959 3027 991 3080 et
1021 3015 1104 3079 falsa
1138 3017 1325 3098 incongrue
1348 3017 1405 3098 ipss

287 3116 459 3181 miscebat.
511 3115 633 3179 Tribus
664 3116 766 3198 igitur
796 3135 875 3178 suae
908 3105 1115 3178 illooarchioe
1145 3112 1241 3177 libris
1275 3115 1403 3199 primum

287 3217 357 3298 agit
380 3213 421 3277 de
446 3215 641 3279 necessitate
667 3211 880 3276 monarchiae
905 3213 1107 3292 universim3
1141 3210 1218 3274 dein
1244 3210 1403 3276 ostenden

288 3321 436 3392 conatur,
448 3311 595 3394 {Romam
610 3312 772 3375 divinitus
787 3310 988 3375 destinatam
1004 3332 1085 3388 esse,
1111 3320 1147 3372 ut
1162 3311 1204 3372 sit
1219 3306 1406 3374 universali-

288 3409 504 3474 monarchiae
533 3423 683 3473 centrum
709 3431 748 3472 ac
774 3407 885 3481 sedes;
923 3407 1057 3472 demum
1084 3429 1172 3486 vero,
1210 3406 1403 3493 imperialem

289 3517 484 3592 potestatem
510 3506 733 3571 universalem
760 3507 951 3571 immediate
975 3529 995 3569 a
1018 3506 1092 3570 Deo
1124 3527 1194 3569 esse
1218 3517 1323 3591 atque
1346 3525 1404 3566 ron·

287 3605 375 3670 ferri.
414 3604 597 3688 Imperator
621 3626 726 3689 porro,
752 3627 809 3668 seu
827 3603 1010 3668 Monarcha
1026 3603 1206 3682 Romanus,
1232 3603 1402 3666 secundun

288 3713 458 3767 auctorem
493 3702 630 3788 dejure
654 3701 838 3767 Monarcha
873 3700 990 3765 mundi
1016 3713 1075 3782 est,
1110 3701 1265 3786 adeoque
1290 3703 1404 3765 univor-

288 3799 357 3864 sale
381 3799 483 3864 habet
506 3800 699 3884 Imperium.
747 3800 937 3864 Identicum
969 3821 1046 3864 vero
1078 3801 1143 3884 ipsi
1167 3808 1217 3862 est
1241 3801 1403 3884 antiquum

287 3899 470 3985 Imperium
486 3899 674 3963 Romanum
686 3899 830 3982 Augusti
856 3909 889 3960 et
904 3897 1041 3983 Trajani
1066 3919 1141 3960 cum
1166 3919 1258 3960 novo
1276 3895 1403 3981 Imperio

288 3995 479 4062 christiano.
527 3997 678 4061 Romana
702 3996 781 4060 urbs
806 4005 916 4060 autem
942 4004 991 4058 est
1015 3994 1154 4059 feudum
1178 3994 1402 4080 imperiales

286 4093 454 4173 Pontifex,
480 4096 536 4180 qui
555 4115 596 4156 ex
614 4096 793 4159 donatione
810 4091 1022 4158 Constantini
1039 4095 1267 4178 principatum
1286 4090 1401 4157 cirilen

288 4191 398 4273 habet,
424 4201 472 4256 est
489 4192 634 4256 vasallus
651 4192 874 4277 Imperatoris,
900 4201 933 4254 et
955 4194 1138 4256 universim
1163 4190 1244 4254 huie
1271 4195 1303 4256 in
1321 4189 1403 4252 rebus
