2828 4842
372 438 412 492 De
430 437 536 492 haeresi
554 437 751 506 albigensium.
1075 436 1128 496 ³25

34 598 55 644 a
79 583 249 646 simoniace
281 605 320 646 ea
351 581 577 648 conferebant.
631 581 722 646 Talis
754 581 817 646 suit
848 581 1069 667 berengerius
1093 581 1127 646 II

32 679 272 766 achiepiscopus
296 678 556 762 Narbonuensis,
588 701 686 766 quem
714 679 839 765 pluries
872 682 1001 746 monuit
1030 680 1127 746 Iuno·

32 781 136 842 centius
160 779 208 844 111
239 802 278 843 ac
302 790 466 865 postremo
492 779 683 865 deposuit¹)
728 777 967 864 Episcopatum
991 773 1127 843 Albian-

29 899 81 940 sem
103 876 277 963 aliquando
301 879 440 942 Pontius
464 899 574 943 comes
598 877 723 962 legavit
737 879 833 941 uxori
851 898 940 954 suae,
965 887 1128 962 quatenus

30 973 164 1038 videlicet
186 975 225 1040 de
248 997 286 1039 eo
311 975 485 1061 disponere
509 987 627 1062 posset.
663 975 758 1040 ldem
782 977 991 1061 episcopatus
1016 976 1127 1058 etism,

28 1075 141 1138 vivente
165 1073 293 1138 cimelio
317 1076 484 1160 episcope,
511 1097 569 1159 per
592 1083 690 1160 pacta
714 1075 896 1138 simoniaca
920 1096 940 1137 s
955 1071 1126 1137 Bernardo

29 1173 200 1236 vicecomite
222 1183 255 1234 et
279 1172 428 1236 Fraterio
461 1173 617 1258 episcopo
651 1171 845 1237 conceditur
876 1170 1046 1236 Bernsrdo
1072 1171 1127 1234 Ai-

27 1269 120 1332 usrdo
143 1281 177 1333 et
198 1268 363 1334 Gulielmo
390 1269 457 1335 filio
482 1272 563 1356 ejus,
590 1273 637 1335 its
660 1281 697 1335 ut
720 1269 908 1335 Gulielmus
931 1270 1062 1334 futurus
1086 1270 1129 1332 sit

26 1367 126 1431 lmelii
150 1369 359 1450 successor.²)

99 1513 145 1574 13.
171 1510 243 1575 Non
267 1513 365 1596 pauci
391 1511 517 1575 nobiles
539 1532 719 1597 eorumque
736 1533 855 1576 uxores
880 1521 912 1574 et
934 1509 1022 1574 filiae
1045 1533 1122 1596 pau·
1160 1523 1270 1594 Pteme*

24 1605 96 1672 istim
126 1609 287 1673 baeresim
319 1609 372 1674 vel
402 1620 515 1696 aperte
548 1610 602 1674 vel
631 1610 759 1674 occulte
791 1609 936 1695 amplexi
969 1618 1059 1692 sunt,
1092 1619 1125 1672 et
1156 1586 1279 1688 hffifffl'

26 1707 157 1772 suchans
185 1707 424 1793 amplissimam
456 1711 693 1795 protectionem
728 1709 900 1773 dederunt.
955 1708 1123 1792 Rsymun-

24 1801 71 1867 dus
92 1805 136 1870 VI
162 1828 271 1870 comes
294 1805 488 1885 Tolosanus,
522 1809 578 1892 qui
603 1831 632 1873 o.
660 1807 745 1872 1195
776 1807 975 1890 Raymundo
999 1807 1029 1868 V
1054 1827 1124 1870 suc·

23 1905 110 1982 cessit,
141 1903 227 1968 bona
257 1903 473 1969 ecclesiarum
498 1903 689 1984 invadebat,
721 1904 855 1970 auxiliis
886 1902 1124 1969 Coterellorum

22 2001 160 2066 ferocium
179 2001 341 2082 utebatur,
367 2013 400 2067 ct
423 2004 464 2066 de
489 2003 615 2067 haeresi
634 2003 731 2068 valde
748 2013 919 2088 suspectus
936 2003 1007 2067 fuit.
1037 2002 1123 2066 Hee-

22 2101 121 2163 rcticos
156 2103 279 2186 pariter
310 2101 528 2186 protegebant
560 2101 679 2166 Comes
712 2103 878 2166 Fuxensis
902 2101 1027 2188 (Foix),
1061 2102 1122 2164 Ro·

21 2201 112 2278 gerius
129 2199 325 2263 Vicecomcs
350 2200 558 2282 Biterrensis,
585 2203 637 2265 cui
662 2200 812 2286 subjecta
828 2211 898 2264 erat
912 2202 1031 2264 civitas
1047 2199 1125 2263 Albi

21 2310 45 2356 et
58 2295 264 2377 Cannensem,
290 2299 428 2384 ejusque
445 2299 532 2363 filius
549 2309 580 2363 et
596 2320 767 2364 successor
780 2297 1000 2383 Roymundus
1016 2319 1126 2362 comes

22 2391 247 2476 Convenarum,
272 2406 305 2459 et
322 2394 424 2460 Gssto
451 2396 491 2460 de
508 2397 648 2463 bearno.
690 2398 818 2461 Vicinos
835 2396 998 2480 (Tolosae)
1023 2395 1125 2472 arbes,

21 2493 117 2556 scribit
134 2493 251 2558 Petrus
276 2495 316 2558 de
341 2492 494 2580 CernajO,
519 2507 549 2559 et
572 2496 704 2582 oppida,
729 2496 885 2559 radicatis
909 2498 943 2558 in
967 2519 998 2558 se
1022 2496 1126 2558 baere-

23 2591 143 2671 riorcbis,
165 2615 227 2677 per
240 2593 378 2679 &melem
400 2593 603 2676 infidelitatis
628 2593 770 2657 sarculos
788 2593 988 2679 pullulantes
1011 2594 1126 2676 inficie-

23 2685 116 2751 bantur
139 2687 332 2752 mirabiliter
354 2701 384 2752 et
407 2691 630 2755 miserabiliter
641 2703 731 2778 peste
747 2693 821 2755 ista.
861 2692 1004 2755 Berones
1023 2702 1125 2754 terrae

19 2785 209 2866 neamalis
224 2786 299 2872 fers
326 2811 430 2853 omnes
446 2791 670 2854 haereseorum
694 2790 877 2875 defensores
900 2799 930 2852 et
952 2799 1127 2874 receptores

23 2883 110 2964 cisat,
133 2887 222 2970 ipsos
235 2884 387 2950 amabant
411 2888 577 2951 ardentius
600 2898 630 2950 et
652 2899 763 2952 contra
778 2889 881 2951 Deam
904 2898 934 2950 et
953 2886 1127 2950 Ecclesiam

22 2979 254 3064 «ttcaaamsti
300 2983 370 3070 Ipsi
392 3007 509 3070 qnoque
533 2985 658 3063 milites,
682 2988 730 3049 ait
744 2984 932 3049 Gulielmus
956 2984 997 3048 de
1021 2983 1126 3048 Pedio

24 3075 182 3160 hursutii,
208 3080 455 3146 dominationem
477 3094 715 3161 contemnentes,
733 3095 833 3170 prout
852 3083 979 3161 libebat,
1003 3085 1126 3146 nemisse

19 3179 178 3258 probibente
201 3181 251 3242 liis
274 3191 330 3244 aut
353 3181 421 3244 illis
443 3181 610 3245 haereticis
626 3182 850 3259 odissi-ebant,
875 3193 905 3244 st
919 3182 1070 3245 baeretici
1091 3184 1127 3244 in

24 3284 93 3337 touta
121 3279 300 3340 reuerentia
329 3277 534 3358 labebantur,
568 3279 652 3365 quod
681 3279 838 3344 babebont
869 3280 1062 3359 coemeteria,
1090 3280 1126 3342 in

23 3372 112 3452 puibm
144 3397 222 3460 qnos
253 3375 525 3440 hamaticaeerant
551 3375 678 3462 publice
711 3375 927 3455 tumulabant,·
964 3401 984 3440 a
1014 3376 1126 3461 quibas

23 3465 96 3532 baos
117 3474 255 3559 intepros
278 3483 307 3536 et
329 3484 428 3537 restes
450 3474 664 3560 recipiebant3
697 3475 810 3560 quibas
836 3485 866 3538 et
889 3473 1010 3558 larpins
1033 3498 1126 3558 pisam

21 3572 142 3648 personis
165 3570 387 3636 ecclesiasticis
411 3570 620 3658 lepabantnm
651 3575 717 3659 ipsi
740 3573 905 3658 (perfecti)
929 3595 985 3635 noc
1008 3573 1052 3636 od
1075 3597 1123 3636 es·-

24 3664 110 3730 celsius
137 3691 193 3732 nee
218 3669 262 3732 ad
286 3669 397 3734 tallias
429 3670 627 3754 sepeliantur.
684 3669 813 3756 Siquis
843 3671 939 3734 etiam
968 3672 1055 3733 bomo
1087 3671 1125 3732 ds

65 3849 212 3860 -----.-.

28 3961 98 4092 Μ’)
114 3961 152 4018 Os.
172 3962 286 4020 Hurter.
312 3961 401 4018 Innoc.
428 3963 476 4016 ΙΙΙ.
507 3963 539 4018 V.
566 3963 599 4017 Il.
633 3963 666 4020 L.
690 3963 763 4017 XIV.
795 3977 820 4030 p.
845 3961 906 4016 267.
938 3961 1029 4014 lnuoa
1058 3960 1127 4028 Epp.

81 4047 203 4192 bellidis
224 4132 318 4189 christ.
336 4131 410 4187 Tom.
429 4133 452 4186 1.
471 4132 600 4188 lustrum.
619 4149 645 4201 p.
664 4135 691 4189 4.

81 4217 180 4278 illia.
201 4239 225 4274 c.
245 4223 270 4277 l.
