2964 4838
540 446 633 502 Sixtus
652 447 701 502 1v.
1129 446 1182 500 431

51 591 306 656 matrimonium
364 588 539 654 collocavit
598 590 765 656 Ι16666616
814 587 1029 654 Urbinatium
1088 589 1184 654 ducis
1194 589 1357 692 ⁸¹¹‡{„¹,Y„¹,³⁶'

50 686 171 752 filiam.
202 725 244 734 —
277 685 521 770 Hieronymum
553 690 653 752 etiam
677 688 845 768 Hilarium,
883 687 970 751 Petri
996 684 1184 752 Cardinalis
1216 664 1229 702 ρ
1331 681 1336 692 ’

49 786 204 864 fratrem,
229 785 342 855 multis
366 784 548 851 honoribus
573 785 687 852 Sixtus
710 784 944 870 locupletavit,
968 805 1104 848 uxorem
1129 783 1185 848 hic

50 883 156 946 duxit
181 882 397 948 Cutharinam
422 882 568 950 Galeatii
594 884 688 948 ducis
712 882 970 948 Mediolanensis
1001 905 1042 946 ex
1067 903 1184 947 conou-

49 979 137 1046 bina
161 980 283 1062 filiam3
308 978 480 1046 Galeatius
504 982 534 1044 ei
558 983 594 1046 in
617 981 728 1046 dotem
752 980 845 1046 dedit
868 980 1026 1046 ducatum
1050 979 1183 1046 Imolae.

47 1077 111 1142 Sic
137 1080 238 1142 etiam
264 1080 323 1142 iste
347 1077 487 1144 ducatus
511 1090 547 1142 ut
570 1078 707 1144 feudum
730 1081 763 1142 in
782 1087 976 1164 potestatem
994 1080 1086 1142 venit
1101 1077 1185 1140 Pon·

48 1177 165 1240 tificis.
213 1176 382 1262 Adjunxit
405 1188 516 1243 autem
541 1176 656 1242 Sixtus
687 1177 833 1242 dominio
857 1175 982 1240 Imolae
1006 1178 1106 1240 etiam
1131 1173 1183 1238 do·

48 1275 200 1338 minium
216 1273 368 1340 Forilivii
394 1274 513 1361 (Forli)
538 1286 570 1339 et
587 1276 614 1340 F
617 1274 836 1361 orlimpopoli,
861 1284 894 1339 61
916 1275 951 1338 in
975 1275 1027 1340 his
1050 1297 1080 1338 a.
1100 1271 1186 1337 1480

48 1373 303 1456 Hieronymum
338 1375 510 1438 constituit
532 1375 695 1438 vicarium
722 1395 829 1438 suum.
875 1372 1032 1436 Restituit
1054 1391 1186 1456 quoque

47 1491 90 1534 eo
120 1480 269 1554 tempore
293 1469 487 1536 Ludovicus
511 1471 572 1551 XI,
598 1487 752 1536 monente
776 1493 800 1536 s.
826 1471 1004 1536 Francisco
1028 1493 1048 1534 a
1071 1469 1185 1548 Paula,

47 1569 228 1632 Romanae
253 1566 423 1632 Ecclesiae
449 1568 608 1632 Diensem
638 1579 671 1632 et
695 1566 967 1634 Valentinensem
1000 1569 1186 1648 comitatus,

45 1677 159 1749 atque
190 1664 222 1730 in
251 1664 493 1750 Hieronymum
527 1665 690 1730 Comitem
715 1666 865 1730 Riarium
899 1675 1052 1751 nepotem
1076 1664 1187 1730 Ponti-

45 1764 174 1826 ficium
208 1763 489 1828 transfundendos
523 1763 690 1846 decrevit,
725 1785 792 1849 qua
827 1763 868 1827 de
900 1787 935 1827 16
968 1774 1062 1827 actae
1095 1761 1141 1827 illi
1166 1784 1188 1824 6

45 1861 154 1926 Sixto
178 1861 316 1944 gratiae.
638 1921 642 1929 ,

150 1958 203 2022 30.
240 1957 479 2042 Hieronymum
505 1958 645 2022 Bassum
680 1980 722 2020 ex
746 1980 855 2022 sorore
879 1959 1009 2024 Lucina
1032 1967 1186 2042 nepotem

44 2057 175 2120 Sixtus
199 2055 247 2118 IV
271 2079 301 2122 a.
331 2055 414 2120 1472
445 2057 636 2142 episcopum
662 2054 851 2140 Albengoe,
888 2067 920 2120 et
943 2078 973 2122 a.
1000 2056 1083 2120 1477
1109 2055 1186 2120 Car·

44 2153 206 2220 dinalem
231 2155 367 2234 creavit,
392 2155 544 2238 egregiae
568 2155 700 2218 virtutis
722 2156 849 2228 virum;
875 2155 945 2238 ejus
959 2165 1069 2217 autem
1093 2152 1186 2215 fratri

43 2251 206 2316 Antonio
230 2251 333 2316 Basso
357 2251 513 2317 Pontifex
538 2275 567 2316 a.
595 2253 681 2316 1479
706 2251 929 2316 nobilissimas
953 2251 1087 2336 nuptias
1114 2271 1186 2336 pro·

43 2353 193 2417 curavit
216 2347 417 2416 Catharinae
439 2351 608 2432 11616666,
640 2371 726 2435 quae
750 2359 821 2412 6161
850 2351 959 2434 neptis
980 2347 1186 2412 Perdinandi

42 2451 157 2534 regis.
204 2448 270 2514 Sed
294 2449 461 2514 Antonius
490 2449 562 2534 jam
586 2470 614 2514 a.
643 2447 984 2512 14806611666661
1018 2483 1061 2492 -
1092 2444 1187 2510 Alios

43 2569 137 2612 vero
173 2557 309 2631 nepotes
341 2557 373 2610 61
404 2555 600 2632 pronepotes
630 2543 814 2610 minoribus
845 2544 1080 2629 dignitatibus,
1115 2544 1188 2607 sive

42 2643 293 2710 ecclesiasticis
317 2645 388 2708 sive
405 2642 570 2723 civilibus,
595 2643 750 2708 Pontifex
766 2644 870 2709 auxit.
909 2643 1090 2706 Ascanium
1109 2661 1187 2726 quo-

42 2767 122 2831 que
147 2741 254 2808 lilium
272 2743 366 2808 ducis
382 2740 526 2806 Galeatii
543 2739 801 2806 Mediolanensis
821 2741 947 2806 creavit
963 2737 1188 2820 Cardinalem,

42 2864 165 2928 eaque
197 2840 358 2926 dignitate
389 2842 513 2926 pariter
544 2840 720 2926 insignivit
747 2838 951 2924 Raphae'lem
976 2836 1187 2916 Sansonium,

43 2942 113 3028 qui
140 2938 246 3003 Riarii
271 2961 391 3004 nomen
416 2937 500 3020 tulit,
533 2959 696 3004 annorum
721 2937 977 3022 septemdecim
1009 2934 1186 3000 61161166-

43 3059 134 3104 nem
169 3035 334 3102 Jacobnm
367 3035 593 3102 Sclafonatum
618 3033 919 3116 Mediolanensem,
950 3035 1092 3100 Parmae
1120 3034 1188 3118 epi·
1225 3079 1229 3089 .

42 3157 215 3222 scopum,
252 3155 351 3220 quem
375 3135 510 3198 servitio
544 3131 612 3198 solo
643 3132 705 3196 sibi
731 3143 903 3217 acceptum
935 3143 968 3196 61
990 3141 1120 3216 gratum
1145 3153 1188 3194 ex

41 3231 178 3299 humili
202 3230 273 3296 loco
299 3231 460 3296 inultum
485 3233 607 3296 evexit.
655 3229 778 3294 Adbuc
806 3240 1019 3295 recensentur
1043 3227 1187 3296 Christo-

40 3333 185 3421 phorus
217 3339 249 3394 et
279 3331 477 3396 Dominicus
507 3328 593 3394 della
625 3328 772 3406 Rovere,
809 3328 926 3394 fratres
954 3328 1188 3410 Tarvincnses,

41 3452 141 3519 quos
167 3430 294 3494 creavit
315 3425 528 3508 Cardinales3
552 3426 609 3490 sed
634 3425 791 3490 videntur
815 3435 942 3490 tantum
966 3446 1086 3490 nomen
1102 3445 1184 3488 com·

40 3549 161 3595 mune
194 3548 271 3593 cum
302 3524 429 3590 familia
469 3523 639 3590 Pontificis
679 3523 851 3606 habuisse,
895 3544 961 3587 non
991 3543 1085 3602 vero,
1121 3522 1186 3586 nisi

41 3629 143 3693 16116
168 3623 389 3688 remotissima
404 3623 516 3709 aliqua
537 3621 716 3707 parentela,
742 3623 770 3686 ei
789 3622 921 3708 cognati
938 3621 1049 3686 fuisse.
1090 3619 1189 3684 Unde

43 3728 198 3791 fortasse
213 3743 256 3788 ex
270 3743 328 3786 suo
346 3722 463 3788 merito
480 3721 591 3807 potius
607 3719 697 3785 illam
715 3719 911 3804 dignitatem
926 3718 1187 3804 6166116661.-

40 3827 94 3890 In
123 3820 309 3886 elevatione
333 3821 435 3904 igitur
457 3817 604 3884 familiae
628 3839 706 3882 suae
730 3815 863 3882 Sixtum
884 3816 932 3880 IV
956 3815 1064 3880 modos
1087 3837 1186 3878 61666-

40 3924 147 3998 61666,
173 3940 239 3983 666
264 3929 313 3982 661
337 3940 396 3982 cur
419 3939 587 4002 negemus.
627 3914 692 3981 Sed
718 3916 790 4001 jam
817 3915 999 3980 universim
1024 3912 1066 3978 de
1089 3935 1186 3998 nepo·

39 4023 156 4086 tiemo
182 4015 345 4102 quaedam
370 4014 686 4078 animadvertamus.

149 4115 203 4181 31.
236 4113 450 4199 Nepotismus
480 4122 591 4178 nostra
614 4120 721 4176 aetate
753 4120 785 4176 et
805 4110 875 4195 jam
899 4131 942 4174 ex
966 4107 1096 4174 duobus
1118 4108 1188 4172 1616

40 4210 201 4282 saeculis
225 4233 283 4298 per
300 4211 560 4277 Constitutiones
584 4211 730 4294 ipsorum
748 4208 971 4273 Romanorum
986 4206 1187 4270 Pontificum
