2964 4838
310 457 365 509 410
495 457 622 511 xxxvl.
643 457 681 513 De
700 463 776 512 statu
796 459 934 516 Ecclesiae
952 467 1085 529 vergente
1105 461 1177 516 Sacc.
1198 462 1256 516 XV.

312 599 530 666 humanitatis
547 609 580 666 et
593 600 813 687 eloquentiae,
839 618 1112 691 caeterarumque
1135 604 1296 672 bonarum
1311 608 1419 672 ndum
1462 669 1463 672 ,

312 699 435 779 studia,
461 721 561 786 quam
585 721 644 764 suo
669 709 817 785 tempore
834 700 1036 768 floruerint!
1056 739 1098 752 —-
1114 701 1313 769 Floruernnt
1334 706 1422 788 igitur

312 797 374 862 isto
398 806 545 882 tempore
565 797 637 882 jam
654 800 802 864 maxime
818 799 929 865 studia
946 798 1161 884 humaniorem
1185 802 1340 868 Nicolaus
1353 823 1421 866 vero
1462 863 1463 872 ,

312 895 435 977 insigni
460 895 558 960 modo
583 917 622 960 ea
645 898 792 981 protexit
814 907 915 983 atque
938 898 985 962 ita
999 897 1116 966 eadem
1134 899 1278 984 dirigere
1301 898 1421 969 studuit
1462 909 1463 960 t

313 1001 349 1054 ut
372 1013 438 1056 non
464 993 713 1076 degenerarent,
738 995 797 1058 sed
813 997 919 1081 pietas
935 997 983 1060 eis
999 997 1119 1082 juncta
1134 1008 1222 1062 esset
1245 1018 1422 1082 morumque

312 1092 542 1175 temperentia.
589 1090 741 1156 Pericula
765 1095 853 1157 enim
879 1103 974 1160 erant
996 1117 1062 1160 non
1087 1098 1221 1180 exigua,
1253 1117 1295 1160 ne
1325 1093 1423 1160 buma-

311 1187 419 1252 nistae
442 1189 668 1274 antiquiorum
685 1190 902 1274 opinionibus
918 1201 952 1256 et
967 1203 1144 1258 venustate
1155 1213 1296 1278 opernm
1308 1192 1423 1258 illorum

312 1284 453 1371 abrepti,
477 1287 651 1372 opiniones
674 1285 826 1350 foverent
841 1297 874 1352 et
889 1309 998 1354 mores
1013 1311 1034 1354 a
1050 1292 1172 1375 pietate
1188 1289 1289 1356 valde
1304 1290 1423 1356 alienos.

312 1383 353 1447 Id
377 1395 492 1468 postea
513 1405 632 1448 resera
657 1386 780 1452 evenit.

138 1523 303 1564 Poro-rilem·
402 1509 434 1574 5.
466 1508 641 1574 Nicolaum
666 1509 711 1590 V,
737 1531 835 1596 quem
860 1511 984 1595 pietate
1008 1511 1173 1597 insignem
1197 1511 1302 1577 fuisse
1327 1513 1423 1576 coaevi

174 1585 270 1635 ΜΝ·
313 1627 428 1672 omnes
451 1605 616 1689 referunt,
645 1607 829 1693 Potterus¹)
853 1617 886 1671 et
910 1606 1110 1688 Sismondill
1134 1609 1322 1692 lacessunt,
1353 1608 1425 1696 quod

312 1707 489 1769 severitate
520 1704 705 1768 inhumana
736 1706 1011 1771 animadverterit
1034 1708 1068 1770 in
1093 1705 1304 1792 Stephanum
1328 1707 1424 1771 Porce-

312 1803 398 1866 rium
432 1801 577 1867 nobilem
611 1801 789 1888 quemdam
824 1803 1010 1869 Romanurn
1045 1815 1078 1868 et
1110 1807 1215 1869 socios
1250 1806 1325 1892 ejus
1356 1825 1424 1870 nova

314 1899 502 1982 molientes,
528 1900 778 1986 quodquesine
803 1904 940 1986 praevia
964 1904 1179 1988 inquisitione
1204 1913 1312 1968 morte
1336 1903 1423 1968 affecti

311 1999 445 2063 fuerint.
493 1997 558 2063 Sed
575 2019 641 2062 non
666 1999 840 2063 fundatam
865 2023 905 2064 ac
928 1998 1027 2086 plane
1045 2001 1243 2066 malevolam
1263 2001 1420 2066 esseben

311 2099 577 2179 accusationem,
612 2095 733 2183 liquet,
770 2096 796 2160 si
823 2120 907 2183 quae
932 2097 973 2162 de
998 2100 1061 2162 ista
1084 2121 1119 2163 re
1151 2109 1308 2164 suctores
1332 2097 1419 2163 cosesi

311 2215 432 2277 graves
462 2195 680 2280 scripserunt,
719 2195 981 2263 considerantur.
1029 2197 1134 2262 Nobis
1157 2197 1309 2262 sufficiat
1340 2219 1374 2261 ca
1392 2217 1423 2258 re

311 2291 398 2355 ferre
430 2314 516 2378 qnae
549 2291 650 2355 habet
679 2295 810 2356 Aeneas
843 2292 989 2378 Sylvius,
1024 2298 1140 2380 paucis
1173 2317 1242 2360 rem
1271 2315 1425 2360 coenans:

316 2389 446 2475 „Hujus
477 2397 588 2454 tamen
621 2401 687 2454 tam
712 2389 937 2471 admirabilis,
974 2401 1042 2456 tam
1067 2393 1316 2479 expendendae
1338 2391 1425 2457 Ponti·

312 2489 386 2551 licis
417 2489 506 2552 vitae
539 2511 604 2552 non
646 2487 823 2552 defuerunt
859 2491 1080 2555 insidiatores.
1128 2490 1324 2578 Stephanus
1356 2491 1425 2554 enin

311 2583 483 2649 Romanus
507 2608 525 2650 e
549 2586 856 2668 familiaPoroaria,
883 2591 974 2652 tenui
1000 2611 1102 2654 censu
1126 2611 1238 2676 eques,
1266 2613 1320 2654 res
1344 2609 1428 2654 noras

312 2705 413 2767 saepe
444 2684 478 2747 in
503 2683 585 2747 urbe
620 2683 753 2748 molitus
796 2707 835 2748 ac
868 2697 1042 2771 propterca
1066 2687 1237 2751 Bononiae
1271 2687 1427 2772 relegatos.

314 2780 399 2843 clam
424 2780 503 2844 inde
526 2781 686 2846 recedens
711 2785 841 2867 magnis
865 2785 1042 2850 itineribus
1066 2783 1205 2849 Romam
1230 2787 1347 2868 rediit,
1369 2805 1429 2847 con·

313 2881 508 2964 vocatisque
534 2901 612 2944 mox
628 2881 756 2961 amicis,
782 2891 926 2945 mentem
951 2903 1044 2946 suam
1070 2885 1235 2968 exposuit,
1261 2895 1358 2969 turpe
1372 2902 1428 2944 esse

312 2977 489 3056 dictitans,
525 2998 599 3041 eam
624 2977 739 3042 urbem
771 3001 857 3064 quae
882 2989 986 3044 totum
1018 2981 1082 3045 sibi
1107 2979 1291 3066 subjecerit
1322 2983 1429 3050 orbem.

313 3099 404 3140 nuno
429 3074 638 3140 sacerdotum
663 3078 801 3161 imperio
828 3076 1017 3163 subjacere,
1052 3100 1134 3165 qnos
1158 3079 1283 3143 rectius
1308 3081 1429 3145 feminas

312 3195 414 3258 quarn
440 3175 528 3238 viros
552 3176 693 3260 quisque
717 3172 949 3260 appellaverit.
990 3175 1130 3241 Venisse
1154 3199 1188 3242 se
1214 3192 1365 3264 paratum
1387 3197 1429 3260 pa·

312 3272 398 3334 triae
416 3271 537 3356 jugum
562 3283 736 3354 excutere,
772 3293 842 3336 rem
866 3273 957 3337 factu
981 3273 1133 3352 facilem,
1169 3277 1196 3340 si
1222 3279 1287 3340 viri
1312 3277 1428 3340 fuerint.

314 3367 490 3432 Nicolaum
519 3368 715 3434 Pontificem
752 3367 873 3434 celebri
898 3369 1165 3456 Epiphaniarum
1201 3372 1257 3436 dic
1294 3377 1328 3438 in
1361 3369 1428 3435 aede

314 3469 353 3533 B.
370 3466 465 3536 Pauli
491 3489 585 3532 sacra
606 3468 783 3550 facturum,
807 3467 899 3532 baud
916 3491 1036 3552 magno
1054 3472 1185 3553 negotio
1206 3465 1427 3555 comprehendi

314 3587 421 3652 posse,
446 3564 605 3656 populum
631 3564 792 3632 libertatis
817 3588 928 3631 amore
952 3588 1052 3653 quam
1076 3567 1276 3652 proclamari
1291 3567 1428 3631 audierit

316 3685 394 3728 mox
425 3685 521 3749 opem
552 3661 754 3730 audentibus
784 3664 950 3728 daturum.
996 3663 1051 3730 Ad
1083 3663 1310 3750 colligandum
1334 3678 1427 3729 auten

313 3761 506 3826 Praesulem
531 3771 683 3826 catenam
699 3785 832 3826 auream
858 3784 971 3826 secum
986 3763 1107 3843 attulit,
1131 3786 1151 3827 n
1174 3787 1209 3829 se
1227 3765 1298 3849 jum
1317 3763 1428 3848 pridem

315 3869 483 3944 paratam,
520 3881 620 3946 quam
653 3863 861 3945 congregatis
895 3861 1048 3925 ostendit.
1095 3861 1213 3948 Neque
1246 3865 1332 3926 enim
1364 3877 1427 3922 mox

392 4145 414 4216 ¹)
434 4145 508 4198 Tom.
529 4143 576 4197 IV.
595 4161 621 4212 p.
640 4144 663 4202 1.
683 4160 708 4212 p.
731 4146 790 4199 158.

391 4235 412 4300 ⁸)
434 4235 539 4288 Hister.
559 4233 621 4286 Ital.
642 4233 741 4288 Rerum
761 4231 929 4302 publicarum
948 4233 1029 4288 medii
1049 4234 1118 4298 aevi,
1139 4239 1161 4288 t.
1181 4231 1215 4288 X.
1234 4249 1257 4288 c
1275 4233 1315 4286 75.
