2858 4834
369 431 408 484 De
426 431 515 486 luctae
533 433 744 486 continuatione.
1091 431 1142 484 197

50 573 165 634 salibo-i
190 575 221 636 in
246 574 395 638 Domino.
443 572 503 638 Ille
535 575 659 640 corbam
682 587 850 662 acceptans
874 577 1000 652 annuit,
1034 587 1063 637 ct
1085 599 1143 638 nos

50 682 197 734 etmstros
218 673 274 756 qai
297 671 434 735 aderunt
464 675 582 758 recepit
612 675 647 736 in
678 675 817 757 pralium
846 672 977 754 etiamst)
1026 671 1142 752 Qualis

50 769 126 832 fucrit
146 769 327 834 verbotenus
350 770 546 834 concordiae
570 769 711 836 formula
735 793 798 834 non
825 781 962 834 constat.
1011 773 1050 834 In
1075 772 1142 856 epi·

49 866 112 930 stola
137 867 176 931 ad
202 866 407 932 Willelmnm
431 868 634 954 Episcopum
667 869 913 932 Norwioensem
947 891 971 932 s.
997 867 1142 932 Thomas

49 966 161 1029 scribit:
184 966 238 1030 Ad
261 975 399 1030 cestram
422 967 563 1052 capimus
581 967 747 1052 perne-nire
771 968 927 1044 notitiam,
951 989 1009 1029 nos
1032 969 1066 1029 in
1091 967 1142 1030 die

47 1063 132 1128 lentus
154 1067 282 1128 ullariae
301 1063 513 1148 Mapdulenae
537 1087 604 1128 crem
628 1065 752 1128 domino
776 1075 882 1128 nostro
908 1065 1045 1128 Heni-ico
1069 1063 1142 1128 illn-

46 1165 92 1224 stri
108 1163 275 1248 Anplormm
300 1186 381 1245 repe,
412 1162 456 1224 ad
478 1163 623 1226 bonorem·
647 1163 710 1224 Dei
733 1173 761 1224 st
786 1161 945 1224 Ecclesiae
980 1183 1065 1238 snae,
1099 1161 1143 1223 od

46 1261 162 1324 emerem
186 1263 270 1344 repis
292 1262 417 1344 pariter
440 1283 477 1323 ac
500 1271 650 1333 nostram,
675 1261 833 1323 honestam
858 1283 895 1322 ac
910 1259 1023 1322 bonam
1032 1281 1143 1345 pacem

38 1357 172 1440 ‚lrcme.¹)
221 1359 319 1422 Unde
350 1357 502 1422 adhibita
535 1359 693 1422 videntur
723 1359 778 1422 illu
804 1359 906 1421 verba
930 1359 974 1421 ad
996 1359 1142 1422 honorem

47 1455 94 1516 lle-i
109 1467 136 1518 ct
158 1455 320 1518 Ecclesiae
344 1469 443 1541 atquo
467 1457 510 1520 acl
533 1457 678 1519 lionorem
700 1459 791 1541 repis.
841 1457 993 1519 Fortasse
1017 1477 1075 1519 rex
1100 1477 1142 1518 ox
1171 1457 1175 1468 “

46 1551 94 1616 illis
106 1553 212 1617 verbis
229 1555 273 1616 ad
288 1555 435 1616 honorem
447 1555 529 1640 repis
545 1553 721 1618 artificiose
739 1553 912 1634 inferebat,
937 1555 1141 1638 agnitionem

46 1651 297 1714 consuetudinum
322 1653 415 1734 regni
439 1653 474 1715 in
499 1651 561 1715 hac
586 1674 667 1738 pace
692 1650 913 1736 subintelligi3
946 1673 970 1716 s.
996 1651 1141 1715 Thomas

46 1767 103 1810 sero
130 1747 298 1830 censebat,
338 1750 564 1834 quaestionem
603 1749 643 1814 de
681 1748 977 1816 consuetudinibus
1015 1748 1140 1814 salvam

42 1869 109 1912 csse.
144 1857 214 1910 tuni
248 1847 336 1932 quod
368 1845 457 1911 nullo
492 1847 588 1910 modo
621 1870 676 1910 eas
707 1857 1033 1929 commemoraverat,
1071 1859 1139 1910 tum

41 1944 110 2028 qnod
133 1945 176 2008 ad
197 1947 344 2008 morem
366 1945 430 2008 Dei
452 1956 482 2008 ct
505 1945 664 2008 Ecclesiae
688 1966 803 2030 paoem
828 1943 1034 2011 conficiebat.

111 2045 162 2108 43.
209 2043 366 2106 Attamen
391 2063 453 2106 nec
476 2043 557 2128 ipse,
592 2043 638 2106 uti
664 2065 705 2106 ex
730 2040 881 2129 plurimis
913 2041 1031 2106 litteris
1055 2041 1141 2106 colli·
1162 2069 1303 2110 nuum

39 2141 119 2220 gitur,
148 2140 345 2204 concordiae
370 2141 472 2204 initae
496 2163 628 2226 prorsus
656 2140 791 2220 fidebat,
824 2163 885 2204 neo
917 2162 1041 2224 omnes,
1073 2163 1141 2204 rem

40 2257 70 2297 cx
91 2240 212 2323 integro
238 2240 454 2324 compositam
479 2261 549 2303 esse
574 2261 748 2323 cumregc,
768 2260 960 2324 persuasum
985 2237 1141 2302 habuero.

40 2335 143 2399 Sensum
173 2338 227 2400 isti
251 2338 401 2422 apprime
425 2339 658 2423 exprimuntur
681 2339 715 2401 in
741 2335 878 2423 epistola
910 2336 953 2401 ad
977 2328 1141 2401 Thomam

41 2431 146 2500 directa
175 2434 218 2500 ab
250 2433 387 2500 Alberto
419 2433 598 2516 cardinali,
631 2437 686 2522 qui
718 2445 892 2520 postquam
929 2435 1141 2518 significavit,

41 2529 143 2596 Romae
166 2531 361 2598 Pontificem
387 2545 419 2596 et
443 2533 637 2598 cardinales
661 2538 793 2618 gavisos
824 2557 893 2598 csse
923 2534 964 2598 de
988 2555 1070 2619 pace
1093 2556 1141 2596 ro·

40 2631 131 2694 stituta
154 2630 266 2695 addit:
300 2632 597 2718 &pervenientibus
621 2645 722 2696 aotam
748 2631 863 2696 litteris
890 2633 1008 2710 coenis,
1043 2643 1072 2694 ct
1094 2632 1140 2693 in·

40 2726 150 2804 allecto,
174 2730 259 2815 quood
279 2729 355 2816 plac
378 2730 465 2792 uobis
488 2732 524 2793 in
539 2731 754 2794 accidentibus
785 2754 878 2816 qaam
903 2731 937 2794 in
961 2729 1141 2794 substantia

41 2825 72 2884 sit
90 2827 264 2904 wlsibitum,
293 2829 393 2912 mapa
418 2827 518 2890 adhuc
542 2830 698 2914 cerepimas
720 2826 898 2892 haesitare:
929 2839 958 2891 ct
985 2827 1141 2891 intellecci-

42 2945 101 3006 nun,
122 2925 204 3010 qaod
226 2949 289 2989 non
305 2925 411 3011 ¹facile
435 2937 534 2989 matut
549 2927 699 3013 Aethiops
710 2923 828 3012 pellem
844 2949 934 2989 snam
950 2935 1006 2989 aat
1016 2925 1143 3010 perdas

41 3023 203 3086 conctatem
224 3015 336 3087 'soom
374 3079 378 3089 .
406 3074 413 3086 .
438 3072 445 3086 .
480 3022 688 3088 Fluctaantes
710 3025 806 3111 ipitius
836 3027 920 3086 inter
942 3047 1028 3110 spem
1052 3034 1082 3086 ct
1105 3025 1141 3084 ti-

43 3139 143 3199 nirem,
166 3123 397 3208 suspiravimus
421 3122 465 3185 acl
488 3147 556 3186 erem
579 3125 754 3209 qaipotens
771 3135 817 3186 est
830 3121 1143 3208 superabundantias

38 3213 137 3294 ,lirare
160 3243 254 3306 qnam
265 3221 405 3306 petimus
428 3233 485 3284 aut
508 3221 712 3307 sps-ramas.⁸)

112 3319 161 3382 44.
194 3318 226 3384 S.
244 3317 392 3383 Thomas
417 3317 503 3383 illico
527 3319 569 3383 ad
595 3320 704 3382 varios
730 3316 923 3382 Cardinales
947 3327 979 3379 et
1002 3315 1141 3380 edPon-

45 3409 142 3478 titiocm
171 3416 297 3480 litteras
329 3415 475 3488 dederat,
511 3417 633 3502 quibus
669 3417 760 3502 pacis
792 3414 1036 3478 conclusionem
1061 3416 1142 3500 ipsis

45 3514 248 3579 annuntiabat.
297 3515 335 3578 ln
360 3513 498 3600 epistola
521 3514 564 3579 ad
588 3513 818 3578 Alexandrum
843 3513 893 3578 111
925 3513 1024 3576 otiam
1049 3513 1141 3598 petit,

48 3619 192 3674 utcontra
215 3613 388 3697 episcopos
412 3614 468 3696 qui
494 3611 677 3676 Hearicum
701 3611 868 3696 juniorem
903 3619 1143 3676 coronaverant

47 3695 125 3769 Sedes
149 3709 337 3795 Apostolica
361 3709 527 3796 procedat
575 3709 714 3788 Placeat,
749 3709 873 3790 scribit,
907 3709 1071 3774 serenitati
1093 3731 1141 3770 oc-

48 3809 119 3880 imo,
139 3807 275 3890 qualiter
297 3831 352 3870 vos
366 3809 414 3870 iic
427 3807 596 3894 procedere
613 3818 759 3894 oporteat
775 3830 795 3870 a
812 3804 912 3869 latore
921 3808 1142 3894 praesentiam

52 3959 231 3979 ““”““-ι---

104 4053 123 4118 ι)
139 4055 185 4124 Ep.
204 4060 246 4112 25.
265 4057 284 4112 l.
304 4075 325 4109 c.

104 4135 122 4196 'r
138 4135 182 4204 Ea
203 4139 261 4192 rai.

103 4211 121 4271 ἰ
138 4215 199 4284 Epo.
219 4216 336 4272 Gilbcrti
357 4217 388 4268 V.
409 4216 445 4270 ΙΙ.
465 4231 490 4283 p.
512 4219 571 4271 trs.
