2902 4848
363 491 402 546 Da
420 491 641 546 condemnatione
659 491 761 550 Hussii.
1084 493 1137 548 333

30 635 231 700 Constantine
256 638 290 700 in
315 635 413 700 domo
437 637 569 721 privata
593 646 739 700 moratus
763 644 830 716 est3
862 658 902 699 aa
936 636 989 701 die
1012 637 1052 701 5⁰
1073 637 1136 702 No-

30 734 163 798 vembris
186 735 220 799 in
245 756 364 798 manas
388 735 459 820 ejas
476 735 576 798 etiam
590 732 719 798 litterae
736 731 820 797 salvi
837 733 1021 798 conductus
1037 735 1136 820 sigis·
1156 728 1159 738 ¹

30 831 131 896 mandi
164 843 397 918 pervenerunt.
446 833 556 913 Quum
591 854 668 898 vero
699 834 840 918 turpiter
873 832 1032 896 violatum
1066 855 1136 897 esse

28 928 106 994 illurn
132 930 262 995 salvum
288 931 489 996 conductam
514 930 623 996 hostes
648 929 817 994 Ecclesiae
842 929 1134 1012 conclamaverint,

27 1039 237 1113 opportunum
263 1031 334 1111 erit,
358 1038 487 1092 textum
505 1031 613 1114 ipsum
631 1026 735 1092 oculis
750 1027 905 1113 objicere.
938 1027 1020 1092 Erat
1036 1029 1137 1113 igitur

27 1125 207 1211 hujusmodi
231 1128 372 1191 tenoris:

103 1223 341 1310 Sipismundus,
387 1225 451 1288 Dei
491 1225 599 1309 pratia
637 1225 852 1288 Romanarum
897 1247 969 1303 rese,
1015 1247 1137 1312 semper
1155 1222 1305 1326 Ἢζηξω·

26 1323 176 1406 [inpastus
199 1333 271 1402 eta,
295 1324 450 1386 uniuersis
475 1333 505 1386 et
528 1321 661 1406 einpnlis
678 1321 892 1408 principibus,
917 1321 1137 1388 ecclesiasticis
1266 1313 1272 1326 ⁹

25 1431 49 1481 et
75 1419 302 1498 saecularibus,
342 1421 486 1498 ducibus,
526 1419 769 1498 marchionibus,
805 1421 969 1484 comitibus
999 1469 1006 1484 .
1033 1470 1041 1484 .
1069 1475 1073 1486 .
1107 1431 1137 1483 et

24 1517 208 1602 officialibus
235 1519 473 1604 quibuscumque
498 1519 669 1596 civitatum,
703 1517 902 1604 oppidorum,
935 1517 1084 1584 uillarum
1107 1529 1137 1580 et

24 1615 168 1696 locorum,
198 1619 337 1702 qratiam
367 1618 487 1703 repiam
517 1627 547 1680 et
577 1638 664 1679 omne
689 1615 809 1680 bonum.
843 1653 886 1662 —
924 1615 1135 1694 Venerabiles,

22 1711 163 1792 illustres,
202 1715 322 1779 nabiles
356 1725 386 1779 el
415 1714 527 1798 fideles
559 1711 676 1790 dilecti,
711 1713 924 1778 honorabilem
951 1715 1135 1800 mapistrum

23 1811 174 1876 ‚loannem
201 1813 288 1891 Hus,
320 1833 430 1878 sacrae
454 1811 626 1897 tleolopiae
652 1809 891 1874 baccalaureum
906 1813 1084 1897 formatum
1107 1824 1137 1876 et

22 1913 129 1973 articam
147 1913 340 1996 mapinium,
360 1913 577 1997 praesentiam
594 1920 793 1990 ostensorem,
807 1910 845 1972 de
861 1932 955 1995 repno
967 1909 1135 1974 Bolemiae

22 2006 59 2067 ad
83 2006 258 2073 Concilium
280 2007 424 2096 penerale
448 2010 632 2072 incivitate
660 2005 893 2073 Constantiensi
915 2007 1136 2072 celebrandum

22 2105 48 2164 in
72 2107 225 2190 proaeimo
257 2117 479 2185 transeuntem,
509 2129 597 2193 quem
627 2107 723 2170 etiam
752 2107 787 2170 in
816 2116 959 2170 nostram
990 2117 1019 2169 et
1052 2109 1137 2170 sacri

21 2203 139 2288 imperii
156 2207 386 2290 protectionem
408 2205 581 2291 recepimus
605 2218 635 2267 et
658 2201 797 2282 tutelam,
829 2205 915 2268 cobis
940 2203 1081 2268 amnibus
1106 2216 1136 2269 et

19 2311 147 2365 scstmm
172 2301 300 2366 cuilibet
315 2299 415 2388 pleno
439 2301 725 2386 recommendamus
749 2299 872 2387 affecta,
907 2303 1134 2380 desiderantes,

19 2409 166 2480 quatenus
190 2401 294 2485 ipsum
317 2399 391 2464 dum
415 2399 459 2463 ad
480 2422 535 2463 aas
555 2401 744 2486 pervenerit,
775 2411 863 2484 prate
886 2402 1054 2486 sasmperc,
1077 2402 1135 2486 fa-

19 2495 198 2560 mrabiliter
221 2508 368 2576 tractare,
393 2521 430 2562 ac
452 2499 488 2562 in
510 2499 558 2562 lis
581 2521 660 2582 quas
684 2497 875 2561 celeritatem
891 2509 921 2562 ct
936 2501 1136 2562 securitatem

18 2593 112 2676 ipsius
136 2606 329 2659 concernunt
350 2596 477 2660 itineris
505 2607 570 2659 tam
588 2617 650 2682 per
674 2607 791 2660 terram
813 2619 906 2680 quam
923 2619 986 2682 per
1009 2619 1134 2682 aquam

15 2695 221 2774 promotioam
243 2693 306 2757 sili
327 2692 432 2758 velitis
455 2704 486 2758 et
510 2693 650 2758 deleatis
666 2693 827 2758 ostendere
842 2693 1043 2774 uoluntatem,
1067 2717 1133 2758 nec·

19 2811 71 2852 noa
102 2793 210 2877 ipsum
238 2815 305 2856 cum
325 2791 474 2877 famulis,
513 2793 609 2878 equis,
648 2791 784 2870 valisiis,
810 2793 955 2873 arnesiis,
995 2803 1025 2856 et
1059 2791 1135 2856 aliis

15 2887 99 2951 rebus
130 2891 199 2954 suis
230 2887 364 2975 sinpulis
387 2913 449 2976 per
477 2911 681 2975 quoscumque
707 2899 831 2976 portus,
864 2901 986 2976 pontes,
1020 2901 1141 2972 terras,

15 2981 163 3068 dominia,
195 2987 368 3066 districtus,
391 2989 643 3076 jurisdictiones,
674 2990 827 3065 civitates,
860 2989 993 3075 oppida,
1016 3000 1133 3067 castra,

15 3083 103 3147 eilias
134 3095 167 3147 et
196 3083 353 3170 quaelibet
376 3083 446 3148 loca
470 3085 539 3150 alia
568 3097 683 3165 vestra,
717 3087 784 3150 sine
815 3084 952 3171 aliquali
980 3087 1133 3150 solutione

14 3179 101 3258 clani,
122 3181 270 3268 pcdapii,
294 3183 418 3264 telonei,
444 3183 557 3248 tributi
580 3193 609 3247 et
633 3182 698 3247 alio
716 3185 824 3270 quouis
847 3185 1013 3250 salamonis
1030 3207 1132 3268 omme,

13 3281 92 3340 omni
110 3302 250 3366 prorsus
272 3281 494 3366 impedimento
518 3291 634 3345 remoto
660 3284 808 3364 transire,
834 3293 928 3360 stare,
960 3284 1081 3346 marari
1104 3294 1135 3346 et

13 3375 109 3439 redire
134 3376 233 3441 libere
253 3381 463 3464 permittatis,
496 3379 616 3465 sibique
641 3390 671 3442 et
693 3381 776 3458 auis,
808 3380 882 3443 dum
912 3401 991 3464 opus
1014 3379 1131 3465 fuerit,

13 3472 45 3534 de
75 3497 186 3539 securo
217 3487 247 3540 et
279 3473 366 3540 saluo
399 3473 504 3541 velitis
533 3489 563 3541 et
594 3477 735 3542 debeatis
765 3477 933 3564 providere
967 3477 1132 3557 conductu,

13 3570 52 3632 aa
79 3572 232 3638 honorem
261 3585 291 3638 et
322 3577 530 3639 reuerentiam
568 3586 697 3640 nostrae
728 3577 833 3662 rapias
867 3577 1053 3666 majestatis.
1088 3613 1131 3622 -

15 3667 127 3734 Datum
153 3669 271 3756 Spirae
295 3695 380 3736 anno
404 3673 474 3736 Dni
497 3669 735 3740 MCCCCXIV.
761 3673 882 3737 XVIII
899 3673 950 3736 die
978 3673 1130 3754 Octobris,

14 3789 176 3850 septorum
198 3780 375 3834 normarum
399 3793 502 3834 anna:
532 3771 733 3856 Hunpariae,
757 3783 812 3836 etc.
837 3771 991 3849 XXXIII,
1014 3773 1131 3836 Roma·

15 3885 117 3928 noram
149 3887 223 3930 vero
255 3867 289 3934 V.
302 3869 327 3953 ¹)
375 3868 573 3933 Accaratias
607 3869 648 3932 dc
679 3891 777 3933 sensu
808 3869 906 3954 bajus
939 3868 1021 3933 salvi
1056 3891 1132 3934 con-

14 3959 126 4026 ductus
153 3963 293 4028 inferius
317 3987 471 4048 agemus3
509 3964 563 4030 hic
595 3965 739 4030 sufficiat
771 3976 894 4048 notare,
927 3965 1010 4030 nihil
1039 3966 1130 4032 aliud

15 4055 201 4144 hujusmodi
242 4061 372 4126 salvum
413 4062 613 4127 conductum
654 4062 770 4144 fuisse,
813 4065 877 4128 nisi
908 4063 1032 4128 litteras
1071 4087 1129 4150 pro

15 4193 222 4204 ..ψ-.-

81 4276 101 4342 ι)
122 4273 158 4330 V.
180 4271 283 4329 Hefele.
304 4273 333 4328 C.
353 4273 385 4330 G.
405 4273 467 4332 VII.
486 4275 511 4345 fi.
531 4276 591 4330 763.
