2828 4842
288 491 328 545 De
346 491 496 545 Interdicto
515 490 549 544 ob
567 489 725 544 Innocentio
743 492 809 546 lato.
1059 495 1112 548 265

20 634 127 698 ledeia
145 657 181 698 se
195 658 339 700 asserens
361 635 543 720 appravori,
568 634 614 697 eis
638 636 763 698 minime
776 637 952 716 resistebat,
976 638 1108 703 inuales-

18 732 96 796 ebont
117 743 230 796 contra
248 732 360 818 fideles
382 733 542 810 locrensi,
567 741 596 794 et
620 733 655 796 in
677 755 772 816 repno
797 734 867 819 ipso
890 735 1034 800 baereses
1056 758 1110 800 oa-

17 831 61 892 o'oe
76 828 291 916 pullulabant.
326 831 357 894 A
380 829 575 900 Saracenis:
599 830 747 914 quoniam
770 853 863 915 quum
880 857 943 919 per
967 835 1272 940 suborta-33:232

15 929 88 990 tona
107 939 135 992 et
157 928 358 992 remissiones
382 926 543 992 Ecclesiae
568 927 803 1012 Hispaniarum
820 927 963 1016 popalus
985 953 1111 996 conam·
1274 927 1281 940 ’

14 1027 82 1087 osa
102 1025 143 1088 ad
167 1027 434 1111 enpuprsotionem
452 1047 654 1110 paganorum
677 1025 796 1106 induci,
821 1015 961 1092 cessante
980 1029 1112 1115 proedi-

13 1135 123 1186 rotorom
145 1122 267 1209 officio,
295 1123 413 1209 populi
436 1124 533 1186 etiam
556 1122 680 1186 devotio
706 1124 890 1209 tepescebat,
921 1128 997 1212 quio
1019 1151 1113 1213 quum

11 1241 99 1284 nam
116 1222 269 1307 principe
292 1242 348 1284 suo
372 1220 478 1306 quoad
500 1219 704 1284 interdictam
727 1220 827 1285 eidem
849 1224 970 1289 nidera
986 1249 1112 1311 poenae

11 1317 161 1404 aljana,
189 1343 211 1382 a
234 1318 329 1404 culpa
353 1321 404 1383 cui
425 1318 475 1382 uel
498 1319 629 1382 tacendo
653 1331 862 1400 conseruerat,
878 1322 970 1407 forte
994 1347 1026 1388 se
1048 1345 1113 1388 nou

10 1415 128 1480 credebat
156 1419 346 1497 immunem;
371 1426 506 1503 propter
528 1415 612 1502 quod
634 1419 738 1480 miuus
766 1419 850 1482 circa
874 1420 1113 1486 debellationem

11 1513 218 1578 insanorum
233 1513 394 1600 fervebat,
418 1537 458 1578 nc
483 1514 644 1578 decederet
666 1516 702 1577 in
706 1527 849 1601 peccato.
876 1516 1112 1584 ACotbolicis:

8 1613 64 1694 qnia
90 1635 184 1698 quum
217 1613 325 1678 clerici
348 1612 442 1676 laicis
472 1612 661 1698 spiritualia
684 1614 865 1678 ministrare
887 1638 951 1680 non
968 1627 1112 1702 possent,

8 1707 66 1772 lani
86 1711 212 1776 clericis
235 1709 427 1797 temporalia
459 1709 695 1789 subtrobebont,
726 1710 911 1791 oblationes,
935 1714 1112 1798 primitiae,

9 1817 29 1866 et
45 1807 174 1872 decimas
200 1809 384 1874 detinentes.
436 1808 524 1872 Unde
558 1831 626 1872 cum
649 1806 757 1886 clerici
781 1833 820 1874 esc
842 1811 891 1875 bis
908 1833 973 1897 pro
996 1815 1114 1902 majori

2 1917 77 1988 porte
98 1908 132 1969 in
154 1907 308 1994 partibas
330 1905 399 1970 illis
422 1907 639 1970 consueverint
661 1910 843 1988 sustentari,
877 1911 922 1973 eis
944 1907 1113 1974 subtractis

6 2025 51 2066 ooo
72 2003 170 2068 solum
196 2006 385 2082 mendicare,
418 2004 474 2069 ssd
488 2004 606 2090 fodere
636 2015 665 2068 et
681 1999 813 2070 'seruire
836 2007 973 2072 Judaeis
996 2009 1032 2072 in
1054 2009 1112 2072 Ec·

4 2100 96 2164 dnae
119 2113 149 2166 et
175 2104 274 2166 totius
301 2101 557 2168 Christianitatis
580 2102 784 2190 opprobrium
806 2105 1003 2191 eopebantur.
1011 2109 1033 2188 ¹)
1057 2107 1113 2171 Vi-

4 2196 55 2277 des,
72 2201 241 2285 jamtunc
265 2200 433 2266 interdicti
457 2203 552 2266 varia
575 2201 786 2266 incommoda
809 2204 977 2289 proposita
1000 2203 1111 2271 fuisse.

73 2352 125 2416 48.
156 2308 305 2438 Reponit
328 2364 438 2417 antem
461 2353 695 2417 Innocentius:
726 2352 899 2419 Wdebamr
921 2366 1025 2420 autem
1049 2357 1113 2444 dif-

1 2447 64 2527 icile
82 2453 240 2537 petitioni
263 2473 368 2515 eornm
384 2475 534 2529 annuere,
559 2463 589 2514 et
604 2453 792 2515 sententiam
806 2475 846 2516 etc
861 2455 977 2533 animo,
1002 2454 1113 2519 ordine

4 2557 25 2606 et
42 2573 133 2612 causo
158 2549 262 2613 latam
286 2551 433 2612 canonice
458 2551 524 2612 sine
548 2548 769 2634 satisfactione
793 2573 931 2634 conpraa
953 2551 1112 2619 relocare.

5 2645 42 2706 n:
60 2651 167 2711 animo
192 2645 367 2732 Quidem:
399 2649 485 2731 quio,
518 2648 600 2710 sicut
621 2647 710 2710 Deus
735 2646 880 2732 perbibet
904 2651 1113 2714 testimonium

2 2748 196 2810 simoentiae
228 2756 376 2825 nostrae,
415 2745 533 2808 aditos
562 2745 692 2808 nonnisi
716 2746 866 2832 justitiae
890 2746 1115 2812 ethonestatis

4 2843 111 2907 obtenta
130 2844 367 2930 processimas,·
390 2843 465 2906 dum
489 2865 528 2906 erc
540 2844 699 2906 contario
711 2844 951 2934 potiusxcontra
964 2868 1022 2908 nos
1034 2847 1115 2908 oriri

1 2942 203 3027 praesumptio
221 2942 391 3027 potuisset,
421 2941 451 3003 si
471 2952 535 3004 tam
558 2940 742 3006 detestabile
758 2940 894 3026 fucinus
917 2943 1115 3008 ducissemus

2 3039 26 3098 in
49 3040 214 3124 patientia
245 3038 453 3102 tolerandum.
508 3039 561 3102 En
595 3039 726 3102 ordine:
764 3041 839 3123 quia
870 3039 973 3104 dictus
1009 3040 1115 3118 irater

5 3135 160 3200 lisina-ius
183 3149 257 3222 post
280 3139 533 3202 commonitiones
557 3147 587 3200 et
606 3135 778 3200 dilationes
795 3133 961 3224 lopitimas,
988 3140 1116 3204 taudem

2 3233 188 3298 districtione
212 3238 371 3322 panesa
398 3233 611 3300 ecclesiastica
643 3245 861 3301 contumacem.
912 3237 965 3300 En
998 3259 1115 3301 causa:

2 3333 142 3418 evemplo,
168 3333 277 3396 diuino
309 3333 454 3398 videlicet
485 3344 515 3397 et
545 3334 690 3396 bumana.
737 3333 877 3398 Divino:
915 3337 992 3419 quia
1022 3359 1116 3421 quum

2 3429 96 3492 David
118 3433 154 3494 in
164 3432 284 3518 populi
305 3435 522 3496 numeratione
533 3442 706 3517 peccasset,
730 3431 887 3495 Dominus
910 3435 945 3495 in
959 3430 1115 3518 populum

4 3549 66 3590 cosa
87 3532 139 3594 sui
152 3528 285 3614 furoris
310 3529 431 3616 effudit.
483 3529 573 3594 Unde
595 3529 679 3592 idem
702 3529 814 3593 David
846 3529 966 3593 dimisse
990 3530 1115 3616 lepitur,

2 3639 148 3706 peccatum
172 3650 264 3690 saum
285 3629 423 3692 Domino
451 3627 644 3712 confitendo:
676 3628 765 3712 „Epo
796 3651 864 3690 sum
893 3630 947 3713 qui
971 3629 1114 3714 peccaui,

7 3743 45 3806 epo
66 3727 119 3810 qui
140 3726 250 3808 inique
274 3729 330 3810 epi.
362 3727 422 3791 Isti
443 3727 498 3812 qui
520 3747 592 3788 oues
615 3735 697 3804 sunt,
721 3725 798 3810 quid
811 3724 985 3809 fecerant?
1017 3724 1115 3811 Aufe-

7 3831 89 3898 ratur,
121 3823 260 3904 obsecro,
284 3823 394 3909 facies
418 3834 473 3887 tua
497 3847 517 3886 a
535 3821 658 3909 populo
690 3829 776 3886 tuo.“
824 3823 993 3887 Humano:
1023 3847 1115 3909 quum

2 3919 56 4000 ,iios
66 3919 169 3984 dicim
179 3921 402 4005 praedecessor
413 3933 530 4000 noster,
544 3921 595 4006 (ut
607 3944 670 3985 noa
681 3920 769 4006 lonpe
777 3931 932 4006 petantur
944 3920 1114 4008 escempla),

11 4015 31 4073 in
60 4017 243 4102 praedictos
266 4019 482 4105 Portupolliae
517 4030 547 4082 et
570 4019 791 4104 Lepionensem
829 4041 918 4103 repes
956 4030 986 4083 et
1017 4043 1118 4105 repna

68 4275 86 4342 ¹)
103 4275 195 4342 Epist.
219 4274 248 4329 1..
266 4275 301 4329 IL
322 4291 363 4344 ep.
384 4277 417 4330 to
437 4275 471 4328 od
490 4275 738 4344 Compostellonum
757 4274 881 4344 Archiep.
