2814 4848
290 462 343 518 346
450 463 566 518 XXVII.
586 465 626 518 De
644 464 746 519 haeres,
766 464 932 533 repressione
951 480 983 518 ao
1000 464 1034 518 de
1052 461 1245 518 Decretelibns.

290 607 410 690 agendi
444 607 508 671 illis
540 609 715 694 principiis
745 610 780 673 in
811 607 963 672 Ecclesia
997 607 1068 692 jem
1103 605 1228 670 dudum
1260 593 1399 687 receptis}

290 704 451 770 haeresim
476 728 546 770 esse
571 708 697 770 crimen
722 709 905 770 maximum
930 706 1046 790 poenis
1061 705 1159 768 etiam
1176 699 1393 788 temporalibus

291 803 531 868 vindicandum
564 815 596 867 et
624 805 890 890 reprimendum
922 803 1072 888 adeoque
1104 803 1275 887 potestatis
1304 797 1399 870 ciuilis

291 924 377 985 esse,
418 912 455 965 ut
492 902 556 966 hac
593 905 627 966 in
662 925 698 966 re
745 902 917 966 Ecclesiae
963 911 1151 978 succurrat,
1205 899 1293 964 hanc
1332 903 1399 996 verul

291 997 463 1063 brachium
501 999 670 1064 saeculare
710 1003 826 1064 merito
878 1021 1018 1064 evocare
1063 1008 1178 1063 contra
1219 997 1399 1080 haereticum

291 1096 484 1182 Principum
509 1097 655 1162 osticium
672 1119 753 1181 esse,
778 1097 937 1183 utgladio
962 1120 1020 1161 suo
1046 1097 1108 1161 hac
1132 1098 1167 1160 in
1191 1119 1226 1159 re
1243 1093 1396 1158 Ecclesiae

291 1194 502 1278 auxilientur,
535 1206 634 1282 atque
657 1217 713 1260 eos
743 1196 786 1260 ad
810 1197 873 1259 hoc
898 1198 997 1260 etiam
1028 1195 1070 1259 ab
1095 1195 1291 1258 auctoritate
1315 1188 1399 1278 eccle-l

291 1295 423 1357 siastica
447 1296 627 1376 constringi
652 1317 757 1380 posse.
804 1294 906 1358 Hisce
931 1294 972 1359 de
996 1295 1170 1379 principiis
1189 1293 1263 1376 jam
1287 1291 1320 1353 in
1339 1289 1399 1384 Disp

292 1393 468 1456 sertatione
492 1395 632 1478 septima
656 1394 794 1478 egimus,
827 1413 928 1478 quum
954 1414 1060 1456 sermo
1092 1401 1177 1455 esset
1210 1390 1252 1454 de
1276 1386 1399 1474 legibusp

291 1489 412 1575 quibus
446 1489 653 1554 Theodosius
692 1491 735 1554 Μ.
768 1490 951 1576 Imperator
983 1490 1212 1554 Arianismum
1251 1485 1399 1572 repressio

290 1588 522 1653 Juvabitvero
540 1587 689 1652 hocloco
713 1588 851 1652 ulterius
874 1588 964 1653 illam
988 1590 1214 1674 quaestionem
1238 1603 1395 1669 exponere

383 1705 435 1768 39.
482 1705 599 1788 Itaque
619 1703 769 1768 Ecclesia
795 1704 831 1766 1⁰
859 1725 989 1788 semper
1022 1702 1083 1766 hoc
1116 1703 1296 1766 discrimen
1320 1705 1399 1781 agno}

296 1803 345 1865 vit
382 1803 467 1865 iuter
490 1801 640 1866 infideles
668 1812 701 1866 et
728 1824 782 1864 eos
814 1803 869 1887 qni
899 1824 957 1887 per
990 1801 1194 1886 baptismum
1232 1802 1263 1863 ei
1305 1800 1397 1860 insert

293 1909 379 1979 sunt,
404 1908 441 1962 ut
472 1898 613 1980 doceret,
646 1898 717 1963 illos
749 1899 791 1962 ad
817 1898 914 1962 fidem
951 1901 1022 1982 cogi
1057 1920 1122 1963 non
1152 1920 1259 1983 posse,
1302 1895 1399 1962 hornut

292 2018 370 2060 vere
394 1996 567 2082 perfidiam
592 2009 628 2061 ut
652 1999 835 2061 maximum
861 1999 985 2060 crimen
1010 2019 1105 2082 posse
1130 1997 1253 2081 puniri.
1303 1995 1341 2057 ln
1369 1983 1399 2062 inl

253 2085 256 2090 ’
292 2093 406 2158 tideles
436 2093 587 2158 Ecclesia
618 2118 683 2159 non
717 2094 819 2158 habet
849 2104 1054 2178 potestatem,
1086 2095 1144 2158 sed
1176 2097 1232 2179 qni
1258 2073 1399 2178 baptizal

292 2193 383 2256 fuere
407 2193 478 2276 ejus
502 2196 688 2256 auctoritati
714 2202 791 2256 sunt
814 2191 966 2277 subjecti,
991 2214 1160 2277 quumque
1177 2192 1281 2256 iidem
1296 2175 1399 2254 violaul

293 2301 325 2354 et
348 2289 430 2354 alios
453 2290 625 2369 seducunt,
650 2292 767 2354 merito
793 2292 977 2375 puniuntur
1001 2299 1033 2352 et
1057 2299 1262 2356 coercentur.
1315 2275 1399 2370 laidi

293 2389 347 2468 les,
379 2390 426 2452 ait
449 2411 473 2454 e.
498 2388 654 2468 Thomas,
686 2390 740 2473 qui
770 2412 930 2472 uunquam
958 2388 1058 2470 fidem
1080 2387 1269 2464 habueruut,
1306 2411 1365 2449 aori
1390 2393 1399 2448 t

293 2485 508 2570 compellendi,
543 2487 598 2550 sed
620 2489 647 2548 ii
670 2489 724 2572 qui
747 2487 932 2571 quaestioque
952 2485 1044 2568 fidem
1071 2497 1287 2570 susceperunt.
1338 2475 1399 2570 Asel

291 2605 366 2668 pere
384 2584 483 2666 fldem
507 2595 552 2647 ost
576 2583 758 2660 uoluistotis,
791 2584 847 2644 sed
870 2595 972 2646 tenera
997 2605 1065 2644 eam
1089 2594 1268 2668 susceptam
1296 2575 1399 2646 succussi

295 2683 411 2763 tatie.¹)
458 2683 502 2745 Et
519 2682 590 2767 jam
616 2705 641 2745 s.
666 2683 892 2765 Augustinus:
925 2681 978 2744 Au
996 2681 1092 2764 fidiam
1115 2680 1222 2744 nullm
1247 2691 1298 2744 est
1321 2675 1399 2764 copal

295 2779 354 2843 dus
377 2781 503 2857 iuuitus,
540 2781 595 2842 sud
613 2802 674 2864 per
698 2780 902 2858 seueritatem,
933 2781 995 2841 imo
1026 2789 1056 2840 et
1078 2802 1142 2865 per
1172 2771 1399 2842 mesericordial

295 2879 367 2960 Dei,
393 2878 633 2942 tribulationum
647 2876 796 2964 stupellas
816 2877 893 2939 solet
912 2876 1262 2963 perfidiosustipari.²)

383 2994 435 3060 40.
485 2991 583 3073 Quod
613 2995 650 3056 2⁰
681 2995 800 3056 attinet
830 2992 873 3055 ad
896 2992 953 3076 jus
977 2994 1149 3076 potestatis
1173 2991 1286 3055 civilis
1312 2981 1399 3075 poeul

294 3091 531 3176 temporalibus
548 3091 716 3154 afficiendi
735 3089 927 3170 haereticos,
954 3089 988 3152 id
1006 3092 1121 3152 merito
1139 3090 1218 3153 inde
1235 3059 1399 3168 inferebui

295 3189 452 3274 theologi,
484 3190 572 3276 quod
605 3211 646 3252 ex
671 3189 764 3253 Rom.
799 3210 826 3252 c.
855 3189 894 3250 13
930 3189 1083 3272 princeps
1108 3188 1172 3249 Dei
1193 3188 1347 3250 minister
1370 3203 1399 3276 es

294 3288 411 3350 uiadaa
434 3290 469 3350 iu
492 3289 575 3350 iram
598 3289 628 3349 eu‘
651 3285 844 3372 auimatum
868 3287 944 3371 opit,
976 3286 1125 3371 adeoque
1150 3282 1301 3368 amplam
1328 3283 1399 3360 hubi

295 3395 488 3469 potestatem
513 3387 654 3448 crimina
683 3383 853 3469 puniendi.
901 3383 978 3448 Jam
1011 3405 1089 3446 vero
1121 3405 1163 3446 ex
1194 3383 1316 3446 eodem
1342 3373 1399 3465 Api

296 3482 376 3547 stolo
402 3483 481 3564 (Tit.
507 3483 537 3563 3,
566 3483 607 3546 10
630 3485 716 3566 sqq.)
752 3480 895 3546 haeresis
926 3491 1099 3566 peccatum
1129 3493 1179 3544 est
1208 3483 1399 3564 megnuml

296 3581 420 3644 crimen
437 3583 626 3666 pessimum.
660 3579 803 3643 Proinde
828 3581 926 3642 etiam
952 3581 1061 3664 purniri
1087 3589 1238 3662 potesta
1263 3579 1399 3664 potestat

296 3679 398 3742 civili.
446 3677 532 3742 lllud
566 3689 677 3741 autem
709 3679 857 3740 ornuium
891 3676 1059 3740 insidebat
1090 3674 1299 3762 pectoribus,
1341 3683 1399 3761 qud

296 3777 385 3860 loupe
409 3779 452 3838 sit
474 3780 602 3861 priasoius
626 3786 786 3838 octauam
810 3797 902 3859 quam
919 3773 1120 3859 temporalem
1138 3773 1264 3836 laedere
1284 3779 1399 3862 majesta

297 3875 397 3954 tcm,³)
423 3883 455 3936 et
477 3875 561 3958 quod
583 3876 619 3936 iu
641 3871 824 3956 relipionem
840 3873 983 3935 diuinam
998 3873 1209 3949 committitur,
1235 3873 1272 3934 u'u
1291 3875 1399 3935 omnuim

296 4019 410 4027 —--.
429 4019 436 4025 -

372 4083 1069 4152 ummumaaamssmam
1164 4057 1173 4074 '

370 4165 732 4234 mammam

369 4245 391 4313 ³)
411 4245 500 4300 innoc
522 4246 570 4300 lll.
591 4247 656 4313 Epp,
678 4245 711 4298 lI.
734 4247 757 4298 1.
