2964 4838
325 527 330 534 ·
442 511 481 565 De
499 509 619 567 Concilio
638 511 816 567 [lateranensi
836 511 869 567 V.
1162 509 1215 562 467

91 655 126 718 ἰιι
152 653 274 718 celebri
299 654 526 718 Universitate
550 653 712 721 Paduana
744 677 802 742 per
826 656 915 719 viros
938 653 1082 718 famosos
1115 652 1222 717 trade·

89 751 200 816 batur.
246 753 388 816 Ineunte
419 752 551 817 saeculo
575 752 662 818 XVI
694 752 821 818 ibidem
853 761 998 837 systema
1028 772 1125 816 suum
1149 750 1223 815 Ari·

89 848 278 914 stotelicum
311 849 518 935 proponebat
541 851 663 916 Petrus
687 851 946 937 Pomponatius,
977 849 1168 934 famemque
1192 851 1225 910 et

89 945 225 1011 laudem
249 967 413 1011 summam
440 948 503 1012 sibi
530 961 795 1033 comparaverat.
834 947 1040 1033 Praecipuae
1064 947 1224 1032 quaestio·

90 1067 167 1126 nes,
204 1067 289 1131 quae
323 1044 581 1130 explicabantur
616 1045 659 1110 ab
694 1046 758 1111 illis
791 1045 997 1132 philosophie
1029 1043 1225 1129 spectabant

90 1143 237 1206 animam
270 1143 470 1225 humanam3
506 1142 660 1208 doctores
693 1144 728 1208 bi
756 1145 856 1230 juxta
888 1145 1053 1231 principia
1083 1141 1224 1229 pbiloso-

89 1239 192 1324 phica
215 1242 363 1306 animum
387 1241 558 1306 mortalem
585 1265 655 1306 esse
685 1243 881 1307 nitebantur
904 1240 1093 1322 ostendere,
1126 1240 1224 1304 simul

90 1349 204 1402 temen
236 1338 411 1421 dicebant,
447 1362 489 1404 ex
514 1338 581 1404 fide
606 1339 772 1404 catholica
804 1363 838 1404 se
863 1361 934 1403 eam
960 1337 1082 1403 habere
1105 1348 1143 1403 ut
1166 1339 1223 1404 im-

91 1435 275 1502 mortalem.
324 1435 436 1516 Quum
463 1440 497 1501 in
523 1437 651 1502 ditione
674 1438 883 1502 Venetorum
914 1458 952 1500 eo
976 1447 1123 1522 tempore
1147 1457 1223 1500 cum

90 1535 223 1616 mugnis
252 1534 381 1600 divitiis
405 1557 528 1621 magua
551 1538 653 1601 etiam
677 1557 806 1600 morum
841 1538 1009 1622 perversio
1033 1546 1104 1600 orta
1128 1546 1222 1618 esset,

91 1631 244 1698 doctriua
269 1631 324 1698 ille
349 1633 390 1698 de
414 1633 615 1698 mortalitate
640 1637 782 1716 animae,
808 1644 840 1700 ot
862 1636 1045 1718 generatim
1065 1633 1224 1698 Aristote-

90 1727 208 1794 lismus
231 1729 489 1814 Averroisticus,
514 1734 571 1818 qui
597 1731 833 1797 materialismo
857 1731 1007 1811 favebat,
1032 1729 1152 1796 multos
1177 1732 1223 1795 in·

92 1829 187 1891 venit
218 1828 379 1906 usseolas;
415 1841 449 1894 et
480 1852 539 1915 pro
574 1830 735 1916 religione
768 1830 949 1895 christiana
982 1829 1060 1894 inde
1093 1831 1127 1894 iu
1152 1830 1223 1893 istis

92 1926 285 2010 regionibus
315 1927 406 2013 apud
431 1929 552 1994 multos
578 1927 757 1994 nobiliores
787 1938 820 1994 et
845 1930 950 2012 magis
974 1927 1079 1992 cultos
1102 1926 1224 1992 liberti·

91 2025 222 2089 nismus
255 2047 382 2092 morum
417 2037 450 2092 et
472 2028 670 2114 opinionum
705 2027 858 2093 invaluit,
905 2027 994 2090 Huic
1027 2025 1113 2090 malo
1136 2038 1392 2110 gras-Duruumde

91 2125 180 2186 santi
213 2124 315 2208 igitur
348 2124 535 2191 Concilium
567 2125 792 2190 Lateranense
816 2126 850 2188 V
883 2123 1036 2190 obviavit
1067 2123 1156 2189 edito
1189 2124 1224 2188 in
1246 2101 1378 2203 ‘nfflu'

92 2221 239 2286 sessione
263 2231 382 2288 octava
406 2223 556 2290 decreto:
584 2222 661 2288 Cum
684 2223 796 2288 diebus
818 2225 951 2302 nostrie,
976 2222 1059 2307 quod
1082 2219 1224 2286 dolenter

91 2317 270 2404 refer-imus,
293 2322 438 2386 zizaniae
451 2323 632 2400 seminator,
657 2322 807 2406 antiquus
826 2320 956 2384 lumeni
977 2322 1100 2404 penaria
1115 2321 1222 2394 Ῑιοεείε,

92 2417 264 2482 nonnullos
282 2420 571 2505 perniciosioaimoa
592 2443 715 2484 errores
737 2443 759 2484 a
773 2417 928 2503 fidelibus
941 2440 1063 2503 semper
1076 2417 1224 2504 explosor

92 2517 129 2580 in
153 2537 229 2601 apro
246 2517 379 2582 Domini
401 2520 651 2603 superseminare
675 2527 705 2580 et
719 2537 833 2602 nupera
857 2517 899 2582 sit
918 2537 1025 2600 ausus,
1050 2515 1089 2579 de
1104 2526 1225 2580 natura

89 2615 281 2697 praesertim
304 2616 430 2678 atrimae
453 2615 637 2693 rationalis,
660 2615 745 2700 qued
767 2613 913 2678 uidelicet
935 2614 1079 2680 mortalia
1102 2617 1145 2680 eit
1168 2625 1225 2678 aut

92 2709 190 2774 unica
213 2712 248 2776 in
271 2713 390 2778 cunctis
412 2713 599 2790 bonualdus,
624 2722 655 2775 et
667 2711 817 2778 nonnulli
833 2723 945 2776 tenure
965 2709 1224 2798 philosophantes

92 2808 263 2872 remaclum
278 2810 390 2876 atem
403 2809 635 2896 philosophiam
650 2811 686 2874 id
699 2833 806 2876 uerum
820 2832 887 2876 ease
901 2821 1089 2888 aaronem,
1113 2820 1224 2874 conae

92 2907 274 2996 hujucemodi
290 2920 412 2994 pestem
434 2920 619 2995 opportuna
641 2910 781 2972 reneedia
805 2907 952 2972 adhibere
976 2910 1145 2994 cupientes,
1169 2908 1224 2970 loc

93 3025 186 3068 acero
210 3005 407 3092 approbante
436 3004 578 3072 Concilio
602 3007 789 3072 dansnamue
828 3017 857 3072 et
891 3006 1097 3094 reprobamus
1120 3027 1223 3072 omnes

94 3115 272 3168 asserentes
278 3153 287 3182 ,
312 3107 452 3172 animum
474 3105 701 3170 intellectivam
723 3104 888 3169 mortalem
913 3126 994 3184 esee,
1019 3117 1075 3170 aut
1097 3107 1224 3170 unicam

92 3203 131 3265 in
153 3202 272 3266 cunone
300 3202 476 3268 bominibus
507 3214 538 3268 et
559 3203 635 3268 leaeo
657 3204 693 3266 in
715 3203 844 3268 dulium
868 3212 1036 3280 vertentes,
1072 3200 1223 3268 camilla

93 3323 159 3366 nore
181 3300 282 3365 solum
304 3323 385 3384 uere,
403 3324 467 3388 per
489 3323 543 3384 ee,
568 3302 779 3368 essentialiter
802 3303 931 3366 manui
953 3302 1095 3388 corporis
1117 3299 1224 3379 forma

94 3399 230 3477 motat,
266 3400 347 3464 aima
376 3401 410 3464 in
442 3423 561 3464 canores
584 3398 649 3486 fel,
679 3399 910 3466 recordationis
939 3397 1110 3464 Clementia
1132 3399 1166 3462 P.
1199 3397 1229 3462 V

89 3497 348 3585 praedecessoris
380 3500 484 3562 nostri
515 3501 549 3562 in
581 3497 725 3582 yenerali
762 3497 932 3562 Viennensi
966 3495 1106 3562 Concilio
1139 3495 1222 3560 odito

94 3596 291 3674 continetur,
321 3619 428 3660 oerum
451 3605 481 3658 et
502 3596 692 3660 immortalis
723 3607 753 3660 et
770 3617 833 3682 pro
857 3614 1021 3680 corporum
1044 3593 1155 3680 quibus
1177 3596 1224 3658 iu·

80 3693 246 3780 funditur
268 3693 470 3758 multitudine
502 3692 709 3779 einpularu'ter
732 3691 987 3778 multiplicabilis
1019 3703 1049 3755 et
1070 3689 1223 3777 multipli-

93 3800 170 3856 cata
202 3802 233 3856 et
263 3791 512 3878 multiplicanda
534 3792 595 3870 sit;
703 3809 824 3854 omnem
858 3791 1065 3854 mentionem
1095 3789 1225 3853 ueritati

91 3889 297 3954 illuminatae
325 3889 403 3970 fidei
425 3889 619 3952 contrariam
651 3889 777 3951 omnino
801 3885 929 3973 falsam
953 3907 1017 3952 esec
1048 3887 1222 3971 definimus,

93 3997 125 4050 et
151 3997 185 4050 ut
207 3985 303 4052 aliter
325 3985 538 4074 dopmotizore
561 4009 625 4050 non
649 3983 744 4050 liceat
766 3985 942 4050 districtius
965 3983 1222 4051 indidemne...

93 4071 234 4174 Insuper
264 4083 406 4152 omnibus
438 4095 468 4148 ct
500 4083 634 4171 armate
661 4083 859 4170 philosoplis
897 4083 933 4145 iu
964 4081 1224 4150 universitatibus

92 4184 274 4253 stadiorum
304 4183 498 4269 qenerolium
537 4193 568 4246 et
599 4179 681 4245 alibi
712 4179 840 4267 prullice
873 4180 1045 4265 lepontibuo
1081 4179 1223 4244 diotimo

84 4281 324 4374 praecipiendo
347 4281 551 4359 mandamus,
584 4289 619 4342 ut
641 4301 709 4342 cum
727 4277 986 4366 pbilosophorum
1003 4278 1171 4364 princepia
1195 4287 1225 4341 ct

1006 4383 1062 4438 30*
