<?xml version="1.0" encoding="UTF-8"?>
<!DOCTYPE html PUBLIC "-//W3C//DTD XHTML 1.0 Transitional//EN"
    "http://www.w3.org/TR/xhtml1/DTD/xhtml1-transitional.dtd">
<html xmlns="http://www.w3.org/1999/xhtml" xml:lang="en" lang="en">
 <head>
  <title>
</title>
<meta http-equiv="Content-Type" content="text/html;charset=utf-8" />
  <meta name='ocr-system' content='tesseract 3.04.00' />
  <meta name='ocr-capabilities' content='ocr_page ocr_carea ocr_par ocr_line ocrx_word'/>
</head>
<body>
  <div class='ocr_page' id='page_1' title='image "./dissertationess00junggoog_0827.png"; bbox 0 0 2868 4844; ppageno 0'>
   <div class='ocr_carea' id='block_1_1' title="bbox 292 415 1138 472">
    <p class='ocr_par' dir='ltr' id='par_1_1' title="bbox 292 415 1138 472">
     <span class='ocr_line' id='line_1_1' title="bbox 292 415 1138 472; baseline 0 -2"><span class='ocrx_word' id='word_1_1' title='bbox 292 419 345 471; x_wconf 83' lang='lat'>294</span> <span class='ocrx_word' id='word_1_2' title='bbox 572 417 699 471; x_wconf 82' lang='lat' dir='ltr'>XXXIV.</span> <span class='ocrx_word' id='word_1_3' title='bbox 726 419 766 472; x_wconf 87' lang='lat' dir='ltr'>De</span> <span class='ocrx_word' id='word_1_4' title='bbox 785 417 903 471; x_wconf 78' lang='lat' dir='ltr'>Concilio</span> <span class='ocrx_word' id='word_1_5' title='bbox 922 415 1138 472; x_wconf 78' lang='lat' dir='ltr'>Constantiensi.</span> 
     </span>
    </p>
   </div>
   <div class='ocr_carea' id='block_1_2' title="bbox 293 559 1395 1626">
    <p class='ocr_par' dir='ltr' id='par_1_2' title="bbox 293 559 1395 1626">
     <span class='ocr_line' id='line_1_2' title="bbox 294 559 1392 646; baseline -0.001 -22"><span class='ocrx_word' id='word_1_6' title='bbox 294 561 450 646; x_wconf 86' lang='lat' dir='ltr'>adjungis</span> <span class='ocrx_word' id='word_1_7' title='bbox 473 561 775 646; x_wconf 86' lang='lat' dir='ltr'>particularismum</span> <span class='ocrx_word' id='word_1_8' title='bbox 800 561 1014 640; x_wconf 90' lang='lat' dir='ltr'>nationalem,</span> <span class='ocrx_word' id='word_1_9' title='bbox 1039 583 1139 646; x_wconf 88' lang='lat' dir='ltr'>quem</span> <span class='ocrx_word' id='word_1_10' title='bbox 1154 571 1296 646; x_wconf 87' lang='lat' dir='ltr'>tempore</span> <span class='ocrx_word' id='word_1_11' title='bbox 1311 559 1392 624; x_wconf 86' lang='lat' dir='ltr'>schis-</span> 
     </span>
     <span class='ocr_line' id='line_1_3' title="bbox 297 657 1392 744; baseline -0.001 -22"><span class='ocrx_word' id='word_1_12' title='bbox 297 661 394 722; x_wconf 81' lang='lat' dir='ltr'><strong>matis</strong></span> <span class='ocrx_word' id='word_1_13' title='bbox 412 658 626 726; x_wconf 85' lang='lat' dir='ltr'>vehementcr</span> <span class='ocrx_word' id='word_1_14' title='bbox 639 671 773 723; x_wconf 88' lang='lat' dir='ltr'>auctum</span> <span class='ocrx_word' id='word_1_15' title='bbox 790 681 861 723; x_wconf 89' lang='lat' dir='ltr'>esse</span> <span class='ocrx_word' id='word_1_16' title='bbox 871 657 943 744; x_wconf 90' lang='lat' dir='ltr'>jam</span> <span class='ocrx_word' id='word_1_17' title='bbox 960 659 1119 738; x_wconf 81' lang='lat' dir='ltr'>diximus,</span> <span class='ocrx_word' id='word_1_18' title='bbox 1145 679 1295 743; x_wconf 86' lang='lat' dir='ltr'>magnam</span> <span class='ocrx_word' id='word_1_19' title='bbox 1310 659 1392 721; x_wconf 79' lang='lat' dir='ltr'>fuisse</span> 
     </span>
     <span class='ocr_line' id='line_1_4' title="bbox 294 754 1392 841; baseline -0.002 -21"><span class='ocrx_word' id='word_1_20' title='bbox 294 758 328 820; x_wconf 84' lang='lat' dir='ltr'>in</span> <span class='ocrx_word' id='word_1_21' title='bbox 355 754 503 820; x_wconf 82' lang='lat' dir='ltr'>Concilio</span> <span class='ocrx_word' id='word_1_22' title='bbox 529 756 774 823; x_wconf 81' lang='lat' dir='ltr'>Constantiensi</span> <span class='ocrx_word' id='word_1_23' title='bbox 798 759 985 820; x_wconf 87' lang='lat' dir='ltr'>animorum</span> <span class='ocrx_word' id='word_1_24' title='bbox 1017 758 1244 841; x_wconf 75' lang='lat' dir='ltr'>agitationem,</span> <span class='ocrx_word' id='word_1_25' title='bbox 1273 755 1392 840; x_wconf 79' lang='lat' dir='ltr'>colliges,</span> 
     </span>
     <span class='ocr_line' id='line_1_5' title="bbox 294 852 1395 940; baseline -0.002 -22"><span class='ocrx_word' id='word_1_26' title='bbox 294 865 328 918; x_wconf 89' lang='lat' dir='ltr'>et</span> <span class='ocrx_word' id='word_1_27' title='bbox 353 855 444 918; x_wconf 82' lang='lat' dir='ltr'>varia</span> <span class='ocrx_word' id='word_1_28' title='bbox 469 877 554 940; x_wconf 88' lang='lat' dir='ltr'>quas</span> <span class='ocrx_word' id='word_1_29' title='bbox 578 857 612 918; x_wconf 91' lang='lat' dir='ltr'>in</span> <span class='ocrx_word' id='word_1_30' title='bbox 637 855 693 919; x_wconf 89' lang='lat' dir='ltr'>illa</span> <span class='ocrx_word' id='word_1_31' title='bbox 711 854 846 940; x_wconf 85' lang='lat' dir='ltr'>Synodo</span> <span class='ocrx_word' id='word_1_32' title='bbox 863 853 1060 918; x_wconf 87' lang='lat' dir='ltr'>acciderunt</span> <span class='ocrx_word' id='word_1_33' title='bbox 1074 852 1173 917; x_wconf 85' lang='lat' dir='ltr'>facile</span> <span class='ocrx_word' id='word_1_34' title='bbox 1186 852 1349 938; x_wconf 87' lang='lat' dir='ltr'>intelliges.</span> <span class='ocrx_word' id='word_1_35' title='bbox 1363 892 1395 900; x_wconf 94' lang='lat'><em>-</em></span> 
     </span>
     <span class='ocr_line' id='line_1_6' title="bbox 297 951 1395 1038; baseline -0.004 -22"><span class='ocrx_word' id='word_1_36' title='bbox 297 951 445 1016; x_wconf 80' lang='lat' dir='ltr'>Concilio</span> <span class='ocrx_word' id='word_1_37' title='bbox 460 953 705 1018; x_wconf 85' lang='lat' dir='ltr'>Constantiensi</span> <span class='ocrx_word' id='word_1_38' title='bbox 729 954 792 1015; x_wconf 86' lang='lat' dir='ltr'>tria</span> <span class='ocrx_word' id='word_1_39' title='bbox 810 953 978 1038; x_wconf 88' lang='lat' dir='ltr'>proposita</span> <span class='ocrx_word' id='word_1_40' title='bbox 993 961 1104 1015; x_wconf 87' lang='lat' dir='ltr'>erant:</span> <span class='ocrx_word' id='word_1_41' title='bbox 1130 953 1305 1016; x_wconf 74' lang='lat' dir='ltr'>exstinctio</span> <span class='ocrx_word' id='word_1_42' title='bbox 1318 951 1395 1015; x_wconf 81' lang='lat' dir='ltr'>schis-</span> 
     </span>
     <span class='ocr_line' id='line_1_7' title="bbox 296 1049 1394 1132; baseline -0.003 -18"><span class='ocrx_word' id='word_1_43' title='bbox 296 1053 404 1132; x_wconf 86' lang='lat' dir='ltr'>matis,</span> <span class='ocrx_word' id='word_1_44' title='bbox 430 1051 598 1114; x_wconf 86' lang='lat' dir='ltr'>damnatio</span> <span class='ocrx_word' id='word_1_45' title='bbox 623 1072 769 1114; x_wconf 89' lang='lat' dir='ltr'>errorum</span> <span class='ocrx_word' id='word_1_46' title='bbox 802 1049 935 1113; x_wconf 85' lang='lat' dir='ltr'>Wicleii</span> <span class='ocrx_word' id='word_1_47' title='bbox 960 1059 993 1113; x_wconf 91' lang='lat' dir='ltr'>et</span> <span class='ocrx_word' id='word_1_48' title='bbox 1015 1049 1142 1132; x_wconf 90' lang='lat' dir='ltr'>Hussii,</span> <span class='ocrx_word' id='word_1_49' title='bbox 1167 1071 1207 1113; x_wconf 87' lang='lat' dir='ltr'>ac</span> <span class='ocrx_word' id='word_1_50' title='bbox 1231 1049 1394 1113; x_wconf 82' lang='lat' dir='ltr'>reformatio</span> 
     </span>
     <span class='ocr_line' id='line_1_8' title="bbox 293 1146 1395 1233; baseline -0.004 -21"><span class='ocrx_word' id='word_1_51' title='bbox 293 1147 474 1214; x_wconf 80' lang='lat' dir='ltr'>Ecclesiae.</span> <span class='ocrx_word' id='word_1_52' title='bbox 531 1148 578 1213; x_wconf 87' lang='lat' dir='ltr'>Ut</span> <span class='ocrx_word' id='word_1_53' title='bbox 623 1169 699 1212; x_wconf 90' lang='lat' dir='ltr'>vero</span> <span class='ocrx_word' id='word_1_54' title='bbox 743 1157 820 1233; x_wconf 88' lang='lat' dir='ltr'>apta</span> <span class='ocrx_word' id='word_1_55' title='bbox 864 1147 1098 1211; x_wconf 83' lang='lat' dir='ltr'>distributione</span> <span class='ocrx_word' id='word_1_56' title='bbox 1141 1146 1273 1231; x_wconf 88' lang='lat' dir='ltr'>singula</span> <span class='ocrx_word' id='word_1_57' title='bbox 1315 1149 1395 1230; x_wconf 79' lang='lat' dir='ltr'>magis</span> 
     </span>
     <span class='ocr_line' id='line_1_9' title="bbox 294 1245 1395 1331; baseline -0.004 -21"><span class='ocrx_word' id='word_1_58' title='bbox 294 1245 487 1329; x_wconf 85' lang='lat' dir='ltr'>clarescant,</span> <span class='ocrx_word' id='word_1_59' title='bbox 521 1267 657 1330; x_wconf 84' lang='lat' dir='ltr'>agemus</span> <span class='ocrx_word' id='word_1_60' title='bbox 688 1247 833 1331; x_wconf 89' lang='lat' dir='ltr'>primurn</span> <span class='ocrx_word' id='word_1_61' title='bbox 865 1245 904 1308; x_wconf 83' lang='lat' dir='ltr'>dc</span> <span class='ocrx_word' id='word_1_62' title='bbox 928 1246 1134 1309; x_wconf 76' lang='lat' dir='ltr'>exstinctione</span> <span class='ocrx_word' id='word_1_63' title='bbox 1162 1245 1342 1320; x_wconf 79' lang='lat' dir='ltr'>schismatis,</span> <span class='ocrx_word' id='word_1_64' title='bbox 1369 1267 1395 1306; x_wconf 80' lang='lat' dir='ltr'>cn</span> 
     </span>
     <span class='ocr_line' id='line_1_10' title="bbox 294 1342 1393 1430; baseline -0.004 -23"><span class='ocrx_word' id='word_1_65' title='bbox 294 1343 441 1408; x_wconf 86' lang='lat' dir='ltr'>addituri</span> <span class='ocrx_word' id='word_1_66' title='bbox 466 1367 551 1430; x_wconf 87' lang='lat' dir='ltr'>quae</span> <span class='ocrx_word' id='word_1_67' title='bbox 575 1343 616 1408; x_wconf 90' lang='lat' dir='ltr'>de</span> <span class='ocrx_word' id='word_1_68' title='bbox 640 1344 872 1407; x_wconf 85' lang='lat' dir='ltr'>reformatione</span> <span class='ocrx_word' id='word_1_69' title='bbox 903 1342 1099 1428; x_wconf 87' lang='lat' dir='ltr'>disciplinae</span> <span class='ocrx_word' id='word_1_70' title='bbox 1123 1353 1156 1407; x_wconf 93' lang='lat' dir='ltr'>et</span> <span class='ocrx_word' id='word_1_71' title='bbox 1180 1365 1308 1407; x_wconf 87' lang='lat' dir='ltr'>morum</span> <span class='ocrx_word' id='word_1_72' title='bbox 1331 1363 1393 1404; x_wconf 91' lang='lat' dir='ltr'>con·</span> 
     </span>
     <span class='ocr_line' id='line_1_11' title="bbox 295 1439 1393 1528; baseline -0.004 -24"><span class='ocrx_word' id='word_1_73' title='bbox 295 1443 510 1506; x_wconf 87' lang='lat' dir='ltr'>memoranda</span> <span class='ocrx_word' id='word_1_74' title='bbox 526 1451 617 1522; x_wconf 84' lang='lat' dir='ltr'>sunt3</span> <span class='ocrx_word' id='word_1_75' title='bbox 636 1441 712 1505; x_wconf 88' lang='lat' dir='ltr'>dein</span> <span class='ocrx_word' id='word_1_76' title='bbox 728 1441 766 1503; x_wconf 79' lang='lat' dir='ltr'>de</span> <span class='ocrx_word' id='word_1_77' title='bbox 783 1439 1064 1526; x_wconf 82' lang='lat' dir='ltr'>decretiofamosis</span> <span class='ocrx_word' id='word_1_78' title='bbox 1080 1443 1232 1505; x_wconf 80' lang='lat' dir='ltr'>cessionis</span> <span class='ocrx_word' id='word_1_79' title='bbox 1248 1451 1367 1528; x_wconf 83' lang='lat' dir='ltr'>quartae</span> <span class='ocrx_word' id='word_1_80' title='bbox 1376 1459 1393 1500; x_wconf 79' lang='lat' dir='ltr'>c</span> 
     </span>
     <span class='ocr_line' id='line_1_12' title="bbox 294 1537 1392 1626; baseline -0.006 -23"><span class='ocrx_word' id='word_1_81' title='bbox 294 1541 432 1626; x_wconf 80' lang='lat' dir='ltr'>quintae,</span> <span class='ocrx_word' id='word_1_82' title='bbox 465 1563 504 1603; x_wconf 93' lang='lat' dir='ltr'>ac</span> <span class='ocrx_word' id='word_1_83' title='bbox 528 1551 692 1625; x_wconf 90' lang='lat' dir='ltr'>postremo</span> <span class='ocrx_word' id='word_1_84' title='bbox 717 1539 755 1602; x_wconf 81' lang='lat' dir='ltr'>do</span> <span class='ocrx_word' id='word_1_85' title='bbox 780 1537 939 1602; x_wconf 80' lang='lat' dir='ltr'>erroribus</span> <span class='ocrx_word' id='word_1_86' title='bbox 962 1550 992 1602; x_wconf 86' lang='lat' dir='ltr'>ct</span> <span class='ocrx_word' id='word_1_87' title='bbox 1014 1539 1274 1603; x_wconf 68' lang='lat' dir='ltr'>condemnatione</span> <span class='ocrx_word' id='word_1_88' title='bbox 1298 1538 1392 1601; x_wconf 77' lang='lat' dir='ltr'>Hassii.</span> 
     </span>
    </p>
   </div>
   <div class='ocr_carea' id='block_1_3' title="bbox 384 1643 1394 1731">
    <p class='ocr_par' dir='ltr' id='par_1_3' title="bbox 384 1643 1394 1731">
     <span class='ocr_line' id='line_1_13' title="bbox 384 1643 1394 1731; baseline -0.007 -21"><span class='ocrx_word' id='word_1_89' title='bbox 384 1648 416 1712; x_wconf 80' lang='lat'>4.</span> <span class='ocrx_word' id='word_1_90' title='bbox 445 1647 580 1710; x_wconf 88' lang='lat' dir='ltr'>Praeter</span> <span class='ocrx_word' id='word_1_91' title='bbox 603 1655 753 1710; x_wconf 87' lang='lat' dir='ltr'>auctores</span> <span class='ocrx_word' id='word_1_92' title='bbox 777 1667 858 1731; x_wconf 89' lang='lat' dir='ltr'>quos</span> <span class='ocrx_word' id='word_1_93' title='bbox 883 1647 916 1708; x_wconf 93' lang='lat' dir='ltr'>in</span> <span class='ocrx_word' id='word_1_94' title='bbox 934 1645 1177 1710; x_wconf 86' lang='lat' dir='ltr'>Dissertatione</span> <span class='ocrx_word' id='word_1_95' title='bbox 1201 1643 1394 1730; x_wconf 73' lang='lat' dir='ltr'>praecedente</span> 
     </span>
    </p>
   </div>
   <div class='ocr_carea' id='block_1_4' title="bbox 296 1741 1393 1828">
    <p class='ocr_par' dir='ltr' id='par_1_4' title="bbox 296 1741 1393 1828">
     <span class='ocr_line' id='line_1_14' title="bbox 296 1741 1393 1828; baseline -0.008 -19"><span class='ocrx_word' id='word_1_96' title='bbox 296 1746 487 1826; x_wconf 89' lang='lat' dir='ltr'>citavimus,</span> <span class='ocrx_word' id='word_1_97' title='bbox 536 1743 576 1808; x_wconf 92' lang='lat' dir='ltr'>de</span> <span class='ocrx_word' id='word_1_98' title='bbox 615 1742 764 1808; x_wconf 84' lang='lat' dir='ltr'>Concilio</span> <span class='ocrx_word' id='word_1_99' title='bbox 804 1741 1049 1808; x_wconf 86' lang='lat' dir='ltr'>Constantiensi</span> <span class='ocrx_word' id='word_1_100' title='bbox 1092 1742 1219 1807; x_wconf 86' lang='lat' dir='ltr'>consuli</span> <span class='ocrx_word' id='word_1_101' title='bbox 1267 1757 1393 1828; x_wconf 81' lang='lat' dir='ltr'>possunt:</span> 
     </span>
    </p>
   </div>
   <div class='ocr_carea' id='block_1_5' title="bbox 233 1839 1398 3084">
    <p class='ocr_par' dir='ltr' id='par_1_5' title="bbox 233 1839 1398 3084">
     <span class='ocr_line' id='line_1_15' title="bbox 295 1839 1395 1924; baseline -0.005 -16"><span class='ocrx_word' id='word_1_102' title='bbox 295 1841 423 1924; x_wconf 89' lang='lat' dir='ltr'>Labbe,</span> <span class='ocrx_word' id='word_1_103' title='bbox 460 1841 576 1908; x_wconf 81' lang='lat' dir='ltr'>Cancil.</span> <span class='ocrx_word' id='word_1_104' title='bbox 608 1843 691 1906; x_wconf 80' lang='lat' dir='ltr'>Tam.</span> <span class='ocrx_word' id='word_1_105' title='bbox 716 1843 803 1916; x_wconf 87' lang='lat' dir='ltr'>XII,·</span> <span class='ocrx_word' id='word_1_106' title='bbox 832 1841 949 1920; x_wconf 85' lang='lat' dir='ltr'>Mami,</span> <span class='ocrx_word' id='word_1_107' title='bbox 985 1843 1070 1906; x_wconf 89' lang='lat' dir='ltr'>Tom.</span> <span class='ocrx_word' id='word_1_108' title='bbox 1095 1842 1233 1922; x_wconf 82' lang='lat' dir='ltr'>XXVII,</span> <span class='ocrx_word' id='word_1_109' title='bbox 1260 1839 1395 1905; x_wconf 84' lang='lat' dir='ltr'>XXl&#39;lll:</span> 
     </span>
     <span class='ocr_line' id='line_1_16' title="bbox 295 1935 1394 2024; baseline -0.005 -20"><span class='ocrx_word' id='word_1_110' title='bbox 295 1941 462 2024; x_wconf 86' lang='lat' dir='ltr'>Raynaldi</span> <span class='ocrx_word' id='word_1_111' title='bbox 492 1941 611 2005; x_wconf 81' lang='lat' dir='ltr'>Annal.</span> <span class='ocrx_word' id='word_1_112' title='bbox 647 1939 766 2005; x_wconf 85' lang='lat' dir='ltr'>Eccico.</span> <span class='ocrx_word' id='word_1_113' title='bbox 796 1939 841 2003; x_wconf 85' lang='lat' dir='ltr'>ad</span> <span class='ocrx_word' id='word_1_114' title='bbox 864 1963 894 2003; x_wconf 90' lang='lat' dir='ltr'>a.</span> <span class='ocrx_word' id='word_1_115' title='bbox 919 1942 1162 2020; x_wconf 64' lang='lat' dir='ltr'>lala-141&amp;</span> <span class='ocrx_word' id='word_1_116' title='bbox 1194 1938 1321 2002; x_wconf 83' lang='lat' dir='ltr'>Natalis</span> <span class='ocrx_word' id='word_1_117' title='bbox 1341 1935 1394 2000; x_wconf 77' lang='lat' dir='ltr'>Ale-</span> 
     </span>
     <span class='ocr_line' id='line_1_17' title="bbox 295 2035 1395 2120; baseline -0.007 -16"><span class='ocrx_word' id='word_1_118' title='bbox 295 2039 434 2120; x_wconf 86' lang='lat' dir='ltr'>xander,</span> <span class='ocrx_word' id='word_1_119' title='bbox 467 2040 551 2105; x_wconf 76' lang='lat' dir='ltr'>Hac.</span> <span class='ocrx_word' id='word_1_120' title='bbox 577 2038 660 2104; x_wconf 85' lang='lat' dir='ltr'>Eccl.</span> <span class='ocrx_word' id='word_1_121' title='bbox 688 2039 773 2102; x_wconf 82' lang='lat' dir='ltr'>Dias.</span> <span class='ocrx_word' id='word_1_122' title='bbox 798 2039 853 2102; x_wconf 87' lang='lat' dir='ltr'>III</span> <span class='ocrx_word' id='word_1_123' title='bbox 873 2049 903 2101; x_wconf 88' lang='lat' dir='ltr'>et</span> <span class='ocrx_word' id='word_1_124' title='bbox 926 2039 981 2101; x_wconf 86' lang='lat' dir='ltr'>IV</span> <span class='ocrx_word' id='word_1_125' title='bbox 1004 2039 1039 2101; x_wconf 88' lang='lat' dir='ltr'>in</span> <span class='ocrx_word' id='word_1_126' title='bbox 1070 2062 1150 2102; x_wconf 83' lang='lat' dir='ltr'>caeo.</span> <span class='ocrx_word' id='word_1_127' title='bbox 1174 2037 1244 2102; x_wconf 87' lang='lat' dir='ltr'>XV</span> <span class='ocrx_word' id='word_1_128' title='bbox 1266 2048 1296 2100; x_wconf 86' lang='lat' dir='ltr'>et</span> <span class='ocrx_word' id='word_1_129' title='bbox 1321 2035 1395 2098; x_wconf 81' lang='lat' dir='ltr'>Xl&#39;l:</span> 
     </span>
     <span class='ocr_line' id='line_1_18' title="bbox 233 2131 1392 2219; baseline -0.008 -17"><span class='ocrx_word' id='word_1_130' title='bbox 233 2135 243 2150; x_wconf 79' lang='grc'><em>”</em></span> <span class='ocrx_word' id='word_1_131' title='bbox 294 2136 525 2219; x_wconf 82' lang='lat' dir='ltr'>Schelstraetc,</span> <span class='ocrx_word' id='word_1_132' title='bbox 557 2137 639 2201; x_wconf 81' lang='lat' dir='ltr'>Acta</span> <span class='ocrx_word' id='word_1_133' title='bbox 667 2134 802 2201; x_wconf 85' lang='lat' dir='ltr'>Concilii</span> <span class='ocrx_word' id='word_1_134' title='bbox 829 2134 1089 2214; x_wconf 71' lang='lat' dir='ltr'>Constantiacas,</span> <span class='ocrx_word' id='word_1_135' title='bbox 1121 2145 1153 2200; x_wconf 87' lang='lat' dir='ltr'>ot</span> <span class='ocrx_word' id='word_1_136' title='bbox 1186 2137 1216 2199; x_wconf 87' lang='lat' dir='ltr'><strong><em>T</em></strong></span> <span class='ocrx_word' id='word_1_137' title='bbox 1212 2146 1349 2198; x_wconf 81' lang='lat' dir='ltr'>ructatas</span> <span class='ocrx_word' id='word_1_138' title='bbox 1370 2131 1392 2192; x_wconf 65' lang='lat' dir='ltr'>,t</span> 
     </span>
     <span class='ocr_line' id='line_1_19' title="bbox 295 2230 1396 2303; baseline -0.005 -5"><span class='ocrx_word' id='word_1_139' title='bbox 295 2259 388 2299; x_wconf 81' lang='lat' dir='ltr'>aenan</span> <span class='ocrx_word' id='word_1_140' title='bbox 412 2245 440 2298; x_wconf 87' lang='lat' dir='ltr'>ct</span> <span class='ocrx_word' id='word_1_141' title='bbox 455 2237 644 2298; x_wconf 79' lang='lat' dir='ltr'>auctoritaie</span> <span class='ocrx_word' id='word_1_142' title='bbox 661 2235 854 2298; x_wconf 82' lang='lat' dir='ltr'>decretorum</span> <span class='ocrx_word' id='word_1_143' title='bbox 873 2233 1125 2299; x_wconf 67' lang='lat' dir='ltr'>Constantianam</span> <span class='ocrx_word' id='word_1_144' title='bbox 1143 2231 1282 2298; x_wconf 78' lang='lat' dir='ltr'>Consilii</span> <span class='ocrx_word' id='word_1_145' title='bbox 1291 2259 1302 2303; x_wconf 94' lang='grc'>,·</span> <span class='ocrx_word' id='word_1_146' title='bbox 1320 2230 1396 2295; x_wconf 81' lang='lat' dir='ltr'>Carti.</span> 
     </span>
     <span class='ocr_line' id='line_1_20' title="bbox 296 2331 1396 2416; baseline -0.009 -17"><span class='ocrx_word' id='word_1_147' title='bbox 296 2333 383 2414; x_wconf 88' lang='lat' dir='ltr'>Orsi,</span> <span class='ocrx_word' id='word_1_148' title='bbox 409 2335 457 2398; x_wconf 86' lang='lat' dir='ltr'>Dc</span> <span class='ocrx_word' id='word_1_149' title='bbox 471 2335 561 2397; x_wconf 83' lang='lat' dir='ltr'>Rom.</span> <span class='ocrx_word' id='word_1_150' title='bbox 581 2333 764 2416; x_wconf 79' lang='lat' dir='ltr'>Pontificum</span> <span class='ocrx_word' id='word_1_151' title='bbox 788 2335 998 2411; x_wconf 54' lang='lat' dir='ltr'>auctoritata·</span> <span class='ocrx_word' id='word_1_152' title='bbox 1022 2331 1225 2413; x_wconf 87' lang='lat' dir='ltr'>Muazarelli,</span> <span class='ocrx_word' id='word_1_153' title='bbox 1251 2333 1299 2394; x_wconf 84' lang='lat' dir='ltr'>De</span> <span class='ocrx_word' id='word_1_154' title='bbox 1315 2340 1396 2392; x_wconf 59' lang='lat' dir='ltr'>carlsr-</span> 
     </span>
     <span class='ocr_line' id='line_1_21' title="bbox 295 2428 1397 2514; baseline -0.007 -20"><span class='ocrx_word' id='word_1_155' title='bbox 295 2434 391 2495; x_wconf 80' lang='lat' dir='ltr'>ritate</span> <span class='ocrx_word' id='word_1_156' title='bbox 407 2435 496 2496; x_wconf 79' lang='lat' dir='ltr'>Rom.</span> <span class='ocrx_word' id='word_1_157' title='bbox 515 2431 678 2514; x_wconf 82' lang='lat' dir='ltr'>Pontificio</span> <span class='ocrx_word' id='word_1_158' title='bbox 699 2431 734 2494; x_wconf 87' lang='lat' dir='ltr'>in</span> <span class='ocrx_word' id='word_1_159' title='bbox 754 2429 906 2495; x_wconf 82' lang='lat' dir='ltr'>Conciliio</span> <span class='ocrx_word' id='word_1_160' title='bbox 927 2430 1136 2513; x_wconf 69' lang='lat' dir='ltr'>generalibus,</span> <span class='ocrx_word' id='word_1_161' title='bbox 1168 2431 1255 2495; x_wconf 86' lang='lat' dir='ltr'>Tam.</span> <span class='ocrx_word' id='word_1_162' title='bbox 1270 2431 1311 2494; x_wconf 92' lang='grc' dir='ltr'>ΙΙ.</span> <span class='ocrx_word' id='word_1_163' title='bbox 1326 2428 1397 2494; x_wconf 68' lang='lat' dir='ltr'>clf:</span> 
     </span>
     <span class='ocr_line' id='line_1_22' title="bbox 295 2525 1397 2615; baseline -0.001 -21"><span class='ocrx_word' id='word_1_164' title='bbox 295 2529 426 2612; x_wconf 88' lang='lat' dir='ltr'>Palma,</span> <span class='ocrx_word' id='word_1_165' title='bbox 466 2529 618 2594; x_wconf 84' lang='lat' dir='ltr'>Praclcct.</span> <span class='ocrx_word' id='word_1_166' title='bbox 651 2531 722 2593; x_wconf 72' lang='lat' dir='ltr'>laist.</span> <span class='ocrx_word' id='word_1_167' title='bbox 756 2527 860 2596; x_wconf 81' lang='lat' dir='ltr'>eccles.</span> <span class='ocrx_word' id='word_1_168' title='bbox 901 2531 936 2594; x_wconf 89' lang='lat' dir='ltr'>T.</span> <span class='ocrx_word' id='word_1_169' title='bbox 970 2530 1027 2594; x_wconf 83' lang='lat' dir='ltr'>JV.</span> <span class='ocrx_word' id='word_1_170' title='bbox 1055 2553 1091 2615; x_wconf 81' lang='lat' dir='ltr'>p.</span> <span class='ocrx_word' id='word_1_171' title='bbox 1123 2531 1149 2592; x_wconf 91' lang='lat' dir='ltr'>I.</span> <span class='ocrx_word' id='word_1_172' title='bbox 1182 2555 1208 2594; x_wconf 89' lang='lat' dir='ltr'>c.</span> <span class='ocrx_word' id='word_1_173' title='bbox 1239 2532 1282 2608; x_wconf 79' lang='grc'>4,·</span> <span class='ocrx_word' id='word_1_174' title='bbox 1315 2525 1397 2592; x_wconf 76' lang='lat' dir='ltr'>Tanti.</span> 
     </span>
     <span class='ocr_line' id='line_1_23' title="bbox 296 2621 1396 2712; baseline -0.007 -20"><span class='ocrx_word' id='word_1_175' title='bbox 296 2627 406 2692; x_wconf 78' lang='lat' dir='ltr'>Storia</span> <span class='ocrx_word' id='word_1_176' title='bbox 443 2627 495 2692; x_wconf 77' lang='lat' dir='ltr'>del</span> <span class='ocrx_word' id='word_1_177' title='bbox 530 2625 670 2692; x_wconf 81' lang='lat' dir='ltr'>Concilio</span> <span class='ocrx_word' id='word_1_178' title='bbox 710 2627 745 2690; x_wconf 83' lang='lat' dir='ltr'>di</span> <span class='ocrx_word' id='word_1_179' title='bbox 783 2625 954 2707; x_wconf 77' lang='lat' dir='ltr'>Castanea,</span> <span class='ocrx_word' id='word_1_180' title='bbox 996 2626 1115 2712; x_wconf 89' lang='lat' dir='ltr'>Napoli</span> <span class='ocrx_word' id='word_1_181' title='bbox 1151 2627 1256 2706; x_wconf 76' lang='lat'>18533</span> <span class='ocrx_word' id='word_1_182' title='bbox 1293 2621 1396 2690; x_wconf 71' lang='lat' dir='ltr'>Helela¹</span> 
     </span>
     <span class='ocr_line' id='line_1_24' title="bbox 300 2723 1397 2810; baseline -0.007 -20"><span class='ocrx_word' id='word_1_183' title='bbox 300 2723 332 2791; x_wconf 88' lang='lat' dir='ltr'>C.</span> <span class='ocrx_word' id='word_1_184' title='bbox 363 2724 413 2799; x_wconf 77' lang='lat' dir='ltr'>G..</span> <span class='ocrx_word' id='word_1_185' title='bbox 445 2726 483 2790; x_wconf 91' lang='lat' dir='ltr'>B.</span> <span class='ocrx_word' id='word_1_186' title='bbox 514 2726 605 2804; x_wconf 85' lang='lat' dir='ltr'><strong><em>VII.;</em></strong></span> <span class='ocrx_word' id='word_1_187' title='bbox 644 2725 763 2806; x_wconf 88' lang='lat' dir='ltr'>Bauer,</span> <span class='ocrx_word' id='word_1_188' title='bbox 796 2725 867 2788; x_wconf 89' lang='lat' dir='ltr'>Das</span> <span class='ocrx_word' id='word_1_189' title='bbox 896 2747 1002 2810; x_wconf 69' lang='lat' dir='ltr'>grosse</span> <span class='ocrx_word' id='word_1_190' title='bbox 1034 2723 1159 2790; x_wconf 83' lang='lat' dir='ltr'>abandl.</span> <span class='ocrx_word' id='word_1_191' title='bbox 1192 2723 1331 2789; x_wconf 56' lang='lat' dir='ltr'>&amp;imma</span> <span class='ocrx_word' id='word_1_192' title='bbox 1356 2733 1397 2783; x_wconf 80' lang='lat' dir='ltr'>etr.</span> 
     </span>
     <span class='ocr_line' id='line_1_25' title="bbox 295 2817 1394 2908; baseline -0.006 -20"><span class='ocrx_word' id='word_1_193' title='bbox 295 2823 461 2905; x_wconf 80' lang='lat' dir='ltr'>(Laacher</span> <span class='ocrx_word' id='word_1_194' title='bbox 494 2824 657 2890; x_wconf 84' lang='lat' dir='ltr'>Stimmen</span> <span class='ocrx_word' id='word_1_195' title='bbox 695 2823 812 2908; x_wconf 79' lang='lat'><strong>1872);</strong></span> <span class='ocrx_word' id='word_1_196' title='bbox 851 2823 1111 2908; x_wconf 76' lang='lat' dir='ltr'>Hergenrtlther,</span> <span class='ocrx_word' id='word_1_197' title='bbox 1150 2824 1191 2887; x_wconf 91' lang='lat' dir='ltr'>K.</span> <span class='ocrx_word' id='word_1_198' title='bbox 1226 2821 1266 2887; x_wconf 76' lang='lat' dir='ltr'>G.</span> <span class='ocrx_word' id='word_1_199' title='bbox 1307 2821 1338 2886; x_wconf 84' lang='lat' dir='ltr'>T.</span> <span class='ocrx_word' id='word_1_200' title='bbox 1369 2817 1394 2880; x_wconf 93' lang='lat' dir='ltr'>ll</span> 
     </span>
     <span class='ocr_line' id='line_1_26' title="bbox 299 2919 1398 3008; baseline -0.007 -20"><span class='ocrx_word' id='word_1_201' title='bbox 299 2922 378 3008; x_wconf 85' lang='lat' dir='ltr'>Cap.</span> <span class='ocrx_word' id='word_1_202' title='bbox 403 2924 428 2988; x_wconf 88' lang='grc' dir='ltr'>Ι.</span> <span class='ocrx_word' id='word_1_203' title='bbox 453 2947 484 2986; x_wconf 85' lang='lat' dir='ltr'>a.</span> <span class='ocrx_word' id='word_1_204' title='bbox 510 2925 553 2986; x_wconf 79' lang='lat'>94</span> <span class='ocrx_word' id='word_1_205' title='bbox 577 2945 651 3008; x_wconf 70' lang='lat' dir='ltr'>sqq,</span> <span class='ocrx_word' id='word_1_206' title='bbox 679 2923 715 2986; x_wconf 89' lang='lat' dir='ltr'>T.</span> <span class='ocrx_word' id='word_1_207' title='bbox 732 2922 792 2984; x_wconf 88' lang='lat' dir='ltr'><em>III.</em></span> <span class='ocrx_word' id='word_1_208' title='bbox 812 2945 848 3007; x_wconf 77' lang='lat' dir='ltr'>p.</span> <span class='ocrx_word' id='word_1_209' title='bbox 874 2924 941 2987; x_wconf 83' lang='lat'>353</span> <span class='ocrx_word' id='word_1_210' title='bbox 964 2921 1029 3008; x_wconf 79' lang='lat' dir='ltr'>(cd.</span> <span class='ocrx_word' id='word_1_211' title='bbox 1044 2922 1085 3006; x_wconf 80' lang='lat' dir='ltr'>l.)</span> <span class='ocrx_word' id='word_1_212' title='bbox 1110 2931 1209 2985; x_wconf 86' lang='lat' dir='ltr'>notae</span> <span class='ocrx_word' id='word_1_213' title='bbox 1232 2919 1398 2984; x_wconf 78' lang='lat' dir='ltr'>litterariae.</span> 
     </span>
     <span class='ocr_line' id='line_1_27' title="bbox 298 3019 992 3084; baseline 0 0"><span class='ocrx_word' id='word_1_214' title='bbox 298 3019 356 3084; x_wconf 91' lang='lat' dir='ltr'>ubi</span> <span class='ocrx_word' id='word_1_215' title='bbox 381 3021 491 3084; x_wconf 89' lang='lat' dir='ltr'>varios</span> <span class='ocrx_word' id='word_1_216' title='bbox 515 3031 666 3084; x_wconf 86' lang='lat' dir='ltr'>auctores</span> <span class='ocrx_word' id='word_1_217' title='bbox 690 3021 807 3083; x_wconf 84' lang='lat' dir='ltr'>citatos</span> <span class='ocrx_word' id='word_1_218' title='bbox 831 3021 992 3084; x_wconf 86' lang='lat' dir='ltr'>invenies.</span> 
     </span>
    </p>
   </div>
   <div class='ocr_carea' id='block_1_6' title="bbox 545 3385 1178 3591">
    <p class='ocr_par' dir='ltr' id='par_1_6' title="bbox 545 3385 1178 3591">
     <span class='ocr_line' id='line_1_28' title="bbox 840 3385 875 3449; baseline 0.086 -3"><span class='ocrx_word' id='word_1_219' title='bbox 840 3385 875 3449; x_wconf 90' lang='lat'>1.</span> 
     </span>
     <span class='ocr_line' id='line_1_29' title="bbox 545 3522 1178 3591; baseline -0.009 -3"><span class='ocrx_word' id='word_1_220' title='bbox 545 3525 610 3588; x_wconf 84' lang='lat' dir='ltr'>De</span> <span class='ocrx_word' id='word_1_221' title='bbox 634 3525 905 3591; x_wconf 75' lang='lat' dir='ltr'>enalnatonc</span> <span class='ocrx_word' id='word_1_222' title='bbox 927 3522 1178 3589; x_wconf 79' lang='lat' dir='ltr'>schismatis.</span> 
     </span>
    </p>
   </div>
   <div class='ocr_carea' id='block_1_7' title="bbox 298 3695 1397 4277">
    <p class='ocr_par' dir='ltr' id='par_1_7' title="bbox 298 3695 1397 4277">
     <span class='ocr_line' id='line_1_30' title="bbox 389 3695 1395 3784; baseline -0.012 -18"><span class='ocrx_word' id='word_1_223' title='bbox 389 3703 420 3766; x_wconf 83' lang='lat'>5.</span> <span class='ocrx_word' id='word_1_224' title='bbox 462 3701 647 3766; x_wconf 87' lang='lat' dir='ltr'>Concilium</span> <span class='ocrx_word' id='word_1_225' title='bbox 673 3699 935 3782; x_wconf 84' lang='lat' dir='ltr'>Constantiense,</span> <span class='ocrx_word' id='word_1_226' title='bbox 969 3701 996 3763; x_wconf 89' lang='lat' dir='ltr'>si</span> <span class='ocrx_word' id='word_1_227' title='bbox 1020 3708 1149 3784; x_wconf 88' lang='lat' dir='ltr'>spectas</span> <span class='ocrx_word' id='word_1_228' title='bbox 1174 3695 1395 3761; x_wconf 82' lang='lat' dir='ltr'>multitudinem</span> 
     </span>
     <span class='ocr_line' id='line_1_31' title="bbox 298 3795 1397 3885; baseline -0.013 -22"><span class='ocrx_word' id='word_1_229' title='bbox 298 3821 413 3864; x_wconf 89' lang='lat' dir='ltr'>eorum</span> <span class='ocrx_word' id='word_1_230' title='bbox 438 3802 493 3885; x_wconf 90' lang='lat' dir='ltr'>qui</span> <span class='ocrx_word' id='word_1_231' title='bbox 520 3801 581 3884; x_wconf 92' lang='lat' dir='ltr'>ipsi</span> <span class='ocrx_word' id='word_1_232' title='bbox 607 3799 837 3880; x_wconf 86' lang='lat' dir='ltr'>interfuerunt,</span> <span class='ocrx_word' id='word_1_233' title='bbox 863 3807 993 3862; x_wconf 86' lang='lat' dir='ltr'>caetera</span> <span class='ocrx_word' id='word_1_234' title='bbox 1016 3798 1194 3882; x_wconf 89' lang='lat' dir='ltr'>superavit.</span> <span class='ocrx_word' id='word_1_235' title='bbox 1231 3795 1397 3859; x_wconf 84' lang='lat' dir='ltr'>Adfuernot</span> 
     </span>
     <span class='ocr_line' id='line_1_32' title="bbox 298 3889 1395 3982; baseline -0.007 -22"><span class='ocrx_word' id='word_1_236' title='bbox 298 3896 457 3960; x_wconf 86' lang='lat' dir='ltr'>videlicet</span> <span class='ocrx_word' id='word_1_237' title='bbox 488 3909 634 3982; x_wconf 86' lang='lat' dir='ltr'>temporo</span> <span class='ocrx_word' id='word_1_238' title='bbox 668 3899 835 3961; x_wconf 88' lang='lat' dir='ltr'>maximae</span> <span class='ocrx_word' id='word_1_239' title='bbox 866 3895 1071 3982; x_wconf 86' lang='lat' dir='ltr'>frequentiae</span> <span class='ocrx_word' id='word_1_240' title='bbox 1102 3905 1167 3958; x_wconf 87' lang='lat' dir='ltr'>tres</span> <span class='ocrx_word' id='word_1_241' title='bbox 1197 3889 1395 3958; x_wconf 76' lang='lat' dir='ltr'>Patriarchae.</span> 
     </span>
     <span class='ocr_line' id='line_1_33' title="bbox 301 3991 1394 4080; baseline -0.006 -24"><span class='ocrx_word' id='word_1_242' title='bbox 301 3996 421 4080; x_wconf 84' lang='lat' dir='ltr'>viginti</span> <span class='ocrx_word' id='word_1_243' title='bbox 436 4017 556 4059; x_wconf 84' lang='lat' dir='ltr'>novem</span> <span class='ocrx_word' id='word_1_244' title='bbox 569 3994 773 4074; x_wconf 88' lang='lat' dir='ltr'>Cardinales,</span> <span class='ocrx_word' id='word_1_245' title='bbox 790 3996 927 4079; x_wconf 87' lang='lat' dir='ltr'>triginta</span> <span class='ocrx_word' id='word_1_246' title='bbox 938 4003 1003 4057; x_wconf 86' lang='lat' dir='ltr'>tres</span> <span class='ocrx_word' id='word_1_247' title='bbox 1016 3991 1267 4078; x_wconf 84' lang='lat' dir='ltr'>archiepiscopi,</span> <span class='ocrx_word' id='word_1_248' title='bbox 1286 4001 1394 4054; x_wconf 87' lang='lat' dir='ltr'>centum</span> 
     </span>
     <span class='ocr_line' id='line_1_34' title="bbox 301 4085 1394 4178; baseline -0.008 -21"><span class='ocrx_word' id='word_1_249' title='bbox 301 4103 334 4157; x_wconf 85' lang='lat' dir='ltr'>et</span> <span class='ocrx_word' id='word_1_250' title='bbox 366 4095 608 4178; x_wconf 86' lang='lat' dir='ltr'>quinquaginta</span> <span class='ocrx_word' id='word_1_251' title='bbox 640 4094 772 4156; x_wconf 90' lang='lat' dir='ltr'>circiter</span> <span class='ocrx_word' id='word_1_252' title='bbox 801 4094 959 4178; x_wconf 89' lang='lat' dir='ltr'>episcopi,</span> <span class='ocrx_word' id='word_1_253' title='bbox 990 4090 1076 4154; x_wconf 86' lang='lat' dir='ltr'>ultra</span> <span class='ocrx_word' id='word_1_254' title='bbox 1107 4103 1238 4154; x_wconf 87' lang='lat' dir='ltr'>centnm</span> <span class='ocrx_word' id='word_1_255' title='bbox 1272 4085 1394 4152; x_wconf 72' lang='lat' dir='ltr'>abbates.</span> 
     </span>
     <span class='ocr_line' id='line_1_35' title="bbox 301 4187 1394 4277; baseline -0.009 -23"><span class='ocrx_word' id='word_1_256' title='bbox 301 4193 546 4277; x_wconf 85' lang='lat' dir='ltr'>quinquaginta</span> <span class='ocrx_word' id='word_1_257' title='bbox 562 4192 891 4277; x_wconf 86' lang='lat' dir='ltr'>circiterpraepositi,</span> <span class='ocrx_word' id='word_1_258' title='bbox 916 4190 1030 4254; x_wconf 80' lang='lat' dir='ltr'>atsere</span> <span class='ocrx_word' id='word_1_259' title='bbox 1046 4200 1097 4253; x_wconf 87' lang='lat' dir='ltr'>ter</span> <span class='ocrx_word' id='word_1_260' title='bbox 1113 4200 1242 4253; x_wconf 87' lang='lat' dir='ltr'>centum</span> <span class='ocrx_word' id='word_1_261' title='bbox 1261 4187 1394 4250; x_wconf 75' lang='lat' dir='ltr'>doctores.</span> 
     </span>
    </p>
   </div>
   <div class='ocr_carea' id='block_1_8' title="bbox 0 0 1445 4844">
    <p class='ocr_par' dir='ltr' id='par_1_8' title="bbox 0 0 1445 4844">
     <span class='ocr_line' id='line_1_36' title="bbox 0 0 1445 4844; baseline 0 0"><span class='ocrx_word' id='word_1_262' title='bbox 0 0 1445 4844; x_wconf 95' lang='lat' dir='ltr'> </span> 
     </span>
    </p>
   </div>
  </div>
 </body>
</html>
