2964 4838
307 451 364 506 tos
490 451 616 508 XXXVI.
638 451 677 504 De
696 457 772 504 statu
791 449 929 506 Ecclesiae
948 457 1081 519 vergente
1100 450 1173 506 Saea
1193 451 1254 511 XV.

308 595 373 660 Hic
396 605 530 682 propter
554 595 643 658 vitae
668 595 903 677 integritatem,
935 596 1094 660 eximiam
1129 595 1418 681 prudentiamque

307 691 495 758 Ecclesiam
518 691 730 777 gubernavit,
755 702 789 756 et
811 693 1050 778 protectionem
1076 695 1224 758 virorum
1249 692 1418 774 doctorum,
1460 727 1461 760 l

307 813 461 876 magnam
488 789 551 858 sibi
577 791 698 854 meruit
720 789 809 875 apud
839 801 1037 856 coaetaneos
1060 801 1093 854 et
1116 801 1265 876 posteros
1283 789 1412 854 landem.

305 889 438 954 Aeneas
462 887 598 972 Sylvius
630 889 677 952 ita
707 887 749 952 de
780 891 851 974 ipso
885 887 1015 952 scribit:
1049 889 1208 954 Nicolaas
1238 889 1274 969 l',
1302 889 1414 952 autom

309 988 429 1050 Tuscus
444 1009 485 1052 ec
500 986 619 1073 oppido
633 984 822 1072 senonen)
840 996 937 1072 putre
951 986 1082 1064 eradico,
1097 985 1270 1074 {leolcpiea
1285 985 1415 1050 maana

305 1084 444 1148 illustris
482 1093 512 1148 et
548 1085 633 1148 omui
660 1083 767 1169 ferrae
806 1085 1008 1148 condamm
1036 1077 1157 1171 pestere
1175 1087 1321 1171 insignis,
1354 1095 1416 1168 port

305 1181 480 1267 Especiam
503 1183 539 1246 ia
554 1183 643 1246 Petri
665 1182 848 1246 cathedram
862 1180 1009 1268 suffectae
1025 1191 1079 1259 est,
1103 1183 1159 1268 qai
1167 1184 1287 1269 porscia
1296 1179 1416 1262 (tribas)

305 1288 378 1342 ante
394 1277 550 1344 mensibus
567 1278 814 1344 Cardinalntcm
829 1303 923 1366 mum
940 1280 1029 1366 opud
1044 1277 1221 1346 Gemoaos
1241 1279 1416 1366 tepescam

304 1377 429 1455 obisset,
454 1399 511 1442 aec
534 1379 591 1442 diu
601 1379 697 1464 priua
712 1380 928 1465 episcopatum
944 1379 1174 1447 Boaoaieraaem
1197 1387 1368 1462 occeperat
1384 1411 1413 1422 -

304 1475 504 1559 Legationes
527 1475 638 1561 plures
661 1475 705 1540 ad
721 1475 907 1542 Germanos
931 1477 1111 1562 praecipue
1132 1475 1232 1540 simul
1258 1497 1336 1540 cum
1359 1476 1417 1558 ipso
1461 1521 1462 1530 η

305 1573 420 1636 Aenea
433 1572 548 1657 Sylvio
564 1573 711 1638 Thomas
734 1595 794 1658 pro
807 1575 959 1658 Eugenio
984 1583 1185 1659 susceperat,
1210 1583 1245 1638 et
1257 1573 1301 1638 ad
1316 1591 1415 1657 pacem

304 1691 380 1734 cum
405 1668 582 1735 Germanis
605 1671 843 1736 restituendam
869 1671 1010 1736 multum
1033 1670 1305 1738 adlaboraverat
1334 1667 1416 1734 Unde

305 1769 462 1832 convenit
485 1767 540 1834 bic
563 1770 708 1854 primum
733 1790 992 1834 commemorare
1013 1769 1275 1849 Concordatnm,
1301 1765 1418 1854 quoda

304 1865 440 1932 Nicolao
466 1867 496 1930 V
529 1887 607 1932 mox
637 1889 667 1932 a.
703 1867 788 1932 1448
819 1889 896 1930 cum
930 1865 1139 1953 principibus
1162 1864 1367 1932 Germaniae
1393 1875 1416 1924 st

303 1963 507 2048 Imperatore
523 1963 715 2030 conclusum
733 1975 791 2047 est,
816 1964 971 2051 quodque
982 1966 1166 2048 generatim
1180 1961 1414 2028 Concordatun

303 2059 618 2146 Sclrafnaburgense
641 2061 764 2126 dicitnr
780 2063 807 2147 ²)

392 2162 425 2225 4.
473 2159 585 2240 Quum
615 2159 772 2225 videlicet
794 2159 967 2245 eugenius
991 2159 1050 2240 IV,
1085 2161 1133 2224 uti
1163 2159 1327 2236 vidimus,
1357 2179 1412 2222 oon-

202 2251 284 2342 ”,⁸,{'¹‘'
304 2259 464 2341 cessisset,
505 2269 541 2323 ut
569 2257 702 2322 decreta
726 2257 941 2340 Basileensia,
977 2259 1064 2322 sicut
1093 2280 1133 2322 ea
1157 2278 1233 2322 cum
1261 2257 1361 2320 certis
1381 2277 1415 2318 re

303 2355 530 2419 strictioribus
545 2356 756 2422 aGermanis
779 2355 910 2425 fuerant
932 2365 1116 2442 acceptata,
1141 2355 1270 2420 servari
1288 2366 1416 2440 possent.

303 2452 409 2516 donec
433 2453 475 2517 do
499 2453 540 2518 iis
563 2453 662 2518 rebus
687 2453 934 2520 Concordatum
967 2453 1093 2520 factum
1125 2464 1211 2518 esset
1234 2455 1327 2518 inter
1350 2450 1415 2514 Pon-

301 2551 425 2614 ¹tilicem
450 2560 483 2614 et
506 2552 674 2616 nationem
700 2551 946 2631 Germanicam,
971 2549 1175 2616 NicolausV
1200 2549 1246 2614 ad
1272 2545 1417 2624 resilias,

301 2669 387 2734 quae
421 2648 465 2712 ad
499 2648 738 2715 beneficiorum
774 2651 1031 2733 reservationes,
1071 2659 1226 2728 annates,
1269 2659 1416 2730 laxasque
1463 2681 1464 2736 3

302 2744 507 2831 spectabant,
532 2747 790 2832 componendas,
815 2746 941 2832 legavit
956 2746 1169 2812 Cardinalem
1192 2746 1363 2812 loannem
1383 2741 1417 2806 dc

302 2841 456 2928 Carvajal
480 2844 524 2908 ad
540 2844 684 2912 diaetam
709 2867 768 2910 seu
792 2847 927 2911 comitia
943 2845 1189 2930 Scbafnabnrgi
1216 2853 1416 2930 confflegeta

300 2940 357 3006 ubi
383 2942 469 3006 inter
491 2940 637 3026 legatum
650 2942 880 3028 Apostolicum
906 2953 940 3007 et
955 2943 1090 3029 Imperii
1115 2945 1291 3028 principes
1315 2941 1356 3006 de
1375 2937 1418 3002 bis

301 3040 478 3103 convenit:
512 3040 549 3104 1⁰
572 3040 618 3105 Ut
641 3039 719 3106 Sodi
745 3040 958 3126 Apostolicae
991 3051 1160 3106 reservata
1183 3052 1275 3106 esset
1298 3037 1417 3104 collatio

300 3159 358 3200 seu
391 3139 537 3222 provisio
569 3140 718 3204 omnium
755 3138 1010 3220 beneficiorum,
1049 3161 1190 3226 qnorum
1225 3155 1418 3224 possessores

301 3239 553 3300 morerenturin
567 3237 717 3302 Romana
732 3235 834 3303 Curia
858 3248 891 3302 et
915 3239 949 3303 in
975 3238 1102 3302 itineris
1127 3237 1272 3303 duorum
1298 3237 1415 3302 dierum

300 3334 460 3414 circuitu3
498 3336 576 3398 item
617 3355 729 3398 eorum
771 3337 920 3400 omnium
956 3357 1042 3422 quae
1077 3357 1136 3421 per
1171 3333 1415 3421 depositionem.

299 3430 558 3504 translationem.
597 3432 855 3515 abdicationem,
895 3432 1067 3498 electionis
1105 3443 1163 3497 ant
1193 3431 1418 3518 postulationis

299 3530 528 3594 rescissionem
553 3554 573 3596 a
597 3530 759 3596 Pontilice
782 3531 907 3597 factam
931 3533 1137 3596 vacaverint.
1184 3531 1223 3594 2⁰
1255 3530 1304 3596 Ut
1334 3539 1415 3594 extre

300 3627 359 3691 hos
376 3649 472 3691 casus
491 3630 639 3714 episcopi
663 3640 696 3692 et
719 3628 858 3694 abbates
882 3628 1084 3714 eligerentur
1106 3651 1126 3694 a
1150 3628 1318 3713 capitulis,
1343 3627 1414 3689 Pon·

298 3725 381 3788 tifex
405 3746 482 3792 vero
507 3725 695 3807 electiones,
720 3726 819 3791 modo
844 3729 1004 3792 canonice
1025 3726 1132 3791 factae
1148 3726 1283 3808 inerint,
1308 3721 1414 3790 contir-

299 3835 413 3906 maret,
445 3827 501 3910 qui
536 3827 635 3890 etiam
668 3847 686 3888 e
718 3825 908 3891 rationabili
940 3834 973 3890 et
1005 3824 1153 3890 evidenti
1185 3845 1289 3888 cansa
1320 3822 1417 3886 electo

373 3986 394 4052 ¹)
413 3985 516 4038 Nomen
535 3983 594 4052 ejus
613 3989 673 4038 erat
692 3999 790 4039 revera
800 3983 916 4038 Thomas
929 3981 1112 4038 Parentncelli
1131 3988 1160 4038 ct
1172 3979 1252 4036 Pisae
1272 3987 1354 4035 natas
1371 3987 1414 4033 est.

298 4065 344 4118 sed
357 4065 550 4119 nominabatur
559 4063 676 4118 Thomas
689 4063 722 4118 de
731 4065 859 4128 Sarrana,
878 4063 950 4118 unde
963 4070 1051 4118 mater
1069 4063 1126 4132 ejus
1139 4061 1273 4130 originem
1287 4059 1411 4114 transtu.

370 4153 395 4220 ²)
414 4153 538 4208 Viennae
550 4153 579 4207 in
593 4153 707 4208 Austris
725 4159 817 4208 tamen
836 4152 984 4221 perlectum
1004 4159 1062 4220 est3
1080 4151 1284 4221 praeliminaria
1296 4147 1415 4204 &bain-

299 4233 379 4300 burgi
398 4233 549 4287 constituta
569 4241 656 4288 eraut.
