3000 4838
150 1435 287 1478 Pontificum

159 1500 283 1540 aucterltu

184 1565 258 1603 ariste.

316 435 351 489 20
512 433 617 488 XXIII.
636 433 677 489 De
695 441 769 488 statu
789 434 889 489 Eccles.
908 433 992 503 priori
1010 433 1097 488 medIo
1115 449 1184 487 saec.
1203 433 1265 487 XII.

314 586 414 662 atque
438 586 507 642 tum
532 579 567 641 in
591 577 744 642 infaustis
772 576 949 642 eventibus
979 577 1090 663 quoad
1119 576 1202 642 baec
1232 576 1329 658 bella,
1365 587 1435 642 tum

315 677 350 740 in
373 673 537 740 similibus
572 674 704 740 casibus
737 677 851 762 quiin
876 674 1047 740 Ecclesiae
1079 675 1215 740 historia
1239 677 1362 761 passIm
1385 697 1435 740 oc

315 784 460 855 currunt,
493 774 639 858 insignes
663 782 695 837 et
718 775 823 838 sancti
848 775 911 838 viri
937 783 1145 855 censuerunt,
1180 772 1297 858 eulpae
1333 773 1435 838 hemi-

312 892 393 934 num
417 893 554 955 magnas
577 881 686 957 partes
709 871 903 936 tribuendas
927 893 1009 936 esse.

843 1116 902 1179 11.

508 1265 574 1328 De
597 1265 831 1330 conditione
855 1267 948 1331 BR.
973 1265 1232 1347 Pontificem.

400 1415 452 1480 25.
505 1412 656 1498 Gregorii
689 1413 756 1477 Vll
796 1425 829 1477 et
858 1435 1085 1478 successorum
1123 1414 1194 1500 ejus
1230 1415 1352 1477 virtute
1394 1438 1432 1479 ac

310 1515 497 1577 constantia
533 1514 567 1577 in
603 1511 823 1596 reprimendis
859 1510 1019 1576 abusibus
1059 1512 1220 1576 simoniae
1258 1520 1291 1575 et
1332 1511 1430 1577 clero-

309 1612 449 1694 gamiae,
475 1621 508 1675 et
530 1612 563 1674 in
589 1608 796 1674 vindicanda
819 1609 971 1674 libertate
988 1607 1168 1692 Ecclesiae,
1193 1611 1376 1674 universim
1398 1612 1430 1674 in

309 1709 464 1771 societate
502 1706 684 1772 christiana
720 1707 784 1770 hac
821 1715 929 1772 aetate
969 1707 1193 1772 Romanorum
1232 1707 1431 1772 Pontificum

307 1807 486 1869 auctoritas
509 1804 711 1891 amplificata
735 1815 785 1868 est
809 1827 848 1868 ac
874 1806 1044 1868 veneratio
1068 1813 1176 1870 aucta.
1224 1803 1373 1870 Contulit
1397 1808 1431 1871 in

306 1900 397 1966 hunc
420 1903 574 1968 effectum
598 1904 697 1966 etiam
721 1923 786 1967 non
808 1902 986 1983 modicum,
1013 1904 1060 1966 uti
1080 1902 1151 1987 jam
1169 1904 1349 1985 innuimus,
1376 1927 1431 1968 ex·

306 2000 429 2086 peditio
453 1999 509 2064 illa
531 2022 624 2064 sacra
648 1999 960 2084 Hierosolymitana,
986 2000 1081 2086 cujus
1104 2011 1255 2064 auctores
1282 2004 1430 2066 maxime

305 2099 439 2162 fuerunt
461 2099 656 2179 Pontifices3
692 2120 863 2184 quumque
894 2099 1062 2182 negotium
1086 2097 1208 2162 Terrae
1239 2108 1374 2164 sanctae
1399 2110 1430 2164 et

304 2195 426 2260 bellum
450 2217 581 2260 sacrum
605 2195 687 2260 adeo
712 2195 859 2260 fidelium
884 2198 1015 2260 animos
1040 2205 1251 2281 occuparent,
1286 2196 1427 2262 Romani

305 2314 383 2357 vero
407 2293 586 2358 Pontifices
609 2293 713 2358 veluti
740 2293 838 2358 cardo
863 2304 972 2360 essent
995 2295 1084 2358 circa
1107 2315 1205 2380 quem
1229 2295 1341 2359 omnia
1366 2295 1429 2360 hac

305 2392 340 2456 in
363 2391 638 2474 revertebantur,
664 2391 734 2458 fieri
759 2415 825 2456 non
849 2393 965 2477 potuit,
991 2394 1071 2478 quin
1096 2413 1201 2456 nexus
1225 2413 1358 2478 quoque
1382 2395 1429 2459 in·

304 2489 451 2553 timiores
475 2500 507 2554 et
530 2490 727 2576 multiplices
751 2491 893 2555 fiduciae
917 2513 956 2555 ao
979 2493 1185 2556 reverentiae
1210 2490 1288 2555 inde
1312 2515 1430 2578 prove·

286 2589 423 2653 ,nirent
441 2627 482 2636 —
501 2587 566 2653 Sed
591 2591 745 2675 quamvis
770 2589 904 2654 moralis
927 2598 1070 2674 potestas
1094 2599 1126 2653 et
1150 2590 1327 2653 auctoritas
1343 2589 1427 2654 Pon·

302 2685 430 2749 tifieum
455 2685 517 2750 hoc
540 2695 688 2772 tempere
712 2687 791 2751 satis
815 2696 1023 2771 augerentur,
1049 2689 1083 2751 in
1099 2709 1157 2751 sua
1172 2686 1297 2751 ditione
1313 2697 1429 2754 tamen

303 2781 415 2848 multis
448 2785 511 2870 ipsi
535 2786 648 2848 vexati
682 2794 759 2848 sunt
789 2783 1042 2850 difficultatibus
1073 2794 1105 2849 et
1136 2782 1300 2871 periculis.
1348 2786 1428 2851 Janr

302 2881 459 2963 vidimus,
498 2884 645 2947 maxima
668 2882 769 2947 fuisse
793 2883 987 2948 discrimina
1010 2882 1139 2948 Urbani
1163 2881 1196 2946 II
1229 2893 1262 2946 et
1284 2883 1426 2948 Pascha·

300 2979 342 3043 lis
366 2981 410 3059 Il,
436 3002 538 3066 quum
562 2982 740 3066 antipapae
768 2982 802 3045 in
827 2982 899 3066 ipsa
922 2980 1020 3044 Italia
1043 2990 1140 3066 atque
1165 2983 1199 3045 in
1215 2981 1362 3068 dominio
1388 2982 1428 3046 B.

300 3077 389 3140 Petri
414 3098 547 3140 saevam
569 3078 694 3142 luctam
719 3087 832 3142 contra
856 3100 911 3143 eos
935 3081 1176 3160 continuarent,
1202 3078 1427 3164 Imperatores

301 3197 379 3238 vero
403 3177 526 3260 pariter
549 3176 591 3240 ob
624 3178 882 3240 controversiam
915 3176 956 3240 de
979 3176 1190 3241 Investituris
1215 3198 1425 3263 summopere

301 3273 389 3357 ipsos
412 3283 608 3358 premerent.

389 3413 441 3480 26.
490 3413 574 3478 Cum
606 3436 702 3500 porro
725 3415 968 3500 Imperatorum
992 3416 1170 3479 auctoritas
1193 3427 1327 3503 propter
1349 3418 1424 3482 lites

299 3509 371 3575 illas
404 3511 578 3576 diuturnas
608 3512 697 3598 apud
721 3512 887 3578 Romanos
918 3512 1098 3576 admodum
1130 3513 1295 3578 diminuta
1326 3527 1421 3598 esset,

300 3631 361 3673 nee
385 3611 447 3696 ipsi
472 3631 530 3696 pro
555 3631 690 3673 munere
715 3631 772 3674 suo
798 3609 1017 3675 Pontificibus
1048 3633 1108 3676 sua
1132 3613 1335 3697 protectione
1366 3614 1421 3677 ad·

299 3717 416 3788 essent,
441 3707 565 3773 Romae
589 3707 750 3772 nobilium
774 3707 936 3772 factiones
960 3729 1064 3772 novas
1080 3711 1168 3772 vires
1182 3712 1420 3795 acquisierunt,

298 3813 331 3867 et
361 3803 558 3886 identidem,
591 3807 783 3891 praesertim
815 3807 850 3870 in
875 3805 1035 3870 electione
1059 3807 1273 3888 Pontificum,
1304 3809 1423 3873 turbas

298 3903 495 3967 excitarunt.
527 3903 692 3984 Vidimus,
717 3925 816 3990 quam
841 3906 994 3968 atrociter
1017 3903 1172 3969 Gelasius
1195 3905 1230 3968 ΙΙ
1253 3928 1273 3970 a
1294 3906 1420 3971 Cencio

298 3998 503 4086 Frangipani
542 4001 678 4087 ejusque
719 4002 917 4087 sequacibus
956 4011 1098 4066 vexatus
1142 4003 1251 4068 fuerit.
1305 4002 1418 4070 Etiam

297 4105 366 4181 post
401 4107 538 4162 mortem
565 4097 685 4164 Calixti
709 4098 745 4163 Il
777 4101 859 4163 istae
888 4122 1060 4185 procerum
1094 4101 1317 4164 Romanorum
1350 4111 1418 4166 ten-

298 4194 429 4260 dentiae
480 4196 692 4261 difficultates
735 4207 906 4279 crearunt,
962 4198 1104 4284 indeque
1149 4221 1270 4284 magna
1324 4211 1418 4284 parte
