2868 4844
150 1333 239 1374 saraae
254 1335 292 1376 de·

164 1399 279 1437 iectionis.

314 483 367 536 258
546 483 677 536 XXXIII,
696 484 736 535 De
754 499 854 550 magno
873 482 1025 537 Occidentis
1044 483 1196 537 schismate.

314 625 508 690 electionem
537 624 667 690 Urbani
703 647 769 690 non
806 647 875 690 esse
910 625 1107 710 legitimam,
1148 627 1284 712 Indigna
1311 627 1406 690 fuisset¹

314 722 486 787 comoedia
517 744 589 786 eam
622 723 812 787 adscribere
845 726 1054 808 inspirationi
1079 725 1227 810 Spiritus·
1249 727 1349 804 sancti,
1372 741 1392 786 ct

312 831 380 884 tam
406 821 581 904 magnifico
606 821 647 885 de
672 821 808 886 Urbano
831 820 931 907 loqui.
965 821 1159 887 Cardinales
1185 823 1406 888 Arenioncnsa,

312 921 436 1004 pariter
460 919 634 984 Urbanum
658 929 876 1004 agnoverunt.
908 921 1128 1006 Episcopatus
1152 931 1185 986 ot
1208 920 1287 985 alias
1305 923 1406 1005 gratis,

314 1015 507 1081 Cardinales
538 1017 580 1080 ab
614 1016 750 1081 Urbano
783 1017 1008 1103 accipiebant,
1040 1039 1167 1082 sacram
1200 1019 1392 1083 cucharistiam

312 1136 354 1177 ex
378 1113 449 1200 ejus
473 1135 574 1178 manu
598 1113 834 1199 suscipiebant,
858 1127 891 1179 et
906 1118 939 1179 in
957 1114 1160 1180 solemnibus
1176 1118 1269 1181 festis
1284 1139 1318 1179 cx
1332 1133 1406 1178 more*

311 1213 340 1275 ci
366 1212 608 1278 ministrabant.

402 1319 453 1384 19.
479 1317 579 1382 Haud
597 1320 643 1382 ita
656 1317 753 1383 facile
769 1329 819 1383 est
833 1321 985 1383 invenire
1002 1341 1091 1383 coroa
1109 1319 1293 1405 defectionis
1305 1311 1406 1382 camna

312 1425 344 1480 et
360 1427 514 1480 accurate
527 1425 629 1480 totam
644 1419 762 1480 seriem
774 1419 952 1481 tristissimi
968 1417 1054 1480 illius
1071 1428 1211 1481 eventus
1227 1415 1406 1502 cognosceris

310 1512 412 1577 Plura
443 1517 648 1579 concurrisse
682 1514 849 1596 videntur,
885 1537 970 1601 quae
1004 1518 1146 1579 breviter
1179 1519 1350 1580 innuamus.
1370 1551 1394 1558 —

311 1611 435 1698 Aliqua
451 1613 613 1698 oppositio
632 1611 709 1676 inde
725 1612 768 1676 ab
783 1615 877 1677 Initio
893 1615 1052 1677 remansit
1066 1615 1102 1676 in
1119 1612 1253 1677 castello
1271 1636 1293 1676 s.
1308 1609 1393 1694 Augei

312 1721 470 1796 exparte
501 1709 668 1774 castellani
694 1711 783 1774 Petri
809 1711 978 1794 Rostagni.
1025 1711 1093 1796 lpsi
1124 1733 1167 1774 ex
1196 1721 1287 1795 parte
1309 1709 1395 1790 Greco-

310 1811 351 1873 rii
376 1809 438 1887 XI,
465 1810 510 1871 uti
535 1808 710 1890 asserebat,
743 1809 935 1873 mandatum
961 1819 1041 1889 crat,
1073 1831 1114 1872 nc
1138 1807 1305 1872 castellum
1326 1807 1394 1870 alieri

311 1907 455 1971 traderet
483 1909 553 1969 sine
578 1929 742 1971 consensu
767 1905 994 1972 Cardinalium
1028 1909 1083 1993 qui
1107 1907 1283 1971 Avenione
1305 1927 1394 1968 renon-

311 2015 431 2069 serant.
478 2005 567 2068 Hinc
591 2004 697 2068 noluit
719 2005 856 2070 Urbano
880 2027 989 2070 arcem
1016 2007 1111 2068 istam
1135 2005 1276 2085 tradere,
1306 2003 1353 2066 sed
1370 1999 1395 2063 al

311 2127 368 2166 sex
394 2101 588 2166 Cardinales
612 2103 863 2167 Avenionenses
887 2106 978 2166 misit
1001 2101 1183 2188 epistolam,
1217 2103 1250 2167 in
1274 2125 1333 2187 qna
1358 2101 1395 2161 hr-

311 2201 352 2264 cle
376 2224 410 2262 re
435 2221 490 2263 eos
514 2200 688 2284 consuluit,
714 2200 811 2264 simul
835 2201 980 2281 edicens,
1005 2199 1068 2264 sibi
1093 2199 1287 2265 electionem
1303 2197 1396 2264 Urbani

311 2309 444 2384 propter
468 2308 592 2361 metum
615 2299 785 2363 incussum
809 2319 876 2362 non
892 2299 998 2362 videri
1016 2297 1208 2382 legitimam.
1239 2295 1398 2362 Cardinala

312 2407 422 2458 tamen
440 2397 470 2458 ci
487 2397 700 2480 scripserunt,
725 2409 762 2460 ut
777 2395 948 2460 castellum
963 2397 1125 2469 traderet:
1151 2397 1209 2460 scd
1229 2399 1297 2481 ipse
1316 2393 1400 2458 noluit.

311 2503 344 2556 et
368 2493 449 2558 illud
474 2496 508 2557 in
533 2517 592 2558 sua
615 2497 752 2558 retinuit
777 2496 992 2579 possessione.
1040 2493 1138 2558 Unde
1163 2493 1210 2556 ibi
1240 2493 1330 2557 facile
1351 2513 1398 2552 ccc-

311 2602 397 2655 trum
423 2591 557 2676 aliquod
582 2593 799 2678 oppositionis
822 2593 878 2677 figi
895 2601 1032 2677 poterat.
1058 2630 1100 2638 —
1125 2591 1400 2676 cardinalespora

311 2689 468 2754 videntur
491 2713 649 2775 sperasse,
675 2691 858 2771 Urbanum,
884 2691 1030 2754 moribus
1055 2688 1225 2754 Gallorum
1251 2689 1401 2754 addictum.

311 2811 520 2853 reversurum
545 2811 614 2853 esse
639 2789 865 2860 Avenionem;
896 2788 953 2852 sed
979 2789 1049 2873 ipse
1072 2797 1206 2871 rogatus
1230 2789 1272 2851 ab
1295 2789 1337 2850 eis
1356 2804 1401 2847 ou·

311 2889 390 2950 nino
415 2887 448 2950 id
472 2889 679 2970 recusavit.¹)
728 2889 857 2964 Aetolici,
882 2885 998 2950 scribit
1020 2885 1166 2950 Thomas
1191 2883 1297 2960 Petra,
1327 2879 1406 2962 cccc,

306 3009 369 3071 per
393 2987 563 3049 Dominam
585 2997 727 3049 nostrum
749 2986 962 3071 praedictum,
997 2983 1080 3070 quod
1112 2982 1276 3047 discordia
1304 2979 1400 3044 {Illac

312 3095 384 3148 triac
402 3082 623 3147 Cardiaolc'am
638 3083 719 3168 fuit,
744 3085 819 3167 quio
842 3081 1043 3168 rcqctc'robaat
1065 3103 1133 3145 eam
1157 3081 1241 3167 quod
1263 3082 1320 3144 c'rot
1340 3077 1401 3138 altro

311 3191 439 3261 montes,
471 3192 499 3244 ot
522 3184 590 3268 ipsc
609 3183 740 3268 peniteas
763 3181 960 3260 recasavw)
985 3217 1028 3227 —-
1052 3178 1187 3263 Optime
1211 3177 1338 3264 quidem
1358 3171 1406 3238 liar-l

311 3282 345 3343 in
381 3301 415 3342 re
450 3277 545 3354 fecit;
585 3279 642 3343 sed
678 3301 754 3343 eum
788 3277 963 3344 insolentia
995 3277 1140 3364 quadam
1174 3275 1363 3362 imprudenti
1382 3266 1406 3332 ul

312 3377 433 3441 duritie
465 3375 584 3440 multos
616 3377 791 3442 offendisse
831 3379 943 3461 negari
978 3397 1043 3439 non
1075 3386 1193 3461 potest.
1238 3375 1300 3438 Die
1333 3371 1399 3434 lirare

310 3475 492 3553 Paccbotc's,
536 3476 652 3540 scribit
689 3475 932 3556 Theodericus,
982 3475 1017 3537 ia
1054 3473 1180 3561 capella
1217 3473 1339 3561 majori,
1372 3490 1402 3526 rr

304 3584 485 3660 praesecto,
509 3575 577 3661 ipsc
609 3573 756 3638 Urbanas
775 3573 902 3659 publice
926 3575 1044 3659 incepit
1066 3575 1231 3658 increpare
1256 3569 1401 3656 opiscopus

311 3671 456 3759 petillio
478 3683 638 3750 venerant,
669 3672 811 3749 dicendo,
843 3672 926 3756 quod
950 3693 1053 3734 omncs
1077 3679 1179 3734 essent
1195 3669 1328 3758 perjuri,
1348 3664 1401 3748 orsi

313 3768 459 3833 ccclesias
476 3795 551 3834 scos
567 3771 745 3834 desererent
764 3771 799 3832 c'a
815 3771 905 3834 caria
919 3767 1096 3832 residendo.
1123 3818 1131 3832 .
1150 3819 1156 3833 .
1174 3816 1182 3831 .
1206 3765 1406 3856 subsequenti}

313 3879 416 3932 autem
448 3869 499 3932 die
533 3869 627 3932 lanae
654 3867 833 3931 immediato
858 3877 935 3954 post
958 3867 1126 3930 secandam
1149 3863 1330 3928 dominicam
1350 3857 1406 3944 pcr'l

311 3966 435 4028 Pacclro
446 3968 674 4052 ipseDomc'aus
685 3965 831 4030 Urbanus
844 3965 975 4029 tenendo
987 3963 1146 4050 publicu-ra
1157 3963 1391 4026 consistorium...

311 4101 524 4112 --—..-....-

389 4183 409 4245 ¹)
428 4179 461 4236 V.
475 4179 646 4246 Raynaldum
665 4195 688 4236 a,
711 4179 824 4235 137811.
843 4180 892 4245 243
911 4177 1003 4230 Balut.
1023 4177 1055 4230 V.
1074 4176 1104 4232 P.
1124 4177 1146 4230 I.
1166 4177 1224 4232 994.
1245 4175 1319 4230 las.

385 4258 408 4330 ²)
427 4261 478 4328 Ap.
496 4259 597 4323 Balut,
616 4259 648 4318 v,
669 4259 698 4316 Ρ,
719 4258 754 4316 ΙΙ,
774 4274 798 4326 p,
820 4259 898 4312 1222.
