2850 4834
306 443 358 498 176
448 399 460 418 '
502 443 616 499 XXXII.
635 443 675 496 De
694 443 871 498 Pontificibus
890 444 1030 499 Avenione
1048 445 1230 500 commoratio.

137 592 278 635 0⁰1²³²¹t¹²t¹⁰
302 587 467 652 meritoria
491 598 537 651 est
561 597 590 650 et
612 597 741 651 sancta:
767 611 860 673 quom
882 598 913 652 ot
940 586 1093 667 Christus,
1116 589 1203 653 mam
1221 588 1416 675 perfeetionis

172 653 241 697 Μ
303 685 478 764 ostendens,
502 683 594 748 uerbo
619 684 727 750 docuit
749 696 779 750 ct
802 685 945 773 exemplo
963 686 1126 771 firmauit:
1153 709 1305 772 quamqm
1324 688 1416 780 primi}

293 783 492 868 fundatores
506 781 676 847 militantis
690 782 852 848 Ecclesiae
869 795 970 871 prout
992 784 1034 847 ab
1049 787 1120 872 ipso
1135 785 1232 871 fonto
1246 785 1416 861 bosemont-,t

300 881 439 945 uolentes
463 881 605 967 perfecte
637 883 740 946 uiuere
765 906 828 969 per
855 883 1019 947 doctrinae
1050 893 1080 946 et
1110 885 1196 948 sitae
1220 884 1359 970 exemplo
1380 885 1416 944 iu

301 1001 353 1042 eos
383 980 579 1043 derivarunt.
627 979 696 1043 Nec
727 981 775 1044 bis
803 982 967 1066 quisquam
986 991 1078 1067 putet
1101 979 1252 1046 obsistere
1276 981 1351 1068 quod
1370 983 1404 1044 iu-

301 1076 423 1141 terdum
457 1077 576 1141 dicitur
608 1077 727 1143 loculos
760 1078 925 1144 babuisse:
962 1101 1038 1142 nom
1071 1081 1118 1142 sic
1147 1079 1245 1143 Jcsus
1273 1077 1416 1158 otricus„

299 1180 388 1264 cujus
405 1175 554 1262 perfecta
577 1186 649 1239 srmt
678 1199 786 1262 opera,
816 1179 852 1240 in
880 1177 946 1240 suis
969 1176 1090 1241 actibus
1113 1179 1198 1240 mam
1215 1176 1416 1262 perfectionis}

299 1276 449 1353 emarcuit,
474 1274 558 1360 qaod
580 1275 739 1338 interdum
762 1273 1019 1361 imperfectorum
1041 1275 1332 1361 imperfectionibus
1353 1269 1416 1362 sori

299 1372 499 1451 descendens,
525 1375 661 1437 etaiam
681 1373 890 1460 perfectionis
914 1372 1093 1451 extolleret,
1118 1385 1148 1436 et
1170 1373 1416 1464 imperfectomut

297 1469 441 1554 infirmas
479 1472 607 1535 semitas
642 1493 707 1534 non
743 1471 927 1534 damnaret:
965 1473 1010 1535 sic
1041 1471 1237 1556 infirmorum
1267 1473 1416 1562 personas}

302 1566 448 1632 Christus
471 1571 608 1654 antecepit
623 1569 658 1632 in
675 1566 804 1633 loculis:
828 1570 873 1632 sic
896 1580 927 1632 et
949 1570 985 1632 in
1007 1568 1172 1632 nonnullis
1196 1568 1278 1633 aliis
1299 1567 1416 1652 intimat

296 1667 450 1730 humanae
474 1668 581 1730 earnis
605 1689 766 1731 assumens
789 1665 899 1752 (prout
922 1667 1104 1752 ooanpelica
1124 1677 1263 1730 testatur
1277 1668 1396 1748 historin,

296 1787 359 1828 non
375 1775 496 1828 tantum
519 1787 624 1842 corne,
649 1765 704 1828 sed
728 1776 757 1829 ct
780 1777 880 1829 niente
904 1765 1124 1829 condescendit
1146 1765 1294 1847 infimis.
1325 1765 1404 1828 Fran·

297 1863 447 1926 ciscanos
472 1884 567 1946 porro
593 1862 739 1927 declarat
762 1864 917 1927 Pontifex
945 1885 1056 1927 rerum
1081 1862 1238 1928 advitae
1265 1873 1406 1926 sustenta-

295 1963 420 2024 tionem
444 1963 707 2025 necessariarum
731 1961 854 2026 habere
877 1983 993 2041 usum;
1021 1960 1167 2025 laborem
1193 1981 1354 2025 manuum
1373 1959 1404 2022 ab

296 2059 377 2143 ipsis
401 2081 471 2123 esse
495 2059 732 2144 peragendum,
766 2062 914 2144 exceptis
937 2060 978 2123 iis
1001 2061 1058 2144 qui
1083 2057 1270 2122 litterarum
1295 2058 1405 2122 studiis.

296 2177 388 2220 sacro
418 2159 612 2236 ministerio,
645 2159 784 2222 orationi
809 2168 842 2220 et
865 2156 1135 2240 contemplationi
1165 2166 1338 2238 vacarent,
1368 2179 1405 2218 es·

295 2253 481 2338 cleriorum,
507 2255 675 2336 domuum,
700 2277 740 2320 ac
762 2255 964 2341 reliquarum
989 2276 1109 2335 rerum,
1134 2274 1280 2338 quarum
1301 2253 1406 2337 simpli·

296 2374 368 2416 cem
392 2376 489 2417 usum
513 2353 692 2438 habebant,
716 2354 951 2439 proprietatem
975 2367 1008 2416 et
1031 2352 1216 2416 dominium
1241 2373 1315 2415 esse
1330 2351 1406 2437 apud

294 2451 415 2516 Sedem
433 2451 669 2537 Apostolicam.
711 2454 762 2516 Ne
786 2449 899 2516 taliam
921 2473 1025 2514 rorum
1048 2449 1105 2512 sub
1128 2449 1250 2513 incerta
1274 2449 1407 2512 rideatn

294 2571 359 2613 esse
387 2549 570 2629 dominium,
602 2573 669 2614 cum
686 2551 781 2636 patri
799 2549 889 2632 filius
912 2572 967 2613 seso
990 2548 1081 2611 modo
1106 2569 1213 2610 seruus
1236 2545 1364 2610 domino
1385 2558 1405 2605 st

291 2649 458 2710 monacbus
481 2650 671 2712 monasterio
694 2671 745 2712 res
768 2647 831 2711 sibi
854 2647 989 2724 oblatas,
1020 2667 1183 2709 concessas
1205 2641 1257 2707 rel
1281 2645 1405 2708 donatas

290 2747 467 2830 acquirant,
492 2747 628 2809 omnium
639 2745 837 2810 ustensibium
853 2756 883 2808 et
898 2745 1050 2809 librorum
1074 2766 1111 2806 ac
1127 2764 1233 2805 eorum
1257 2743 1405 2806 mobilium

283 2847 502 2926 praesentium
526 2857 556 2908 et
571 2844 769 2930 futurorum,
793 2867 871 2928 quac
895 2854 925 2906 et
947 2865 1077 2928 quorum
1099 2839 1334 2925 usumfructum
1358 2841 1403 2903 sci·

288 2941 362 3006 licet
382 2943 554 3007 Ordinibus
579 2943 627 3006 uel
650 2942 820 3006 Fratribus
842 2942 922 3027 ἱρείε
946 2941 1019 3007 licet
1040 2943 1164 3024 babere,
1185 2948 1405 3034 proprietatem

289 3051 318 3104 et
330 3041 511 3119 dominium,
537 3041 635 3126 (quod
658 3051 688 3103 ct
701 3039 776 3126 fere
791 3041 991 3104 Innocentius
1010 3041 1103 3128 Papa
1119 3043 1175 3106 IV
1186 3045 1405 3130 praedecessor

287 3150 394 3202 noster
418 3138 538 3224 fecisse
572 3139 794 3225 dipnoscitur),
829 3139 865 3201 in
893 3160 950 3200 nos
982 3149 1012 3202 ot
1035 3141 1215 3205 Romanam
1237 3141 1404 3205 Ecclesiam

282 3236 383 3322 plane
408 3248 437 3300 et
461 3237 556 3300 libere
575 3239 736 3323 pertinere
763 3237 820 3300 bac
837 3237 1006 3321 praesenti
1032 3235 1261 3304 Constitutione
1286 3241 1323 3302 in
1341 3263 1402 3324 per·

280 3345 412 3420 potuum
436 3333 575 3398 valitura
600 3337 767 3399 sancimus.
807 3333 922 3398 Multis
939 3332 1016 3398 dein
1033 3336 1133 3399 etiam
1151 3335 1309 3422 disponit,
1336 3355 1402 3422 quo·

287 3432 383 3497 modo
422 3454 481 3518 per
518 3443 746 3518 procuratores
770 3431 947 3495 Minoritse
984 3453 1037 3496 res
1067 3454 1144 3498 suas
1177 3433 1401 3498 administrare

285 3533 430 3617 possint3
464 3529 637 3617 prohibuit
659 3553 738 3595 vero
763 3533 910 3616 privatas
944 3529 1044 3617 hujus
1068 3529 1326 3596 Constitutionis
1356 3551 1403 3592 ex-

283 3630 465 3714 positiones
489 3639 521 3692 et
544 3631 841 3714 interpretationes,
866 3626 1036 3714 dubiaque
1059 3628 1103 3694 ad
1127 3627 1244 3694 Sedem
1270 3629 1402 3713 Aposto·

282 3725 382 3791 licam
406 3727 581 3792 referenda
605 3748 675 3792 esse
700 3727 879 3792 constituit.

373 3825 425 3890 26.
475 3825 639 3904 Quamvis
662 3824 820 3890 Nicolaus
843 3823 896 3889 ΙΙΙ
929 3823 993 3889 hae
1016 3823 1107 3889 bulla
1129 3823 1261 3909 regulae
1287 3833 1322 3887 et
1345 3823 1401 3886 dis-

283 3921 425 4008 ciplinae
449 3925 483 3987 in
499 3921 626 3988 Ordine
650 3945 675 3989 s.
694 3923 865 3988 Francisci
890 3921 1121 3987 observandae
1144 3919 1313 4009 praeclare
1336 3941 1401 4006 pro-

281 4020 430 4102 vidisset,
461 4020 599 4086 dissidia
633 4031 744 4085 tamen
781 4041 848 4085 non
879 4029 1051 4085 cessarunt
1079 4019 1122 4084 ab
1146 4019 1328 4085 zelatorum
1351 4039 1398 4081 ex·

281 4121 521 4204 aggerationes.
549 4117 664 4205 Aliqui
681 4119 795 4184 axilla
812 4118 1056 4184 Constitutione
1080 4117 1273 4198 inferebant,
1300 4117 1400 4182 vitam

280 4237 320 4280 ao
343 4225 574 4302 paupertatem
599 4218 832 4282 Minoriterum
861 4239 932 4282 essa
955 4218 1088 4304 proprie
1112 4213 1286 4300 Evangelii
1311 4235 1399 4300 pras·
