2828 4842
262 471 408 526 Discidium
427 487 485 526 cnm
504 473 611 528 Jcanna
629 473 746 541 Anglise
765 487 838 541 rege.
1053 471 1106 525 279

35 617 74 700 rai
91 615 199 678 dederit
221 615 421 693 intellectum,
452 617 527 700 qaia
544 625 644 702 pater
666 639 754 702 quem
777 614 885 702 diliqit
907 613 1015 698 filiam
1042 638 1106 678 cor·

32 715 90 797 ripit,
116 725 142 775 et
163 713 248 776 Deus
270 737 345 798 qnos
369 724 456 777 amat
479 715 585 800 amit
608 725 638 776 et
661 715 806 799 castigat,
838 736 950 777 manac
981 724 1108 777 nostras

32 814 51 872 in
67 835 121 874 ena
140 812 313 876 curabimus
336 835 522 898 oppressere,
545 814 637 876 uteie
661 813 784 876 demam
806 807 991 874 medicinali
1013 833 1109 873 manu

31 921 141 986 sancta,
169 912 201 972 in
231 911 407 996 pretiorum
438 909 530 974 nobis
562 912 701 974 actiones
731 918 887 992 assaryat.
912 957 920 974 .
946 956 954 972 .
979 959 986 974 .
1016 907 1108 972 Tales

30 1007 97 1085 ip'tur
115 1009 145 1070 ia
165 1008 341 1096 lajrrsmodi
355 1010 545 1072 essentiane
567 1008 716 1072 mandati
736 1030 791 1071 ros
814 1007 957 1070 ectetas
985 1007 1108 1084 caretas,

29 1104 85 1184 prod
97 1105 187 1167 Deam
211 1107 308 1192 mopis
332 1127 424 1190 qaam
447 1107 599 1169 hominem
622 1106 865 1192 comprobemini
878 1106 1015 1168 revereri
1021 1127 1032 1183 ;
1054 1127 1110 1168 nec

28 1203 76 1264 sitis
93 1225 126 1264 aa
145 1203 210 1268 illis
233 1206 287 1290 qni
309 1226 402 1268 canes
424 1205 502 1267 muti
525 1214 606 1281 cant,
630 1227 694 1268 noa
716 1203 855 1268 achates
878 1203 1042 1285 latrara.¹)

90 1308 134 1374 64.
177 1309 230 1373 Ex
261 1309 418 1374 mandato
450 1309 622 1375 Pontificis
652 1313 754 1394 igitur
784 1310 924 1396 praefati
960 1310 1107 1396 episcopi
1129 1323 1278 1363 uterorum

28 1425 107 1486 regem
133 1405 249 1471 hortati
281 1419 367 1490 sunt,
405 1420 442 1472 ut
473 1431 492 1472 a
517 1410 642 1494 coeptis
666 1409 847 1487 desisteret,
880 1417 980 1493 atque
1008 1408 1108 1470 etiam
1123 1386 1278 1438 ¹⁰⁸¹¹⁸¹¹⁸¹¹³'

27 1521 78 1564 cnm
102 1503 253 1569 adeuntes
286 1509 316 1570 ei
351 1506 590 1592 supplicarunt,
622 1529 664 1571 nc
688 1507 872 1592 pertinacia
896 1528 956 1570 sua
979 1525 1109 1569 summa

29 1600 203 1684 inAngliam
228 1603 315 1668 mala
338 1605 484 1668 inferret.
518 1603 583 1669 Sed
607 1604 756 1670 Joannes
780 1605 1010 1689 episcoporum
1035 1624 1109 1666 con·
1223 1678 1227 1689 x

27 1695 122 1762 silicet
142 1701 310 1766 Pontifiois
335 1705 459 1766 monita
483 1704 622 1787 sprevit,
656 1704 690 1766 in
714 1703 865 1788 ingentes
888 1703 1039 1787 prorupit
1061 1700 1077 1765 f
1099 1739 1108 1750 ·

26 1796 83 1858 rods
101 1809 204 1862 aestus
227 1811 259 1862 et
283 1803 400 1882 minas,
433 1810 466 1864 et
489 1803 662 1887 episcopos
686 1800 758 1865 illos
789 1823 807 1864 c
838 1809 1018 1884 conspectu
1049 1821 1108 1863 suo

27 1912 78 1954 cum
99 1895 271 1978 ignominia
295 1897 418 1982 rejecit.
466 1897 579 1979 Quum
603 1901 705 1982 igitur
727 1897 893 1984 praesules
918 1899 1051 1961 monitis
1075 1919 1109 1961 se

26 1987 83 2053 nihil
116 1994 268 2078 proficere
306 1998 433 2082 experti
473 2005 597 2078 essent,
636 2019 678 2060 ex
712 1997 808 2082 jussu
846 1995 1017 2060 Pontificis
1054 1994 1108 2058 die

26 2085 173 2154 ll'llsrtii
197 2095 276 2157 anni
303 2094 388 2158 1208
412 2096 447 2158 in
472 2117 586 2159 omnes
602 2105 705 2158 ternas
720 2095 741 2160 J
745 2096 844 2158 oanni
860 2096 929 2178 regi
942 2093 1109 2179 subjectas

25 2183 200 2254 interdictum
217 2191 451 2273 fulminarunt,
477 2192 608 2274 deinde,
628 2202 665 2256 ut
678 2191 776 2256 saluti
793 2214 871 2257 suae
889 2191 1107 2272 consulerent,

12 2283 148 2365 ,lngliarn
170 2288 373 2375 reliquerunt
396 2303 429 2354 et
452 2293 486 2355 in
510 2289 652 2354 Galliam
686 2289 950 2355 transfretarunt.
984 2326 1018 2335 -
1058 2289 1108 2352 lta

12 2379 98 2445 'uitur
124 2395 223 2450 totum
255 2386 397 2471 Angliae
430 2411 568 2472 regnum
607 2388 782 2453 interdicto
820 2389 885 2453 fuit
912 2387 1108 2472 subjectum,

26 2481 83 2558 ‘pand
108 2493 166 2548 tarn
195 2487 337 2550 districta
369 2487 556 2552 servabatar
587 2487 710 2574 abique,
746 2489 902 2574 inquiunt
925 2484 1027 2549 Gesta
1057 2484 1109 2548 In-

27 2582 149 2662 acontii,
186 2595 220 2648 at
244 2596 378 2671 practer
402 2588 633 2670 poenitentiam
664 2587 863 2650 morientium
894 2595 924 2648 ct
953 2583 1111 2668 baptisma

24 2679 191 2754 narratorum
214 2706 366 2769 ausqrtann
390 2683 599 2748 celebraretur
622 2685 764 2748 dianam
786 2683 925 2768 officiam
948 2690 1004 2744 aat
1027 2680 1110 2742 eald-

28 2769 117 2840 leretnr
137 2781 375 2844 ecclesiasticam
399 2792 636 2863 sacamentum,
665 2784 714 2845 ita
737 2782 820 2866 qaod
842 2802 906 2842 noa
930 2777 1029 2842 solum
1052 2777 1109 2840 cle-

26 2873 127 2937 ricorem
162 2889 191 2940 st
227 2879 446 2942 monachorum
482 2891 539 2944 ant
575 2879 783 2965 quorumlibet
811 2875 1003 2963 repertorium
1008 2924 1018 2954 ,
1055 2875 1111 2938 sed

27 2971 92 3033 cnm
112 2976 322 3062 cpiscoporum
354 2977 512 3041 cadavera
544 2989 746 3041 servarentur
773 2989 865 3040 satra
899 2973 1111 3038 coemeter-iam

27 3065 199 3154 intumuere
255 3074 509 3139 Advertendum
542 3085 653 3138 tamen
692 3085 757 3157 est,
799 3095 873 3137 cum
905 3071 1110 3135 restrictione

27 3165 225 3244 ‘tuadamhaec
239 3171 454 3256 intelligenda
465 3195 544 3239 esse.
573 3172 683 3253 Quum
701 3175 790 3236 enim
808 3181 948 3257 quatuor
964 3169 1110 3254 episcopi

27 3263 87 3342 ragis
114 3268 256 3350 partibus
287 3270 515 3352 adhaererent,
556 3270 691 3356 reliquis
726 3269 881 3334 omnibus
905 3266 947 3332 ad
972 3266 1110 3330 exilium

27 3365 226 3440 capessendum
252 3370 385 3451 coactis,
410 3369 665 3454 supponendum
689 3390 767 3432 sane
792 3377 849 3448 est,
876 3369 1039 3430 incorum
1064 3363 1111 3427 di·

27 3455 266 3528 1initusrninus
290 3475 443 3530 accurate
477 3467 690 3530 interdictum
714 3475 882 3529 servatum
908 3465 1026 3544 fuisse3
1059 3460 1111 3526 Ci-

28 3558 182 3625 strrcicnses
204 3565 310 3647 primo
334 3584 421 3627 anno
446 3563 698 3645 contenderunt,
730 3586 764 3627 se
795 3565 829 3626 vi
860 3560 1109 3648 privilegiorum

30 3645 189 3722 Pontificum
238 3663 338 3726 etism
389 3673 536 3747 tempore
588 3662 755 3727 interdicti
796 3660 955 3725 solemnia
1000 3658 1110 3722 officia

30 3745 159 3818 celebrare
187 3779 300 3844 posse;
331 3769 446 3844 postea
477 3781 566 3842 vero,
598 3782 700 3846 quum
733 3760 766 3824 id
791 3757 990 3823 inhibuisset
1013 3756 1110 3820 Inno-

30 3850 124 4004 cpptius
137 3851 193 3936 ΙΙΙ,
218 3857 288 3941 ipse
303 3867 414 3921 tamen
439 3857 601 3943 quasdam
619 3858 863 3923 interdictionis
888 3855 1111 3940 mitigationes

32 3947 166 4030 anisitfl)

36 4083 204 4105 **'*‘-—-—-

82 4169 88 4196 t

81 4171 220 4314 'lllppltlll
238 4174 271 4229 Χ.
292 4191 332 4244 ΕΡ.
355 4177 414 4230 118,
553 4255 573 4315 ”t
592 4255 648 4311 cfr.
668 4255 735 4323 Epp.
755 4254 786 4310 L.
805 4254 853 4309 XI.
872 4270 913 4322 ep.
932 4255 993 4309 214.
