2902 4848
180 887 332 936 Expenditur.

346 461 400 514 340
626 457 753 510 XXXIV.
773 457 813 512 De
832 457 954 512 Concilio
972 456 1187 512 Goustsntiensi.

345 605 587 689 promittentem,
611 625 704 688 quum
720 601 839 687 feeerit
862 601 945 687 quod
968 602 1097 688 inipso
1122 612 1178 676 est,
1199 602 1436 686 echocinallquo

346 703 534 767 remansisse
559 701 739 786 obligatum.
787 697 852 764 Sed
879 698 930 763 his
955 698 1065 762 verbis
1089 698 1235 784 profecto
1257 699 1337 764 nullo
1355 699 1437 762 modo

348 801 537 866 decernitur
560 807 618 862 cut
641 798 787 880 docetur,
820 797 1038 882 frangendam
1062 819 1133 860 esse
1158 796 1268 861 datam
1290 797 1438 860 haereticis

348 898 459 962 iidem.
506 897 582 960 Duo
617 917 759 981 namque
793 895 942 960 decernit
972 917 1066 960 sacra
1097 894 1261 978 Synodus.
1304 895 1438 958 Primum.

289 1022 293 1030 ·
348 995 436 1082 quod
461 993 638 1059 saecularis
662 1003 806 1079 potestas
830 993 1086 1058 ecelesiasticam
1116 994 1193 1078 jure
1219 994 1364 1080 impedire
1384 1015 1438 1056 uon

348 1096 462 1180 possit,
495 1093 576 1178 quin
607 1113 664 1156 suo
696 1091 854 1176 iungatur
883 1091 1008 1171 officio,
1041 1101 1073 1154 et
1101 1092 1240 1176 proinde
1263 1093 1288 1156 si
1310 1093 1441 1176 princeps

347 1193 452 1258 laicus
483 1191 648 1255 haeretico
680 1189 806 1254 homini
839 1189 896 1252 det
927 1188 1057 1254 salvum
1089 1187 1303 1271 conductum,
1331 1190 1361 1254 id
1387 1211 1439 1252 nou

348 1290 472 1372 obesse,
505 1291 586 1375 quin
611 1288 718 1374 judex
749 1287 993 1352 ecclesiasticus
1026 1309 1112 1372 quse
1143 1289 1194 1351 sui
1224 1297 1298 1352 sunt
1320 1289 1442 1351 muneris

348 1389 493 1474 legitime
518 1395 710 1472 exequetur,
736 1385 844 1466 idest,
870 1396 906 1448 ut
929 1385 1161 1470 quaestionem
1181 1385 1222 1448 de
1238 1385 1357 1450 haeresi
1373 1383 1442 1446 eliis·

348 1511 412 1574 que
436 1483 631 1550 criminibus
656 1486 690 1548 in
715 1486 823 1569 ipsum
850 1481 984 1564 hebeat,
1015 1483 1240 1568 legitimisque
1264 1483 1442 1548 documentis

348 1595 381 1648 et
403 1583 601 1648 testimoniis
625 1585 816 1646 convictum
841 1581 1022 1646 secuudum
1050 1603 1195 1646 conones
1214 1581 1350 1667 judicet.
1386 1581 1442 1664 Pro·¹

348 1683 444 1762 fecto,
469 1703 571 1766 quum
584 1691 727 1764 potestas
751 1680 975 1744 ecclesiastica
990 1701 1057 1743 non
1073 1679 1261 1764 dependeat
1274 1702 1295 1742 a
1311 1693 1442 1764 potestate

349 1780 450 1860 civili,
475 1778 532 1842 sed
557 1779 713 1862 suijuris
737 1780 788 1858 sit,
814 1779 880 1842 imo
905 1776 1120 1842 excellentior
1135 1787 1168 1840 et
1182 1777 1299 1842 ordine
1323 1779 1442 1864 superins

348 1888 509 1964 potestate
534 1875 636 1956 civili,
660 1875 839 1940 saecularis
862 1887 1008 1960 potestas
1024 1875 1122 1940 nullis
1140 1877 1257 1961 pactis,
1282 1877 1442 1952 contende

348 1977 447 2042 nibus
470 1985 529 2040 aut
551 1975 720 2059 promissis
733 1973 936 2060 spiritualem
953 1983 1059 2057 potest
1074 1973 1188 2058 ligare,
1213 1972 1266 2036 vel
1286 1973 1433 2058 prohibes

349 2097 391 2141 ne
420 2074 587 2160 judicium
623 2072 708 2136 ferat
739 2073 773 2136 in
805 2093 904 2136 causo
935 2093 1021 2157 quae
1059 2071 1120 2134 fori
1157 2069 1370 2136 ecclesiastici
1401 2095 1425 2132 es

348 2173 442 2238 istud
459 2170 599 2236 Concilii
625 2170 794 2234 decretum
818 2168 973 2234 omuibus
997 2169 1071 2234 aliis
1086 2167 1216 2254 legibus
1235 2169 1440 2234 ecelesiastici·

349 2291 531 2337 consonum
547 2269 727 2334 iuvenitur.
751 2305 794 2314 --
815 2266 909 2331 Alter
925 2265 1023 2352 hujus
1041 2265 1165 2340 decreti
1181 2265 1344 2332 articulus
1359 2267 1427 2329 hehe

349 2368 551 2435 saecularem
592 2367 792 2452 principem,
834 2367 889 2449 qui
924 2365 1098 2430 haereticis
1130 2365 1325 2430 hominibus
1353 2367 1441 2430 securi

349 2479 450 2533 tatem
475 2466 640 2552 promisit,
671 2487 739 2526 cum
753 2463 873 2548 fecerit
896 2463 979 2548 qood
1003 2464 1131 2549 inipso
1155 2475 1218 2541 est,
1245 2485 1314 2528 non
1339 2483 1441 2528 monere

349 2569 383 2632 in
414 2565 524 2650 aliquo
555 2562 747 2645 obligatum.
795 2563 846 2626 Ae
871 2584 932 2625 nec
957 2561 1055 2640 istud,
1081 2561 1197 2626 violari
1231 2583 1328 2646 posse
1360 2563 1441 2625 daun

350 2663 524 2728 haereticis
555 2660 669 2742 fidem,
710 2658 761 2722 vel
793 2657 912 2734 leviter
942 2661 1059 2725 innuit.
1108 2659 1269 2744 Majorem
1303 2663 1441 2724 enimvero

348 2763 559 2826 securitatem
598 2779 694 2822 nemo
733 2759 924 2842 promittere
961 2768 1130 2838 censetur,
1170 2779 1271 2842 quam
1309 2772 1441 2844 praestan

348 2859 458 2944 possit.
509 2855 594 2921 Cum
618 2878 696 2940 ergo
720 2855 801 2920 facit
824 2855 913 2941 quod
938 2856 971 2919 in
996 2876 1030 2918 se
1055 2867 1113 2931 est,
1139 2877 1204 2920 nou
1222 2869 1343 2940 peccat
1358 2872 1441 2932 coum

348 2956 448 3022 fidem
480 2955 718 3040 promissionis.
766 2952 863 3018 Unde
895 2975 970 3016 cum
996 2951 1184 3017 Concilium
1216 2963 1300 3018 tuuc
1325 2949 1441 3040 solunt]

349 3056 500 3142 promissi
519 3052 652 3118 vinculo
669 3051 856 3116 absolutum
874 3053 1058 3136 principem
1077 3053 1279 3136 pronuntiet,
1306 3075 1381 3116 cum
1394 3054 1436 3114 tir.

349 3153 438 3241 quod
463 3155 496 3216 in
522 3153 592 3237 ipso
617 3161 675 3231 est,
700 3149 767 3213 dici
791 3151 907 3234 nequit
922 3151 1004 3212 eitra
1019 3149 1232 3224 calumniam,
1257 3151 1349 3233 quod
1375 3151 1432 3214 lide

349 3251 433 3316 salvi
457 3250 641 3314 conductus
665 3248 839 3312 haereticis
863 3269 929 3311 non
947 3269 1018 3310 esse
1031 3245 1231 3310 seruandam
1245 3245 1436 3310 decreverit.¹

436 3358 491 3421 61.
527 3355 629 3420 Aliud
655 3355 732 3418 dein
758 3351 965 3435 (aGieseler)
990 3355 1110 3416 citutur
1134 3353 1320 3430 decretum,
1347 3357 1392 3416 uti
1411 3376 1430 3412 c

350 3477 414 3543 quo
431 3455 561 3536 dicitur,
589 3453 769 3536 ,Hussium
788 3463 824 3515 ut
838 3453 1041 3537 pertinacem
1057 3449 1289 3515 adversarium
1304 3451 1434 3515 doctrina

349 3553 553 3619 orthodoxae
593 3575 627 3616 se
666 3548 847 3615 inhabilem
887 3548 1072 3619 reddidisse
1111 3549 1357 3634 cujuscumque
1392 3547 1440 3612 sal

350 3652 534 3716 conductus
565 3661 597 3714 et
628 3648 808 3734 privilegii,
841 3651 938 3732 eique
969 3645 1152 3714 secuudum
1181 3647 1259 3730 jura
1294 3647 1440 3710 divinae

351 3750 496 3814 humana
520 3751 553 3812 in
578 3749 812 3812 detrimentum
837 3745 1006 3831 religionis
1031 3745 1129 3809 fidem
1145 3748 1361 3829 etpromissa
1388 3743 1440 3809 haul

349 3869 420 3912 esse
444 3846 639 3912 servanda.“
688 3843 754 3909 Sed
786 3845 877 3924 haee,
909 3867 994 3929 quae
1018 3853 1147 3907 tentum
1172 3845 1207 3906 in
1231 3845 1336 3908 unico
1362 3845 1440 3908 coiis

350 3947 516 4010 Dorriano
547 3943 767 4030 (Vindoboni)
804 3943 1035 4022 inveniuntur,
1075 3939 1265 4006 nullatenus
1302 3941 1440 4006 decretur

351 4044 564 4122 constituunt,
576 4043 731 4126 omnique
742 4039 1002 4106 careutConcilii
1013 4040 1064 4104 vel
1074 4038 1210 4104 alterius
1219 4039 1440 4124 approbatione

349 4179 563 4189 -.-...-...--—

426 4247 444 4318 ¹)
464 4245 610 4302 Secundum
630 4251 734 4314 partem
753 4243 854 4298 decreti
874 4243 996 4298 Gieselcr
1013 4241 1120 4297 omnino
1138 4239 1238 4296 omisit
