2858 4834
390 419 428 471 De
449 417 539 470 luctae
559 417 770 471 continuatione.
1090 416 1142 470 189

49 564 185 648 *riiinpiia
207 563 369 642 aninaaait,
401 573 429 624 et
453 562 591 624 armauit
616 559 757 645 eneneplo
787 561 967 644 pernicioso
993 573 1142 624 manante

47 661 78 720 oi
91 671 234 746 posterea.
244 663 265 740 ¹)
642 654 647 665 ’

112 795 161 859 35,
187 793 256 856 Ista
282 791 418 878 quidem
444 814 517 854 cum
545 789 757 854 vehementia
781 790 924 875 quadam
941 789 1030 853 dicta
1055 801 1140 870 sunt,

47 891 86 952 ted
113 890 310 976 indulgenda
342 892 413 953 viro
444 891 499 975 qui
532 911 670 972 magnas
701 910 877 952 aerumnas
906 909 965 973 pro
990 887 1141 951 libertate

46 1013 72 1050 ac
91 1011 141 1074 pro
159 988 292 1074 juribus
305 987 474 1052 Ecclesiae
499 989 674 1069 arretinens,
707 986 872 1064 censebat,
898 988 1029 1050 nonnisi
1049 987 1141 1071 juata

46 1089 192 1150 serentate
217 1088 337 1150 efficax
362 1086 546 1149 remedium
576 1085 671 1148 malis
696 1107 789 1170 posse
814 1085 934 1148 afferri.
974 1082 1071 1162 Quod
1096 1093 1140 1147 ta·
1178 1096 1286 1138 nonan«

46 1205 101 1247 nen
121 1195 245 1270 spectat
268 1184 310 1248 ad
336 1183 469 1247 modum
495 1182 614 1264 agendi
641 1182 824 1246 Alexandri
840 1181 892 1245 III
915 1181 1024 1268 quoad
1048 1159 1316 1262 abscindssfffl'

45 1281 175 1346 lotionem
200 1282 342 1346 Giluerti
368 1281 410 1344 ab
435 1281 789 1360 excommunicatione,
826 1302 1007 1362 censemnn,
1032 1282 1140 1345 Ponti-

46 1380 118 1443 icem
141 1380 336 1466 reprehendi
369 1379 430 1442 hac
464 1381 496 1442 in
530 1401 563 1442 re
589 1401 653 1443 non
679 1401 782 1464 ponae.
831 1379 915 1442 Nam
946 1391 1059 1442 contra
1088 1401 1142 1442 ex·

46 1481 332 1543 rornmunicatiouia
356 1477 443 1541 iliius
469 1476 613 1540 valorem
631 1479 747 1559 gravia
763 1476 865 1540 dubia
884 1476 1031 1561 juridica
1055 1490 1142 1540 motu

48 1588 125 1643 aaut.
159 1589 189 1640 et
227 1576 398 1642 Gilbcrtus
423 1599 441 1639 a
466 1574 579 1639 multis
604 1574 853 1638 defendebatur.
902 1576 976 1660 Ipse
1000 1575 1142 1660 appella·

51 1689 124 1751 rarat,
140 1688 216 1738 ante
234 1675 322 1738 illam
342 1674 731 1752 excommunicationem,
750 1672 792 1735 ad
810 1672 1015 1754 Pontificem,
1032 1696 1143 1758 quam-

49 1773 82 1831 ns
101 1772 350 1856 appeliationem
387 1773 469 1835 forte
502 1793 566 1835 aron
597 1771 836 1852 significaverit
859 1770 1007 1835 Thomna
1031 1794 1143 1836 secun-

47 1867 105 1931 dum
132 1891 245 1934 oannes
279 1871 365 1954 juris
397 1869 563 1932 formulae.
612 1869 664 1932 Ex
688 1868 790 1932 alteru
822 1881 914 1954 parte
948 1893 972 1934 s.
998 1870 1144 1934 Thomas

47 1988 94 2028 non
115 1970 272 2032 citaverat
288 1967 473 2032 Gilbertum
494 1967 639 2052 juridice
661 1977 737 2030 ante
754 1969 1142 2046 excommunicationem,

46 2083 67 2124 a
86 2067 124 2127 ita
140 2067 353 2129 vehementer
376 2065 682 2129 controvertebatnr
707 2065 747 2128 de
772 2064 828 2128 illa
853 2087 999 2130 censura.
1032 2065 1143 2146 Quum

47 2161 192 2226 cilianus
211 2165 281 2249 jam
309 2166 341 2226 in
368 2163 496 2228 Italiam
523 2163 795 2248 proficisceretur,
828 2176 863 2226 ut
892 2185 1023 2227 causam
1050 2186 1142 2228 etnam

15 2325 16 2332 ἵ
47 2283 134 2324 coram
157 2262 319 2326 Pontificc
349 2275 469 2345 ageret,
501 2261 635 2324 obviam
668 2259 784 2323 habuit
808 2261 979 2325 Pontificio
1010 2261 1143 2345 legatos.

48 2359 146 2440 quiex
171 2361 336 2424 mandatis
360 2359 543 2424 Alexandri
569 2359 619 2422 ΙΙΙ
649 2360 679 2421 ei
704 2361 869 2442 optionem
905 2359 1076 2440 dederunt,
1110 2371 1146 2422 ut

49 2455 85 2518 rel
107 2471 354 2544 prosequeretur
378 2461 410 2522 in
436 2458 541 2522 forma
560 2459 647 2541 juris
671 2456 927 2541 appellationem
952 2479 1045 2520 suam
1071 2479 1144 2522 cou-

45 2569 79 2614 nn
95 2558 478 2633 excommunicationem,
505 2554 557 2618 vel
581 2553 825 2618 absolutionem
850 2557 1025 2639 acciperet,
1051 2577 1144 2640 epon-

46 2649 114 2732 dene,
137 2677 169 2717 se
194 2655 303 2740 quoad
329 2656 439 2718 omnia
465 2665 598 2738 propter
611 2675 696 2738 quae
713 2655 1021 2717 excommunicatus
1038 2655 1145 2717 fuerat

47 2747 261 2817 submissurum
287 2777 320 2818 ee
346 2776 417 2816 esee
437 2753 566 2838 judicio
585 2751 679 2817 Sedis
696 2751 916 2836 Apostolicae.
949 2752 1057 2832 Elegit
1082 2753 1143 2816 hoc

47 2847 198 2919 tilbertus,
224 2854 315 2916 etita
340 2851 382 2915 ab
400 2850 744 2914 excommunicatione
762 2849 886 2914 solutus
903 2860 960 2915 est.
987 2889 1029 2898 —
1054 2852 1145 2914 inter

47 2944 213 3013 cardinales
243 2962 352 3014 antem
387 2949 575 3034 legatosque
601 2949 770 3012 Pontificio
802 2948 929 3033 aliquos
963 2947 1062 3013 fuisse
1087 2951 1143 3034 qui

47 3045 116 3114 nnio
144 3069 221 3111 auro
253 3048 505 3126 seducebantur,
545 3046 634 3130 luget
658 3047 821 3109 Batonius
850 3046 901 3110 his
926 3047 1053 3110 verbis:
1100 3047 1146 3115 At

49 3143 144 3206 atinam
163 3143 353 3211 Curdinniea
376 3146 527 3232 qnondam
543 3169 621 3208 auro
639 3156 945 3230 corruptoapoesem,
970 3147 1049 3208 aiant
1065 3147 1143 3207 Pon·

17 3271 18 3284 ¹
50 3239 145 3320 idicem,
173 3267 332 3308 eaeonacre.
388 3245 498 3308 Verum
522 3243 614 3320 adsit,
653 3253 686 3305 at
709 3242 792 3326 quod
811 3242 884 3327 fnit
906 3245 1144 3329 reponderatione

51 3342 164 3404 meina
193 3343 331 3427 diynum,
365 3343 458 3406 velim
486 3343 686 3404 catenatione
706 3352 898 3426 parantum·
933 3343 993 3404 imo
1023 3365 1146 3404 macena

51 3434 110 3496 nana
131 3453 274 3520 marmot,
299 3440 471 3526 perdentes
494 3439 594 3502 oleam
619 3439 780 3524 nnynente',
805 3460 925 3524 semper
938 3439 1074 3502 dixerim
1097 3440 1145 3501 in·

54 3537 151 3600 ''eenria
186 3538 395 3602 acerbissimis
433 3537 683 3616 insectandaa.²)
749 3535 984 3599 Existimarem
1023 3547 1144 3609 tamen,

54 3625 120 3695 haud
142 3635 296 3700 directam
322 3637 564 3720 corruptionem
590 3635 722 3720 probari
747 3655 850 3719 posse,
883 3634 940 3697 aed
973 3635 1072 3698 nimis
1099 3635 1145 3696 fn·

55 3725 204 3798 ciieiniaae
220 3732 301 3810 illos,
327 3744 363 3798 ut
387 3735 487 3797 xenia
510 3735 601 3816 regia
625 3734 824 3816 acciperent,
849 3741 881 3794 et
906 3731 982 3796 dein
1008 3753 1145 3817 propen-

55 3825 106 3888 ›ina
125 3835 203 3914 regia
227 3855 360 3896 catanam
385 3842 565 3895 tuerentur.

112 4113 128 4180 ¹)
144 4115 220 4180 Giiea,
240 4118 308 4184 Epa.
328 4117 349 4172 1.
370 4133 409 4184 ep.
430 4118 473 4173 31.

111 4205 128 4266 ¹)
145 4207 235 4261 annal.
255 4225 280 4262 a
302 4206 378 4262 1167.
398 4223 423 4260 n.
441 4209 484 4262 57.
