2850 4834
363 485 404 539 De
422 484 498 539 lucta
518 484 649 539 Lndovici
667 485 777 540 Bavari.
1084 463 1133 539 1'91

21 629 89 712 jura
121 627 227 715 quoad
258 627 472 713 Imperatoris
502 628 696 693 electionem
727 627 967 694 statuebantur.
1021 629 1134 709 Quum

25 725 98 790 haec
120 727 283 813 principia
306 747 386 812 prae
409 725 513 792 oculis
537 726 660 792 habere
685 726 826 791 multum
846 726 954 811 juvet,
987 726 1135 791 breviter

23 847 55 888 ea
76 823 229 889 hocloco
253 823 439 890 recolimus.
535 833 538 840 “

103 933 137 996 1⁰
157 930 372 1016 Principibus
387 929 589 996 Germaniae
608 931 664 1016 jus
689 933 848 1017 competit
870 930 968 1017 plane
989 931 1132 996 liberum

20 1028 178 1093 electionis
204 1031 303 1114 reple,
331 1039 431 1114 atque
459 1030 559 1093 etiam
584 1039 659 1114 post
680 1051 847 1093 annexam
871 1051 973 1113 regno
997 1029 1132 1094 Germa·

20 1129 87 1190 niae
117 1127 311 1211 dignitatem
334 1128 486 1212 Imperii,
518 1126 622 1192 libere
652 1150 712 1191 rex
741 1126 986 1212 promovendus
1010 1130 1045 1192 in
1069 1127 1132 1192 Im·

20 1235 194 1310 peratorem
218 1225 360 1310 eligitur.

98 1333 135 1395 2⁰
157 1331 328 1395 Romanus
352 1330 508 1394 Pontifex
534 1331 591 1415 jus
624 1329 727 1394 habet
755 1331 971 1395 examinandi
1001 1340 1033 1395 et
1059 1353 1131 1417 pro·

17 1427 110 1493 bandi
140 1450 251 1514 regem
285 1429 445 1510 electum,
476 1439 586 1492 utrum
617 1428 775 1493 videlicet
805 1429 928 1493 habeat
958 1429 1133 1515 qualitates

17 1529 219 1606 necessarias,
246 1538 283 1591 ut
306 1529 349 1592 sit
371 1525 494 1610 dignus
517 1526 702 1590 advocatus
726 1538 759 1591 et
782 1526 935 1591 defensor
951 1526 1130 1593 Ecclesiae.

17 1623 135 1704 Quodsi
169 1647 236 1689 non
267 1627 475 1689 inveniretur
506 1625 643 1709 dignus,
683 1623 736 1688 vel
769 1626 938 1710 principes
973 1624 1133 1691 deberent

16 1723 108 1786 alium
138 1721 258 1808 eligere
283 1725 317 1787 in
341 1743 464 1806 regem,
495 1721 549 1786 vel
579 1722 760 1808 imperialis
784 1723 929 1806 dignitas
962 1722 1005 1786 ad
1028 1723 1131 1788 alium

16 1844 116 1904 regem
152 1819 349 1903 deferretur,
390 1842 493 1905 quum
527 1820 679 1885 Ecclesia
714 1820 864 1904 indigeat
901 1821 1064 1886 advocato
1100 1833 1133 1886 et

18 1918 190 1984 defensore.

91 2019 132 2082 3⁰
154 2019 195 2082 ln
220 2015 379 2081 electione
404 2016 445 2080 de
469 2039 535 2102 qua
559 2019 825 2094 controvertitur,
857 2016 1011 2082 Pontifici
1045 2040 1130 2082 com·

16 2119 86 2198 petit
118 2119 152 2196 a)
185 2126 222 2178 ut
250 2117 419 2200 principes
450 2125 583 2178 moveat
612 2115 656 2179 ad
687 2114 924 2179 restituendam
957 2119 1129 2183 unitatem.

17 2211 45 2298 b)
67 2215 137 2278 Aut
160 2211 348 2277 voluntarie
373 2212 514 2298 eligetur
535 2212 693 2277 Pontifex
716 2215 751 2277 in
775 2211 947 2295 arbitrum,
979 2224 1036 2276 aut
1054 2214 1130 2298 jure

13 2313 135 2396 proprio
169 2319 201 2373 et
229 2311 327 2374 insito
360 2312 418 2374 uni
448 2312 604 2392 assentit3
640 2333 717 2375 nam
742 2310 894 2375 Ecclesia
925 2334 991 2376 non
1022 2323 1131 2397 potest

13 2407 60 2472 diu
90 2429 206 2472 carere
229 2407 391 2471 advocato
417 2418 449 2472 et
473 2408 655 2474 defensore.
703 2409 857 2473 Pontifex
891 2431 956 2474 non
983 2410 1129 2494 juridice

11 2505 141 2591 inquirit
165 2517 197 2569 et
220 2505 369 2570 decernit
392 2506 502 2592 quoad
525 2506 650 2570 factum
675 2505 854 2588 electionis,
880 2506 937 2571 sed
962 2507 1003 2571 de
1027 2508 1129 2593 quali-

12 2604 125 2668 tatibus
152 2604 290 2688 inquirit
317 2603 507 2686 electorum,
533 2613 565 2668 et
587 2605 732 2690 praefert
762 2627 840 2668 eum
868 2607 925 2690 qui
949 2607 1057 2690 aptior
1081 2617 1131 2670 est

13 2702 46 2764 ad
75 2702 306 2766 defensionem
340 2702 521 2768 Ecclesiae.
535 2704 559 2784 ¹)
613 2701 770 2788 Sequitur
800 2725 843 2766 ex
873 2702 925 2767 his
956 2705 1129 2789 principiis

11 2802 109 2881 enam,
148 2821 168 2862 a
201 2798 362 2863 Pontifice
400 2809 577 2886 utrumque
615 2803 873 2886 competitorem,
912 2802 939 2864 si
971 2802 1131 2884 indignus

11 2899 204 2978 inveniatur,
229 2895 321 2982 rejici
346 2919 452 2981 posse.
476 2936 520 2945 —
544 2899 741 2963 Pontificem
757 2921 835 2962 vero
861 2901 895 2962 in
912 2899 1066 2962 examine
1087 2900 1128 2964 de

11 2995 131 3060 dnobus
157 2995 430 3079 competitoribus
454 2997 615 3082 instituto,
648 2999 749 3062 etiam
772 3019 853 3082 prae
877 2996 981 3060 oculis
1004 2996 1127 3062 habere

10 3115 95 3178 posse
119 3093 197 3179 jura
220 3091 265 3156 ad
287 3115 428 3178 regnum
452 3093 494 3158 ab
519 3104 658 3181 utroque
686 3094 799 3179 allata,
831 3116 891 3179 per
920 3115 954 3156 se
987 3093 1127 3158 dubium

11 3215 71 3256 esse
94 3191 225 3278 nequit

86 3291 256 3356 Joannem
280 3289 382 3354 XXII
415 3291 478 3354 ista
504 3290 591 3376 juris
619 3291 785 3375 principia
818 3287 909 3352 haud
933 3287 1127 3371 deseruisse,

10 3409 44 3450 er
65 3389 164 3452 factis
195 3386 294 3451 facile
328 3387 511 3471 colligetur.
558 3387 623 3452 Sed
647 3387 730 3452 illud
760 3387 934 3451 advertere
958 3388 1126 3468 convenit,

10 3487 162 3550 minorem
198 3483 323 3549 Joanni
363 3507 464 3572 quam
502 3486 670 3572 quondam
705 3485 900 3549 Innocentio
934 3484 987 3548 Ill
1023 3483 1128 3549 fuisse

8 3586 231 3648 auctoritatem
270 3604 308 3646 eo
347 3585 434 3668 ipso,
475 3583 564 3669 quod
603 3605 669 3648 non
700 3583 825 3648 Romae
862 3583 920 3648 sed
949 3584 1126 3648 Avenione

8 3681 175 3746 residebat.
217 3681 309 3745 Dum
333 3679 500 3746 influxum
525 3703 639 3766 regum
655 3679 784 3746 Galliae
800 3681 972 3747 Pontificis
995 3680 1127 3746 actibus

8 3780 142 3860 subesse,
167 3779 338 3864 principes
362 3788 395 3843 et
417 3777 531 3865 populi
549 3781 705 3844 continuo
723 3781 979 3866 suspicarentur,
1004 3781 1124 3844 minori

8 3897 72 3941 cnm
95 3877 287 3941 reverentia
318 3898 466 3963 eaquae
490 3900 510 3940 a
534 3879 567 3942 S.
592 3875 677 3942 Sede
708 3877 833 3942 fiebant
862 3876 1123 3963 accipiebantur.

1143 921 1261 971 Principia
1276 921 1308 962 do

1169 985 1276 1033 lmperto.

8 4071 215 4082 ————--—-

9 4273 26 4328 ο
49 4193 176 4330 Gulqtfrv
188 4193 304 4339 Dgissgqtd
323 4194 398 4250 Tom.
418 4193 450 4250 V.
470 4194 584 4250 Dissert.
602 4195 703 4256 XXVI,
723 4195 745 4250 1.
764 4211 809 4250 nn.
830 4195 863 4250 16
882 4207 954 4264 sqq.;
974 4199 1002 4249 et
1020 4194 1126 4263 Hefcle,
