2850 4834
423 472 636 540 Templariorum
656 483 756 528 reatus.
1098 476 1150 530 145

29 618 102 679 aeri
136 615 345 701 invenitur.¹)
393 615 482 680 Fieri
516 639 595 680 sane
619 619 726 701 potuit
749 617 839 703 apud
865 617 1081 705 Templarios,
1113 628 1150 682 ut

30 714 124 778 multi
154 717 209 800 qui
242 712 489 799 recipiebantur
527 715 644 778 timore
677 717 820 800 perculsi
853 717 935 780 ritus
970 718 1090 801 impios
1119 727 1151 780 et

28 828 138 896 turpes
173 823 381 896 peragerent,
422 814 502 897 quin
538 823 649 876 tamen
686 813 785 877 fidem
822 813 921 899 plane
956 813 1150 900 abjicerent.

29 909 125 972 Certe
139 910 273 996 plurimi
291 933 353 988 oro,
378 931 445 974 non
462 910 565 989 corde,
590 933 623 974 se
642 909 811 976 Christum
828 933 965 995 negasse
983 913 1148 977 dixerunt.

28 1006 127 1086 Quod
158 1011 276 1070 attinet
308 1007 350 1072 ad
384 1007 605 1072 idololatriam
637 1018 670 1072 et
700 1009 928 1073 adorationem
963 1009 1060 1092 idoli,
1097 1008 1149 1072 vel

26 1107 144 1190 capitis
168 1104 343 1190 cujusdam
367 1103 511 1188 burbati‚
538 1105 590 1168 vel
615 1105 753 1188 colubri,
778 1109 878 1170 etiam
903 1106 1075 1171 obscurior
1097 1130 1150 1170 res

25 1217 79 1282 est,
114 1226 154 1266 ac
177 1225 337 1285 rumores,
363 1205 410 1268 uti
434 1204 506 1268 fieri
531 1203 621 1286 solet,
646 1205 804 1268 videntur
826 1205 979 1291 turpibus
1003 1207 1150 1290 turpiora

25 1300 205 1365 addidisse.
251 1301 364 1366 Potuit
394 1313 505 1366 tamen
530 1304 672 1367 existere
704 1303 794 1388 apud
820 1303 929 1387 plures
961 1306 1148 1389 superstitio

25 1397 136 1484 aliqua
160 1397 406 1481 Gnosticorum,
438 1401 713 1465 Manichaeorum
745 1410 778 1464 et
801 1401 1033 1484 Albigensium
1066 1424 1149 1466 erro-

24 1499 115 1561 ribus
139 1497 262 1580 affinis,
287 1501 333 1562 ita
356 1509 393 1562 ut
417 1501 619 1584 principium
644 1499 767 1564 malum
791 1499 833 1563 ad
856 1498 1038 1563 obtinenda
1062 1500 1150 1564 bona

25 1615 164 1674 terrena,
191 1596 253 1660 sub
277 1596 388 1681 aliqua
411 1596 521 1680 effigie
547 1597 701 1678 colerent,
731 1597 818 1681 quod
843 1596 969 1660 idolum
994 1597 1151 1662 dicuntur

26 1695 252 1779 lmphometam
267 1693 459 1779 appellasse.
497 1695 614 1758 Edidit
626 1717 664 1758 ea
678 1695 718 1759 do
731 1695 936 1758 reHammsr
952 1695 1150 1758 dissertatio-

26 1814 94 1856 nem
110 1793 323 1876 inscriptam:
338 1793 523 1877 illpsteriam
531 1793 718 1878 Baphomcti
729 1793 891 1870 detectum,
905 1792 1149 1878 seuTemplarii

26 1912 134 1952 sorum
161 1891 387 1952 monumentis
411 1891 599 1969 convicti,²)
630 1899 729 1975 atque
754 1890 926 1954 ostendere
951 1892 1077 1972 nititur,
1102 1893 1150 1954 uti

25 1987 182 2066 diximus,
209 1987 414 2073 Templarios
438 1988 539 2050 fuisse
557 1987 734 2052 Gnostieos
758 1999 791 2052 et
814 1987 966 2074 Ophites,
991 1997 1024 2052 et
1047 1989 1149 2053 veluti

24 2086 98 2148 tales
114 2087 318 2170 apostasiae,
343 2085 548 2150 idololatriae
565 2097 598 2148 et
614 2087 813 2171 impuritatis
828 2109 899 2150 reos
914 2086 1027 2153 fuisse.
1052 2089 1151 2150 Putat

25 2207 141 2248 nomen
158 2182 360 2267 Baphometi
384 2185 594 2248 efformatum
619 2207 689 2248 esse
705 2207 747 2248 ex
765 2184 904 2248 vocibus
919 2188 1010 2270 ,lump
1026 2207 1150 2271 μητεος,

25 2305 102 2366 quae
127 2283 280 2367 spiritus,
305 2283 487 2366 sapientiae
512 2304 570 2345 seu
594 2283 896 2367 iguisbaptismum
914 2283 1150 2366 significarent,

26 2381 53 2444 id
75 2379 171 2466 quod
199 2391 270 2442 erat
286 2389 435 2443 veterum
450 2377 686 2444 Gnosticorum
704 2380 917 2465 proprium.⁸)
942 2379 1007 2444 Sed
1020 2380 1151 2464 longius

25 2481 77 2542 ista
102 2479 216 2564 petita
239 2485 316 2541 sunt
339 2499 401 2540 nec
425 2479 504 2541 satis
527 2476 679 2562 probata.
717 2478 915 2562 Baphometi
934 2500 1054 2542 nomen
1078 2501 1153 2542 ceu-

25 2599 122 2640 serem
149 2577 276 2661 potius,
307 2597 383 2638 cum
408 2575 482 2640 aliis
507 2575 709 2657 auctoribus,
736 2599 777 2638 ex
803 2577 974 2638 illahomcti
998 2586 1152 2662 corrupta

25 2697 97 2738 roee
133 2675 329 2740 formatum.
379 2672 490 2752 Quum
522 2672 642 2757 vulgus
675 2677 811 2738 nomina
842 2673 899 2736 tali
935 2676 1062 2738 ratione
1092 2697 1150 2759 pro

24 2773 160 2838 faciliori
190 2772 461 2856 pronuntiatione
486 2794 696 2857 corrumpere
722 2771 865 2854 soleat,⁴)
889 2772 1038 2836 rudiores
1057 2771 1151 2836 Tem·

25 2871 112 2956 plarii
129 2870 322 2934 servientes
340 2869 661 2934 Muhamedanorum
681 2869 1027 2955 pseudo-prophetam,
1052 2891 1151 2954 quem

25 2971 51 3034 in
86 2990 228 3036 summa
263 2969 476 3032 veneratione
512 2968 601 3053 apud
638 2970 726 3053 ipsos
763 2965 997 3048 inveniebant,
1038 2989 1152 3032 eorum

89 3231 110 3296 ¹)
132 3229 184 3282 Ita
198 3225 305 3278 Wilcke
323 3225 342 3279 l.
356 3241 377 3280 o.
392 3223 429 3280 Il.
450 3225 510 3279 139.
539 3225 623 3288 „Eine
643 3223 768 3278 thuliche
787 3225 840 3276 Art
858 3240 920 3276 zum
933 3223 1150 3290 Stillschweigen

25 3325 49 3361 zu
63 3309 230 3368 rerbinden,
250 3305 314 3358 fand
324 3304 380 3358 sich
394 3304 447 3358 seit
460 3305 519 3358 dein
531 3305 696 3358 llittelalter
715 3305 757 3358 hei
772 3303 842 3357 allen
855 3304 960 3367 Gilden,
980 3319 1023 3356 arn
1037 3304 1150 3356 meisten

25 3390 59 3444 bei
77 3392 129 3444 deu
142 3385 346 3442 Steinmetaen.
384 3385 524 3452 (Holberg
543 3385 747 3452 Beschreibung
767 3385 815 3437 der
828 3383 1025 3438 Haudelsstadt
1042 3383 1151 3452 Bergan

24 3472 47 3524 in
67 3472 232 3536 Norwegen
259 3465 296 3518 Il.
325 3466 350 3520 S.
376 3467 430 3532 59.)
468 3465 537 3518 Dass
556 3482 618 3520 man
637 3465 705 3519 noch
730 3464 954 3533 uuaustiindiger,
985 3463 1153 3532 getiihlloser

25 3551 70 3604 und
91 3545 300 3604 schreeklioher
327 3545 431 3599 hierbei
455 3544 599 3599 verlohren
625 3545 722 3610 kenne,
750 3545 844 3598 lehren
871 3544 914 3598 die
939 3544 1076 3598 siunlosen
1100 3541 1152 3596 Ge-

25 3631 139 3694 brtuche‚
167 3625 275 3680 welche
293 3625 336 3679 die
355 3624 537 3678 franzosische
556 3625 754 3678 Freimaurerei
773 3625 802 3678 iu
821 3624 894 3677 ihrer
913 3623 1073 3692 Entartuug
1092 3638 1153 3676 ror-

26 3712 82 3764 uals
100 3713 128 3766 in
150 3706 341 3775 Annendung
366 3706 498 3775 gebracht
520 3708 577 3771 hat,
606 3721 739 3775 wogegen
765 3706 829 3773 jeue
848 3705 936 3760 Kassa
963 3706 1011 3759 der
1029 3703 1153 3772 Templer

26 3793 83 3846 noch
102 3787 252 3856 zulasaige
270 3787 428 3842 Gebrtuohs
448 3793 572 3854 genennt
591 3787 699 3841 werden
719 3787 853 3843 honneur

88 3891 109 3958 ²)
129 3889 228 3944 llines
247 3886 280 3939 de
297 3885 419 3952 l’Orient,
438 3893 502 3942 tom.
522 3885 571 3941 Vl.

88 3991 110 4055 ⁸)
130 3988 165 4040 V.
188 3984 297 4048 Palma,
316 3984 448 4039 Praeleot.
467 3985 498 4038 T.
518 3983 571 4040 111.
590 3984 621 4041 P.
640 3983 677 4036 ΙΙ.
698 3999 719 4036 c.
739 3983 803 4039 XII.

87 4089 108 4147 ⁴)
129 4087 177 4140 Ita
199 4083 276 4150 apud
293 4083 378 4136 Italos
396 4082 489 4137 audies
508 4097 604 4136 nomen
626 4080 782 4143 „Rafaello“
807 4086 963 4148 corruptum
982 4096 998 4132 s
1017 4079 1103 4147 vulga
1121 4079 1151 4132 in

29 4167 231 4222 ,Weffabello‘t
252 4191 285 4201 -
305 4161 429 4216 Litterae
449 4168 540 4216 autem
555 4163 590 4214 M
607 4161 636 4216 in
651 4163 685 4222 B,
706 4169 734 4214 et
753 4160 863 4214 litterae
883 4162 915 4214 II
932 4157 961 4213 in
980 4160 1009 4213 F
1022 4173 1150 4228 persaepe

28 4247 52 4298 tr
69 4248 137 4316 apud
157 4242 247 4300 rudes
267 4242 392 4296 mutatio.
429 4242 484 4298 Cfr.
504 4241 615 4308 Giraud,
627 4241 752 4310 ,Ophites
769 4257 813 4309 pp.
833 4241 884 4294 281
905 4256 962 4308 sqq.

72 4367 220 4416 Jungmnn,
237 4361 425 4400 Dissertationos.
441 4361 506 4400 rom.
523 4359 561 4400 Vl.
959 4349 991 4401 10
