<?xml version="1.0" encoding="UTF-8"?>
<!DOCTYPE html PUBLIC "-//W3C//DTD XHTML 1.0 Transitional//EN"
    "http://www.w3.org/TR/xhtml1/DTD/xhtml1-transitional.dtd">
<html xmlns="http://www.w3.org/1999/xhtml" xml:lang="en" lang="en">
 <head>
  <title>
</title>
<meta http-equiv="Content-Type" content="text/html;charset=utf-8" />
  <meta name='ocr-system' content='tesseract 3.04.00' />
  <meta name='ocr-capabilities' content='ocr_page ocr_carea ocr_par ocr_line ocrx_word'/>
</head>
<body>
  <div class='ocr_page' id='page_1' title='image "./dissertationess00junggoog_0168.png"; bbox 0 0 2916 4842; ppageno 0'>
   <div class='ocr_carea' id='block_1_1' title="bbox 322 461 1127 534">
    <p class='ocr_par' dir='ltr' id='par_1_1' title="bbox 322 461 1127 534">
     <span class='ocr_line' id='line_1_1' title="bbox 322 461 1127 534; baseline -0.001 -19"><span class='ocrx_word' id='word_1_1' title='bbox 322 462 445 516; x_wconf 81' lang='lat' dir='ltr'><strong>Eventus</strong></span> <span class='ocrx_word' id='word_1_2' title='bbox 464 467 525 529; x_wconf 90' lang='lat' dir='ltr'><strong>post</strong></span> <span class='ocrx_word' id='word_1_3' title='bbox 544 476 635 528; x_wconf 90' lang='lat' dir='ltr'><strong>pacem</strong></span> <span class='ocrx_word' id='word_1_4' title='bbox 654 461 819 516; x_wconf 76' lang='lat' dir='ltr'><strong>restitutam.</strong></span> <span class='ocrx_word' id='word_1_5' title='bbox 1022 525 1026 534; x_wconf 90' lang='lat'>.</span> <span class='ocrx_word' id='word_1_6' title='bbox 1075 461 1127 516; x_wconf 80' lang='lat'><strong>153</strong></span> 
     </span>
    </p>
   </div>
   <div class='ocr_carea' id='block_1_2' title="bbox 38 603 1169 4315">
    <p class='ocr_par' dir='ltr' id='par_1_2' title="bbox 44 603 1169 2446">
     <span class='ocr_line' id='line_1_2' title="bbox 55 603 1130 692; baseline 0.002 -26"><span class='ocrx_word' id='word_1_7' title='bbox 55 605 221 684; x_wconf 79' lang='lat' dir='ltr'><strong>Tusculanae,</strong></span> <span class='ocrx_word' id='word_1_8' title='bbox 235 627 322 692; x_wconf 90' lang='lat' dir='ltr'><strong>quae</strong></span> <span class='ocrx_word' id='word_1_9' title='bbox 338 605 491 668; x_wconf 84' lang='lat' dir='ltr'><strong>Pontifici</strong></span> <span class='ocrx_word' id='word_1_10' title='bbox 508 606 642 690; x_wconf 87' lang='lat' dir='ltr'><strong>propria</strong></span> <span class='ocrx_word' id='word_1_11' title='bbox 657 615 736 687; x_wconf 86' lang='lat' dir='ltr'><strong>erat,</strong></span> <span class='ocrx_word' id='word_1_12' title='bbox 761 605 920 668; x_wconf 88' lang='lat' dir='ltr'><strong>Romanis</strong></span> <span class='ocrx_word' id='word_1_13' title='bbox 935 626 1013 668; x_wconf 89' lang='lat' dir='ltr'><strong>vero</strong></span> <span class='ocrx_word' id='word_1_14' title='bbox 1030 603 1130 668; x_wconf 87' lang='lat' dir='ltr'><strong>valde</strong></span> 
     </span>
     <span class='ocr_line' id='line_1_3' title="bbox 52 701 1125 790; baseline 0.001 -27"><span class='ocrx_word' id='word_1_15' title='bbox 52 724 176 779; x_wconf 70' lang='grc'><strong>11111180</strong></span> <span class='ocrx_word' id='word_1_16' title='bbox 198 701 286 790; x_wconf 91' lang='lat' dir='ltr'><strong>quod</strong></span> <span class='ocrx_word' id='word_1_17' title='bbox 310 701 462 765; x_wconf 77' lang='lat' dir='ltr'><strong>hostilem</strong></span> <span class='ocrx_word' id='word_1_18' title='bbox 487 705 520 765; x_wconf 94' lang='lat' dir='ltr'><strong>in</strong></span> <span class='ocrx_word' id='word_1_19' title='bbox 546 704 632 787; x_wconf 87' lang='lat' dir='ltr'><strong>ipsos</strong></span> <span class='ocrx_word' id='word_1_20' title='bbox 656 704 806 766; x_wconf 90' lang='lat' dir='ltr'><strong>animum</strong></span> <span class='ocrx_word' id='word_1_21' title='bbox 830 701 1019 787; x_wconf 88' lang='lat' dir='ltr'><strong>frequenter</strong></span> <span class='ocrx_word' id='word_1_22' title='bbox 1043 701 1125 764; x_wconf 84' lang='lat' dir='ltr'><strong>Tus-</strong></span> 
     </span>
     <span class='ocr_line' id='line_1_4' title="bbox 52 798 1129 886; baseline 0.003 -27"><span class='ocrx_word' id='word_1_23' title='bbox 52 799 196 865; x_wconf 74' lang='lat' dir='ltr'><strong>culsnenses</strong></span> <span class='ocrx_word' id='word_1_24' title='bbox 234 799 456 865; x_wconf 84' lang='lat' dir='ltr'><strong>ostenderant.</strong></span> <span class='ocrx_word' id='word_1_25' title='bbox 528 799 719 885; x_wconf 84' lang='lat' dir='ltr'><strong>Composita</strong></span> <span class='ocrx_word' id='word_1_26' title='bbox 766 821 849 886; x_wconf 88' lang='lat' dir='ltr'><strong>pace</strong></span> <span class='ocrx_word' id='word_1_27' title='bbox 891 798 1045 863; x_wconf 83' lang='lat' dir='ltr'><strong>Clemens</strong></span> <span class='ocrx_word' id='word_1_28' title='bbox 1077 798 1129 862; x_wconf 90' lang='grc' dir='ltr'><strong>ΙΙΙ</strong></span> 
     </span>
     <span class='ocr_line' id='line_1_5' title="bbox 51 885 1152 984; baseline 0.002 -26"><span class='ocrx_word' id='word_1_29' title='bbox 51 919 138 962; x_wconf 82' lang='lat' dir='ltr'><strong>sunna</strong></span> <span class='ocrx_word' id='word_1_30' title='bbox 157 899 378 962; x_wconf 85' lang='lat' dir='ltr'><strong>Romanorum</strong></span> <span class='ocrx_word' id='word_1_31' title='bbox 409 898 536 961; x_wconf 87' lang='lat' dir='ltr'><strong>laetitia</strong></span> <span class='ocrx_word' id='word_1_32' title='bbox 560 899 594 961; x_wconf 92' lang='lat' dir='ltr'><strong>in</strong></span> <span class='ocrx_word' id='word_1_33' title='bbox 620 898 711 963; x_wconf 87' lang='lat' dir='ltr'><strong>Urbe</strong></span> <span class='ocrx_word' id='word_1_34' title='bbox 743 909 896 983; x_wconf 89' lang='lat' dir='ltr'><strong>receptus</strong></span> <span class='ocrx_word' id='word_1_35' title='bbox 920 907 969 961; x_wconf 88' lang='lat' dir='ltr'><strong>est</strong></span> <span class='ocrx_word' id='word_1_36' title='bbox 999 885 1152 984; x_wconf 70' lang='lat' dir='ltr'><strong>(mense&#39;</strong></span> 
     </span>
     <span class='ocr_line' id='line_1_6' title="bbox 51 995 1126 1077; baseline 0.003 -21"><span class='ocrx_word' id='word_1_37' title='bbox 51 995 114 1058; x_wconf 84' lang='lat' dir='ltr'><strong>febr.</strong></span> <span class='ocrx_word' id='word_1_38' title='bbox 132 999 203 1062; x_wconf 89' lang='lat' dir='ltr'><strong>anni</strong></span> <span class='ocrx_word' id='word_1_39' title='bbox 231 995 340 1077; x_wconf 89' lang='lat'>1188).</span> <span class='ocrx_word' id='word_1_40' title='bbox 364 1034 407 1042; x_wconf 91' lang='lat'>—</span> <span class='ocrx_word' id='word_1_41' title='bbox 432 995 545 1076; x_wconf 76' lang='lat' dir='ltr'><strong>Quum</strong></span> <span class='ocrx_word' id='word_1_42' title='bbox 577 1018 688 1060; x_wconf 89' lang='lat' dir='ltr'><strong>mense</strong></span> <span class='ocrx_word' id='word_1_43' title='bbox 719 995 903 1060; x_wconf 87' lang='lat' dir='ltr'><strong>Novembri</strong></span> <span class='ocrx_word' id='word_1_44' title='bbox 934 997 1013 1060; x_wconf 88' lang='lat' dir='ltr'><strong>anni</strong></span> <span class='ocrx_word' id='word_1_45' title='bbox 1041 996 1126 1059; x_wconf 86' lang='grc'><strong>1189</strong></span> 
     </span>
     <span class='ocr_line' id='line_1_7' title="bbox 50 1092 1125 1175; baseline 0.003 -21"><span class='ocrx_word' id='word_1_46' title='bbox 50 1092 191 1158; x_wconf 81' lang='lat' dir='ltr'><strong>fmlielmns</strong></span> <span class='ocrx_word' id='word_1_47' title='bbox 206 1093 240 1158; x_wconf 94' lang='lat' dir='ltr'><strong>II</strong></span> <span class='ocrx_word' id='word_1_48' title='bbox 265 1092 399 1158; x_wconf 87' lang='lat' dir='ltr'><strong>Siciliae</strong></span> <span class='ocrx_word' id='word_1_49' title='bbox 422 1115 482 1157; x_wconf 87' lang='lat' dir='ltr'><strong>rex</strong></span> <span class='ocrx_word' id='word_1_50' title='bbox 506 1095 577 1158; x_wconf 91' lang='lat' dir='ltr'><strong>sine</strong></span> <span class='ocrx_word' id='word_1_51' title='bbox 594 1093 736 1158; x_wconf 89' lang='lat' dir='ltr'><strong>haerede</strong></span> <span class='ocrx_word' id='word_1_52' title='bbox 752 1094 909 1175; x_wconf 89' lang='lat' dir='ltr'><strong>masculo,</strong></span> <span class='ocrx_word' id='word_1_53' title='bbox 935 1115 997 1156; x_wconf 90' lang='lat' dir='ltr'><strong>nec</strong></span> <span class='ocrx_word' id='word_1_54' title='bbox 1011 1093 1125 1157; x_wconf 89' lang='lat' dir='ltr'><strong>relicto</strong></span> 
     </span>
     <span class='ocr_line' id='line_1_8' title="bbox 49 1190 1126 1278; baseline 0.005 -27"><span class='ocrx_word' id='word_1_55' title='bbox 49 1203 206 1272; x_wconf 74' lang='lat' dir='ltr'><strong>eramento,</strong></span> <span class='ocrx_word' id='word_1_56' title='bbox 232 1191 378 1273; x_wconf 84' lang='lat' dir='ltr'><strong>obiisset,</strong></span> <span class='ocrx_word' id='word_1_57' title='bbox 408 1191 593 1256; x_wconf 88' lang='lat' dir='ltr'><strong>secundum</strong></span> <span class='ocrx_word' id='word_1_58' title='bbox 621 1193 678 1278; x_wconf 90' lang='lat' dir='ltr'><strong>jus</strong></span> <span class='ocrx_word' id='word_1_59' title='bbox 710 1191 842 1256; x_wconf 87' lang='lat' dir='ltr'><strong>feudale</strong></span> <span class='ocrx_word' id='word_1_60' title='bbox 874 1190 957 1255; x_wconf 91' lang='lat' dir='ltr'><strong>illud</strong></span> <span class='ocrx_word' id='word_1_61' title='bbox 987 1214 1126 1276; x_wconf 84' lang='lat' dir='ltr'><strong>regnum</strong></span> 
     </span>
     <span class='ocr_line' id='line_1_9' title="bbox 47 1287 1162 1376; baseline 0.004 -28"><span class='ocrx_word' id='word_1_62' title='bbox 47 1288 72 1350; x_wconf 85' lang='lat' dir='ltr'><strong>ad</strong></span> <span class='ocrx_word' id='word_1_63' title='bbox 90 1287 187 1354; x_wconf 84' lang='lat' dir='ltr'><strong>Sedem</strong></span> <span class='ocrx_word' id='word_1_64' title='bbox 213 1289 451 1375; x_wconf 89' lang='lat' dir='ltr'><strong>Apostolicum,</strong></span> <span class='ocrx_word' id='word_1_65' title='bbox 477 1292 572 1376; x_wconf 89' lang='lat' dir='ltr'><strong>cujus</strong></span> <span class='ocrx_word' id='word_1_66' title='bbox 589 1290 726 1354; x_wconf 91' lang='lat' dir='ltr'><strong>feudum</strong></span> <span class='ocrx_word' id='word_1_67' title='bbox 743 1300 823 1371; x_wconf 88' lang='lat' dir='ltr'><strong>erat,</strong></span> <span class='ocrx_word' id='word_1_68' title='bbox 847 1289 1028 1354; x_wconf 82' lang='lat' dir='ltr'><strong>recidisset.</strong></span> <span class='ocrx_word' id='word_1_69' title='bbox 1062 1289 1128 1356; x_wconf 87' lang='lat' dir='ltr'><strong>Sed</strong></span> <span class='ocrx_word' id='word_1_70' title='bbox 1160 1363 1162 1371; x_wconf 17' lang='grc' dir='ltr'><strong>Α</strong></span> 
     </span>
     <span class='ocr_line' id='line_1_10' title="bbox 47 1384 1169 1474; baseline 0.005 -28"><span class='ocrx_word' id='word_1_71' title='bbox 47 1384 152 1450; x_wconf 76' lang='lat' dir='ltr'><strong>clevatus</strong></span> <span class='ocrx_word' id='word_1_72' title='bbox 173 1390 207 1451; x_wconf 93' lang='lat' dir='ltr'><strong>in</strong></span> <span class='ocrx_word' id='word_1_73' title='bbox 232 1388 388 1451; x_wconf 87' lang='lat' dir='ltr'><strong>thronum</strong></span> <span class='ocrx_word' id='word_1_74' title='bbox 412 1411 431 1450; x_wconf 85' lang='lat' dir='ltr'>a</span> <span class='ocrx_word' id='word_1_75' title='bbox 456 1387 669 1471; x_wconf 86' lang='lat' dir='ltr'><strong>magnatibus</strong></span> <span class='ocrx_word' id='word_1_76' title='bbox 702 1399 734 1452; x_wconf 89' lang='lat' dir='ltr'><strong>et</strong></span> <span class='ocrx_word' id='word_1_77' title='bbox 758 1388 879 1474; x_wconf 91' lang='lat' dir='ltr'><strong>populo</strong></span> <span class='ocrx_word' id='word_1_78' title='bbox 904 1389 967 1452; x_wconf 87' lang='lat' dir='ltr'><strong>fuit</strong></span> <span class='ocrx_word' id='word_1_79' title='bbox 995 1390 1125 1452; x_wconf 82' lang='lat' dir='ltr'><strong>Tmccrc-</strong></span> <span class='ocrx_word' id='word_1_80' title='bbox 1161 1405 1169 1424; x_wconf 80' lang='lat'><strong><em>‘</em></strong></span> 
     </span>
     <span class='ocr_line' id='line_1_11' title="bbox 46 1483 1128 1571; baseline 0.006 -29"><span class='ocrx_word' id='word_1_81' title='bbox 46 1483 194 1548; x_wconf 79' lang='lat' dir='ltr'><strong>laerones</strong></span> <span class='ocrx_word' id='word_1_82' title='bbox 218 1485 317 1566; x_wconf 88' lang='lat' dir='ltr'><strong>Licii,</strong></span> <span class='ocrx_word' id='word_1_83' title='bbox 341 1487 397 1570; x_wconf 91' lang='lat' dir='ltr'><strong>qui</strong></span> <span class='ocrx_word' id='word_1_84' title='bbox 423 1495 493 1549; x_wconf 87' lang='lat' dir='ltr'><strong>erat</strong></span> <span class='ocrx_word' id='word_1_85' title='bbox 517 1508 559 1548; x_wconf 88' lang='lat' dir='ltr'><strong>ox</strong></span> <span class='ocrx_word' id='word_1_86' title='bbox 583 1488 684 1570; x_wconf 87' lang='lat' dir='ltr'><strong>stirpe</strong></span> <span class='ocrx_word' id='word_1_87' title='bbox 708 1487 898 1571; x_wconf 84' lang='lat' dir='ltr'><strong>principum</strong></span> <span class='ocrx_word' id='word_1_88' title='bbox 921 1485 1128 1549; x_wconf 87' lang='lat' dir='ltr'><strong>Normanno-</strong></span> 
     </span>
     <span class='ocr_line' id='line_1_12' title="bbox 47 1582 1128 1669; baseline 0.002 -25"><span class='ocrx_word' id='word_1_89' title='bbox 47 1600 100 1648; x_wconf 83' lang='lat' dir='ltr'><strong>mu.</strong></span> <span class='ocrx_word' id='word_1_90' title='bbox 120 1582 293 1667; x_wconf 85' lang='lat' dir='ltr'><strong>illegitimis</strong></span> <span class='ocrx_word' id='word_1_91' title='bbox 316 1582 394 1646; x_wconf 83' lang='lat' dir='ltr'><strong>lieet</strong></span> <span class='ocrx_word' id='word_1_92' title='bbox 407 1582 584 1663; x_wconf 90' lang='lat' dir='ltr'><strong>natalibus,</strong></span> <span class='ocrx_word' id='word_1_93' title='bbox 610 1586 706 1669; x_wconf 88' lang='lat' dir='ltr'><strong>eique</strong></span> <span class='ocrx_word' id='word_1_94' title='bbox 723 1584 879 1647; x_wconf 86' lang='lat' dir='ltr'><strong>Pontifex</strong></span> <span class='ocrx_word' id='word_1_95' title='bbox 896 1585 1128 1647; x_wconf 83' lang='lat' dir='ltr'><strong>investituram</strong></span> 
     </span>
     <span class='ocr_line' id='line_1_13' title="bbox 48 1681 1128 1768; baseline 0.003 -25"><span class='ocrx_word' id='word_1_96' title='bbox 48 1681 106 1760; x_wconf 76' lang='grc'><strong>111111</strong></span> <span class='ocrx_word' id='word_1_97' title='bbox 125 1683 290 1748; x_wconf 86' lang='lat' dir='ltr'><strong>concessit.</strong></span> <span class='ocrx_word' id='word_1_98' title='bbox 338 1681 566 1767; x_wconf 86' lang='lat' dir='ltr'><strong>Perspiciebat</strong></span> <span class='ocrx_word' id='word_1_99' title='bbox 590 1684 693 1762; x_wconf 89' lang='lat' dir='ltr'><strong>enim,</strong></span> <span class='ocrx_word' id='word_1_100' title='bbox 728 1703 850 1765; x_wconf 87' lang='lat' dir='ltr'><strong>magna</strong></span> <span class='ocrx_word' id='word_1_101' title='bbox 882 1682 950 1746; x_wconf 87' lang='lat' dir='ltr'><strong>fore</strong></span> <span class='ocrx_word' id='word_1_102' title='bbox 980 1681 1128 1768; x_wconf 88' lang='lat' dir='ltr'><strong>pericula</strong></span> 
     </span>
     <span class='ocr_line' id='line_1_14' title="bbox 47 1775 1127 1870; baseline 0.009 -36"><span class='ocrx_word' id='word_1_103' title='bbox 47 1775 280 1862; x_wconf 83' lang='lat' dir='ltr'><strong>independentiae</strong></span> <span class='ocrx_word' id='word_1_104' title='bbox 305 1780 446 1844; x_wconf 87' lang='lat' dir='ltr'><strong>Romani</strong></span> <span class='ocrx_word' id='word_1_105' title='bbox 471 1781 657 1861; x_wconf 84' lang='lat' dir='ltr'><strong>Pontificis,</strong></span> <span class='ocrx_word' id='word_1_106' title='bbox 690 1783 718 1844; x_wconf 92' lang='lat' dir='ltr'><strong>si</strong></span> <span class='ocrx_word' id='word_1_107' title='bbox 742 1779 866 1870; x_wconf 88' lang='lat' dir='ltr'><strong>Apulia</strong></span> <span class='ocrx_word' id='word_1_108' title='bbox 891 1790 923 1844; x_wconf 87' lang='lat' dir='ltr'><strong>ot</strong></span> <span class='ocrx_word' id='word_1_109' title='bbox 946 1780 1061 1846; x_wconf 86' lang='lat' dir='ltr'><strong>Sicilia</strong></span> <span class='ocrx_word' id='word_1_110' title='bbox 1092 1783 1127 1844; x_wconf 90' lang='lat' dir='ltr'><strong>in</strong></span> 
     </span>
     <span class='ocr_line' id='line_1_15' title="bbox 45 1878 1127 1965; baseline 0.011 -34"><span class='ocrx_word' id='word_1_111' title='bbox 45 1885 197 1954; x_wconf 80' lang='lat' dir='ltr'><strong>potestatem</strong></span> <span class='ocrx_word' id='word_1_112' title='bbox 223 1880 376 1941; x_wconf 86' lang='lat' dir='ltr'><strong>venirent</strong></span> <span class='ocrx_word' id='word_1_113' title='bbox 392 1878 530 1942; x_wconf 87' lang='lat' dir='ltr'><strong>Henrici</strong></span> <span class='ocrx_word' id='word_1_114' title='bbox 555 1881 651 1963; x_wconf 86' lang='lat' dir='ltr'><strong>regis,</strong></span> <span class='ocrx_word' id='word_1_115' title='bbox 677 1881 743 1965; x_wconf 91' lang='lat' dir='ltr'><strong>qni,</strong></span> <span class='ocrx_word' id='word_1_116' title='bbox 772 1881 817 1942; x_wconf 91' lang='lat' dir='ltr'><strong>uti</strong></span> <span class='ocrx_word' id='word_1_117' title='bbox 834 1878 990 1959; x_wconf 86' lang='lat' dir='ltr'><strong>diximus,</strong></span> <span class='ocrx_word' id='word_1_118' title='bbox 1016 1901 1127 1964; x_wconf 86' lang='lat' dir='ltr'><strong>caspe</strong></span> 
     </span>
     <span class='ocr_line' id='line_1_16' title="bbox 44 1971 1126 2042; baseline 0.008 -11"><span class='ocrx_word' id='word_1_119' title='bbox 44 1971 135 2036; x_wconf 78' lang='lat' dir='ltr'><strong>illectus</strong></span> <span class='ocrx_word' id='word_1_120' title='bbox 157 1973 385 2040; x_wconf 83' lang='lat' dir='ltr'><strong>Constantiam</strong></span> <span class='ocrx_word' id='word_1_121' title='bbox 410 1979 547 2040; x_wconf 87' lang='lat' dir='ltr'><strong>amitam</strong></span> <span class='ocrx_word' id='word_1_122' title='bbox 572 1975 729 2040; x_wconf 86' lang='lat' dir='ltr'><strong>Gulielmi</strong></span> <span class='ocrx_word' id='word_1_123' title='bbox 754 1977 788 2040; x_wconf 94' lang='lat' dir='ltr'><strong>Il</strong></span> <span class='ocrx_word' id='word_1_124' title='bbox 813 1976 955 2040; x_wconf 88' lang='lat' dir='ltr'><strong>duxerat</strong></span> <span class='ocrx_word' id='word_1_125' title='bbox 978 1998 1126 2042; x_wconf 86' lang='lat' dir='ltr'><strong>uxorem.</strong></span> 
     </span>
     <span class='ocr_line' id='line_1_17' title="bbox 44 2067 1126 2156; baseline 0.006 -24"><span class='ocrx_word' id='word_1_126' title='bbox 44 2067 111 2132; x_wconf 78' lang='lat' dir='ltr'><strong>Brevi</strong></span> <span class='ocrx_word' id='word_1_127' title='bbox 131 2083 200 2156; x_wconf 83' lang='lat' dir='ltr'><strong>post</strong></span> <span class='ocrx_word' id='word_1_128' title='bbox 223 2083 336 2137; x_wconf 87' lang='lat' dir='ltr'><strong>tamen</strong></span> <span class='ocrx_word' id='word_1_129' title='bbox 361 2075 527 2138; x_wconf 84' lang='lat' dir='ltr'><strong>Hauricus</strong></span> <span class='ocrx_word' id='word_1_130' title='bbox 557 2097 591 2138; x_wconf 93' lang='lat' dir='ltr'><strong>se</strong></span> <span class='ocrx_word' id='word_1_131' title='bbox 616 2075 773 2154; x_wconf 86' lang='lat' dir='ltr'><strong>accinxit,</strong></span> <span class='ocrx_word' id='word_1_132' title='bbox 805 2085 842 2138; x_wconf 89' lang='lat' dir='ltr'><strong>ut</strong></span> <span class='ocrx_word' id='word_1_133' title='bbox 865 2076 966 2138; x_wconf 90' lang='lat' dir='ltr'><strong>armis</strong></span> <span class='ocrx_word' id='word_1_134' title='bbox 995 2074 1126 2138; x_wconf 85' lang='lat' dir='ltr'><strong>Italiam</strong></span> 
     </span>
     <span class='ocr_line' id='line_1_18' title="bbox 46 2168 1126 2254; baseline 0.006 -27"><span class='ocrx_word' id='word_1_135' title='bbox 46 2168 252 2234; x_wconf 74' lang='lat' dir='ltr'><strong>meridionalem</strong></span> <span class='ocrx_word' id='word_1_136' title='bbox 276 2171 340 2235; x_wconf 92' lang='lat' dir='ltr'><strong>sibi</strong></span> <span class='ocrx_word' id='word_1_137' title='bbox 366 2171 589 2254; x_wconf 82' lang='lat' dir='ltr'><strong>submitteret,</strong></span> <span class='ocrx_word' id='word_1_138' title='bbox 621 2182 654 2236; x_wconf 93' lang='lat' dir='ltr'><strong>et</strong></span> <span class='ocrx_word' id='word_1_139' title='bbox 686 2172 748 2236; x_wconf 90' lang='lat' dir='ltr'><strong>sub</strong></span> <span class='ocrx_word' id='word_1_140' title='bbox 779 2171 1024 2236; x_wconf 80' lang='lat' dir='ltr'><strong>successoribus</strong></span> <span class='ocrx_word' id='word_1_141' title='bbox 1056 2170 1126 2235; x_wconf 83' lang='lat' dir='ltr'><strong>Cle.</strong></span> 
     </span>
     <span class='ocr_line' id='line_1_19' title="bbox 45 2267 1125 2354; baseline 0.007 -29"><span class='ocrx_word' id='word_1_142' title='bbox 45 2269 127 2330; x_wconf 83' lang='lat' dir='ltr'><strong>nentis</strong></span> <span class='ocrx_word' id='word_1_143' title='bbox 147 2267 195 2331; x_wconf 92' lang='lat' dir='ltr'><strong>Ill</strong></span> <span class='ocrx_word' id='word_1_144' title='bbox 227 2271 289 2332; x_wconf 88' lang='lat' dir='ltr'><strong>isto</strong></span> <span class='ocrx_word' id='word_1_145' title='bbox 314 2269 355 2336; x_wconf 87' lang='lat' dir='ltr'><strong>de</strong></span> <span class='ocrx_word' id='word_1_146' title='bbox 379 2271 510 2354; x_wconf 88' lang='lat' dir='ltr'><strong>negotio</strong></span> <span class='ocrx_word' id='word_1_147' title='bbox 535 2291 654 2353; x_wconf 86' lang='lat' dir='ltr'><strong>graves</strong></span> <span class='ocrx_word' id='word_1_148' title='bbox 684 2269 897 2334; x_wconf 83' lang='lat' dir='ltr'><strong>difficultates</strong></span> <span class='ocrx_word' id='word_1_149' title='bbox 930 2291 1006 2333; x_wconf 90' lang='lat' dir='ltr'><strong>cum</strong></span> <span class='ocrx_word' id='word_1_150' title='bbox 1039 2269 1125 2334; x_wconf 88' lang='lat' dir='ltr'><strong>Sede</strong></span> 
     </span>
     <span class='ocr_line' id='line_1_20' title="bbox 44 2361 459 2446; baseline 0.022 -24"><span class='ocrx_word' id='word_1_151' title='bbox 44 2361 191 2446; x_wconf 73' lang='lat' dir='ltr'><strong>Apostolica</strong></span> <span class='ocrx_word' id='word_1_152' title='bbox 215 2377 349 2431; x_wconf 83' lang='lat' dir='ltr'><strong>exortae</strong></span> <span class='ocrx_word' id='word_1_153' title='bbox 373 2377 459 2431; x_wconf 89' lang='lat' dir='ltr'><strong>sunt.</strong></span> 
     </span>
    </p>

    <p class='ocr_par' dir='ltr' id='par_1_3' title="bbox 38 2463 1127 4315">
     <span class='ocr_line' id='line_1_21' title="bbox 99 2463 1124 2550; baseline 0.004 -26"><span class='ocrx_word' id='word_1_154' title='bbox 99 2463 146 2526; x_wconf 76' lang='grc'><strong>89.</strong></span> <span class='ocrx_word' id='word_1_155' title='bbox 182 2463 363 2548; x_wconf 88' lang='lat' dir='ltr'><strong>Expeditio</strong></span> <span class='ocrx_word' id='word_1_156' title='bbox 402 2466 548 2529; x_wconf 87' lang='lat' dir='ltr'><strong>cruciata</strong></span> <span class='ocrx_word' id='word_1_157' title='bbox 582 2466 714 2528; x_wconf 88' lang='lat' dir='ltr'><strong>interim</strong></span> <span class='ocrx_word' id='word_1_158' title='bbox 747 2486 866 2550; x_wconf 85' lang='lat' dir='ltr'><strong>magno</strong></span> <span class='ocrx_word' id='word_1_159' title='bbox 899 2487 974 2528; x_wconf 90' lang='lat' dir='ltr'><strong>cum</strong></span> <span class='ocrx_word' id='word_1_160' title='bbox 1008 2464 1124 2528; x_wconf 89' lang='lat' dir='ltr'><strong>ardore</strong></span> 
     </span>
     <span class='ocr_line' id='line_1_22' title="bbox 41 2562 1125 2648; baseline 0.008 -30"><span class='ocrx_word' id='word_1_161' title='bbox 41 2571 155 2644; x_wconf 74' lang='grc'><strong>11818110</strong></span> <span class='ocrx_word' id='word_1_162' title='bbox 177 2571 234 2626; x_wconf 85' lang='lat' dir='ltr'><strong>est.</strong></span> <span class='ocrx_word' id='word_1_163' title='bbox 282 2562 395 2626; x_wconf 85' lang='lat' dir='ltr'><strong>Pisani</strong></span> <span class='ocrx_word' id='word_1_164' title='bbox 424 2585 511 2628; x_wconf 91' lang='lat' dir='ltr'><strong>anno</strong></span> <span class='ocrx_word' id='word_1_165' title='bbox 539 2562 623 2627; x_wconf 91' lang='grc'><strong>1188</strong></span> <span class='ocrx_word' id='word_1_166' title='bbox 653 2585 729 2626; x_wconf 84' lang='grc'><strong>011111</strong></span> <span class='ocrx_word' id='word_1_167' title='bbox 754 2562 858 2627; x_wconf 86' lang='lat' dir='ltr'><strong>classe</strong></span> <span class='ocrx_word' id='word_1_168' title='bbox 882 2564 1125 2648; x_wconf 83' lang='lat' dir='ltr'><strong>quinquaginta</strong></span> 
     </span>
     <span class='ocr_line' id='line_1_23' title="bbox 40 2659 1124 2747; baseline 0.005 -28"><span class='ocrx_word' id='word_1_169' title='bbox 40 2659 141 2721; x_wconf 78' lang='lat' dir='ltr'><strong>uarium</strong></span> <span class='ocrx_word' id='word_1_170' title='bbox 163 2659 301 2743; x_wconf 88' lang='lat' dir='ltr'><strong>profecti</strong></span> <span class='ocrx_word' id='word_1_171' title='bbox 325 2661 695 2746; x_wconf 85' lang='lat' dir='ltr'><strong>perveneruntTyrum,</strong></span> <span class='ocrx_word' id='word_1_172' title='bbox 721 2672 753 2724; x_wconf 89' lang='lat' dir='ltr'><strong>et</strong></span> <span class='ocrx_word' id='word_1_173' title='bbox 767 2683 864 2747; x_wconf 88' lang='lat' dir='ltr'><strong>opem</strong></span> <span class='ocrx_word' id='word_1_174' title='bbox 888 2663 1124 2746; x_wconf 88' lang='lat' dir='ltr'><strong>opportunissi-</strong></span> 
     </span>
     <span class='ocr_line' id='line_1_24' title="bbox 40 2757 1124 2844; baseline 0.008 -30"><span class='ocrx_word' id='word_1_175' title='bbox 40 2771 100 2818; x_wconf 84' lang='grc'><strong>1111111</strong></span> <span class='ocrx_word' id='word_1_176' title='bbox 126 2757 267 2820; x_wconf 88' lang='lat' dir='ltr'><strong>tulerunt</strong></span> <span class='ocrx_word' id='word_1_177' title='bbox 297 2758 450 2824; x_wconf 86' lang='lat' dir='ltr'><strong>Conrado</strong></span> <span class='ocrx_word' id='word_1_178' title='bbox 487 2759 672 2823; x_wconf 88' lang='lat' dir='ltr'><strong>marchioni</strong></span> <span class='ocrx_word' id='word_1_179' title='bbox 704 2758 745 2822; x_wconf 89' lang='lat' dir='ltr'><strong>de</strong></span> <span class='ocrx_word' id='word_1_180' title='bbox 775 2759 1009 2823; x_wconf 85' lang='lat' dir='ltr'><strong>Monteferreto</strong></span> <span class='ocrx_word' id='word_1_181' title='bbox 1043 2760 1124 2844; x_wconf 88' lang='lat' dir='ltr'><strong>Tyri</strong></span> 
     </span>
     <span class='ocr_line' id='line_1_25' title="bbox 38 2849 1125 2945; baseline 0.011 -35"><span class='ocrx_word' id='word_1_182' title='bbox 38 2849 148 2936; x_wconf 89' lang='lat' dir='ltr'><strong>domino,</strong></span> <span class='ocrx_word' id='word_1_183' title='bbox 177 2856 218 2919; x_wconf 84' lang='lat' dir='ltr'><strong>ad</strong></span> <span class='ocrx_word' id='word_1_184' title='bbox 242 2856 451 2945; x_wconf 89' lang='lat' dir='ltr'><strong>repellendos</strong></span> <span class='ocrx_word' id='word_1_185' title='bbox 476 2856 625 2920; x_wconf 89' lang='lat' dir='ltr'><strong>Saladini</strong></span> <span class='ocrx_word' id='word_1_186' title='bbox 659 2858 812 2942; x_wconf 90' lang='lat' dir='ltr'><strong>impetus.</strong></span> <span class='ocrx_word' id='word_1_187' title='bbox 869 2857 969 2920; x_wconf 89' lang='lat' dir='ltr'><strong>Brevi</strong></span> <span class='ocrx_word' id='word_1_188' title='bbox 994 2868 1067 2942; x_wconf 91' lang='lat' dir='ltr'><strong>post</strong></span> <span class='ocrx_word' id='word_1_189' title='bbox 1091 2861 1125 2922; x_wconf 93' lang='lat' dir='ltr'><strong>in</strong></span> 
     </span>
     <span class='ocr_line' id='line_1_26' title="bbox 38 2949 1126 3036; baseline 0.011 -30"><span class='ocrx_word' id='word_1_190' title='bbox 38 2949 122 3016; x_wconf 78' lang='lat' dir='ltr'><strong>Asiam</strong></span> <span class='ocrx_word' id='word_1_191' title='bbox 142 2956 350 3022; x_wconf 82' lang='lat' dir='ltr'><strong>advenerunt</strong></span> <span class='ocrx_word' id='word_1_192' title='bbox 375 2954 629 3036; x_wconf 86' lang='lat' dir='ltr'><strong>Crucigerorum</strong></span> <span class='ocrx_word' id='word_1_193' title='bbox 664 2957 829 3018; x_wconf 85' lang='lat' dir='ltr'><strong>exercitus</strong></span> <span class='ocrx_word' id='word_1_194' title='bbox 853 2978 872 3018; x_wconf 91' lang='lat' dir='ltr'><strong>a</strong></span> <span class='ocrx_word' id='word_1_195' title='bbox 897 2957 1018 3036; x_wconf 88' lang='lat' dir='ltr'><strong>Dania,</strong></span> <span class='ocrx_word' id='word_1_196' title='bbox 1045 2955 1126 3020; x_wconf 87' lang='lat' dir='ltr'><strong>Ger·</strong></span> 
     </span>
     <span class='ocr_line' id='line_1_27' title="bbox 39 3052 1127 3140; baseline 0.011 -34"><span class='ocrx_word' id='word_1_197' title='bbox 39 3053 128 3128; x_wconf 81' lang='lat' dir='ltr'><strong>uanis,</strong></span> <span class='ocrx_word' id='word_1_198' title='bbox 150 3053 273 3140; x_wconf 85' lang='lat' dir='ltr'><strong>Belgio,</strong></span> <span class='ocrx_word' id='word_1_199' title='bbox 298 3052 409 3119; x_wconf 81' lang='lat' dir='ltr'><strong>Gallia</strong></span> <span class='ocrx_word' id='word_1_200' title='bbox 433 3062 466 3116; x_wconf 89' lang='lat' dir='ltr'><strong>et</strong></span> <span class='ocrx_word' id='word_1_201' title='bbox 480 3052 604 3136; x_wconf 89' lang='lat' dir='ltr'><strong>Anglia</strong></span> <span class='ocrx_word' id='word_1_202' title='bbox 629 3053 768 3130; x_wconf 87' lang='lat' dir='ltr'><strong>collecti,</strong></span> <span class='ocrx_word' id='word_1_203' title='bbox 794 3075 956 3138; x_wconf 86' lang='lat' dir='ltr'><strong>opemque</strong></span> <span class='ocrx_word' id='word_1_204' title='bbox 979 3053 1127 3118; x_wconf 91' lang='lat' dir='ltr'><strong>tulerunt</strong></span> 
     </span>
     <span class='ocr_line' id='line_1_28' title="bbox 39 3139 1126 3237; baseline 0.008 -30"><span class='ocrx_word' id='word_1_205' title='bbox 39 3139 150 3213; x_wconf 73' lang='lat' dir='ltr'><strong>luidoni</strong></span> <span class='ocrx_word' id='word_1_206' title='bbox 167 3151 473 3236; x_wconf 78' lang='lat' dir='ltr'><strong>Hierosolymorum</strong></span> <span class='ocrx_word' id='word_1_207' title='bbox 498 3153 578 3235; x_wconf 89' lang='lat' dir='ltr'><strong>regi,</strong></span> <span class='ocrx_word' id='word_1_208' title='bbox 604 3152 661 3237; x_wconf 91' lang='lat' dir='ltr'><strong>qui</strong></span> <span class='ocrx_word' id='word_1_209' title='bbox 680 3173 766 3215; x_wconf 89' lang='lat' dir='ltr'><strong>anno</strong></span> <span class='ocrx_word' id='word_1_210' title='bbox 785 3152 871 3216; x_wconf 79' lang='lat'>1189</span> <span class='ocrx_word' id='word_1_211' title='bbox 886 3151 1126 3216; x_wconf 84' lang='lat' dir='ltr'><strong>Ptolomaidem</strong></span> 
     </span>
     <span class='ocr_line' id='line_1_29' title="bbox 41 3249 1127 3335; baseline 0.002 -23"><span class='ocrx_word' id='word_1_212' title='bbox 41 3251 259 3330; x_wconf 67' lang='lat' dir='ltr'><strong>oppugnandam</strong></span> <span class='ocrx_word' id='word_1_213' title='bbox 297 3251 453 3333; x_wconf 81' lang='lat' dir='ltr'><strong>suscepit,</strong></span> <span class='ocrx_word' id='word_1_214' title='bbox 512 3249 586 3313; x_wconf 89' lang='lat' dir='ltr'><strong>Hoc</strong></span> <span class='ocrx_word' id='word_1_215' title='bbox 626 3251 697 3335; x_wconf 90' lang='lat' dir='ltr'><strong>ipso</strong></span> <span class='ocrx_word' id='word_1_216' title='bbox 740 3270 828 3313; x_wconf 89' lang='lat' dir='ltr'><strong>anno</strong></span> <span class='ocrx_word' id='word_1_217' title='bbox 858 3262 979 3330; x_wconf 86' lang='lat' dir='ltr'><strong>autem,</strong></span> <span class='ocrx_word' id='word_1_218' title='bbox 1012 3272 1127 3314; x_wconf 87' lang='lat' dir='ltr'><strong>versus</strong></span> 
     </span>
     <span class='ocr_line' id='line_1_30' title="bbox 40 3335 1126 3433; baseline 0.014 -35"><span class='ocrx_word' id='word_1_219' title='bbox 40 3335 124 3408; x_wconf 70' lang='lat' dir='ltr'><strong>festum</strong></span> <span class='ocrx_word' id='word_1_220' title='bbox 148 3369 171 3410; x_wconf 87' lang='grc'><strong>8.</strong></span> <span class='ocrx_word' id='word_1_221' title='bbox 195 3346 329 3433; x_wconf 83' lang='lat' dir='ltr'><strong>Georgii</strong></span> <span class='ocrx_word' id='word_1_222' title='bbox 354 3347 430 3431; x_wconf 79' lang='lat'>(23⁰</span> <span class='ocrx_word' id='word_1_223' title='bbox 454 3347 579 3432; x_wconf 90' lang='lat' dir='ltr'><strong>Aprilis</strong></span> <span class='ocrx_word' id='word_1_224' title='bbox 607 3347 706 3433; x_wconf 88' lang='grc'><strong>1189)</strong></span> <span class='ocrx_word' id='word_1_225' title='bbox 731 3348 922 3412; x_wconf 84' lang='lat' dir='ltr'><strong>Fridericus</strong></span> <span class='ocrx_word' id='word_1_226' title='bbox 945 3350 962 3411; x_wconf 93' lang='grc' dir='ltr'>Ι</span> <span class='ocrx_word' id='word_1_227' title='bbox 983 3371 1059 3412; x_wconf 90' lang='lat' dir='ltr'><strong>cum</strong></span> <span class='ocrx_word' id='word_1_228' title='bbox 1076 3371 1126 3413; x_wconf 91' lang='lat' dir='ltr'><strong>co-</strong></span> 
     </span>
     <span class='ocr_line' id='line_1_31' title="bbox 39 3439 1126 3529; baseline 0.014 -34"><span class='ocrx_word' id='word_1_229' title='bbox 39 3439 102 3514; x_wconf 78' lang='grc'><strong>11180</strong></span> <span class='ocrx_word' id='word_1_230' title='bbox 128 3449 270 3510; x_wconf 85' lang='lat' dir='ltr'><strong>exercitu</strong></span> <span class='ocrx_word' id='word_1_231' title='bbox 301 3449 364 3510; x_wconf 86' lang='lat' dir='ltr'><strong>iter</strong></span> <span class='ocrx_word' id='word_1_232' title='bbox 396 3448 429 3509; x_wconf 92' lang='lat' dir='ltr'><strong>in</strong></span> <span class='ocrx_word' id='word_1_233' title='bbox 464 3444 635 3510; x_wconf 83' lang='lat' dir='ltr'><strong>Orientem</strong></span> <span class='ocrx_word' id='word_1_234' title='bbox 669 3466 844 3529; x_wconf 87' lang='lat' dir='ltr'><strong>aggressus</strong></span> <span class='ocrx_word' id='word_1_235' title='bbox 877 3459 942 3524; x_wconf 89' lang='lat' dir='ltr'><strong>est,</strong></span> <span class='ocrx_word' id='word_1_236' title='bbox 979 3449 1126 3510; x_wconf 87' lang='lat' dir='ltr'><strong>maxima</strong></span> 
     </span>
     <span class='ocr_line' id='line_1_32' title="bbox 40 3539 1125 3628; baseline 0.009 -30"><span class='ocrx_word' id='word_1_237' title='bbox 40 3539 151 3604; x_wconf 81' lang='lat' dir='ltr'><strong>omniun</strong></span> <span class='ocrx_word' id='word_1_238' title='bbox 175 3565 230 3628; x_wconf 87' lang='lat' dir='ltr'><strong>spe</strong></span> <span class='ocrx_word' id='word_1_239' title='bbox 253 3545 333 3628; x_wconf 85' lang='lat' dir='ltr'><strong>sore,</strong></span> <span class='ocrx_word' id='word_1_240' title='bbox 361 3554 396 3607; x_wconf 90' lang='lat' dir='ltr'><strong>ut</strong></span> <span class='ocrx_word' id='word_1_241' title='bbox 419 3543 603 3628; x_wconf 84' lang='lat' dir='ltr'><strong>Imperator</strong></span> <span class='ocrx_word' id='word_1_242' title='bbox 620 3545 742 3607; x_wconf 85' lang='lat' dir='ltr'><strong>virtute</strong></span> <span class='ocrx_word' id='word_1_243' title='bbox 767 3543 887 3608; x_wconf 90' lang='lat' dir='ltr'><strong>bellica</strong></span> <span class='ocrx_word' id='word_1_244' title='bbox 910 3544 1017 3607; x_wconf 88' lang='lat' dir='ltr'><strong>clarus</strong></span> <span class='ocrx_word' id='word_1_245' title='bbox 1032 3544 1125 3609; x_wconf 87' lang='lat' dir='ltr'><strong>Sara·</strong></span> 
     </span>
     <span class='ocr_line' id='line_1_33' title="bbox 39 3641 1124 3727; baseline 0.015 -38"><span class='ocrx_word' id='word_1_246' title='bbox 39 3651 159 3703; x_wconf 78' lang='lat' dir='ltr'><strong>cenorum</strong></span> <span class='ocrx_word' id='word_1_247' title='bbox 173 3645 352 3726; x_wconf 88' lang='lat' dir='ltr'><strong>potentiam</strong></span> <span class='ocrx_word' id='word_1_248' title='bbox 378 3641 612 3726; x_wconf 84' lang='lat' dir='ltr'><strong>confringeret.</strong></span> <span class='ocrx_word' id='word_1_249' title='bbox 637 3641 807 3727; x_wconf 87' lang='lat' dir='ltr'><strong>Superatis</strong></span> <span class='ocrx_word' id='word_1_250' title='bbox 825 3643 955 3706; x_wconf 89' lang='lat' dir='ltr'><strong>insidiis</strong></span> <span class='ocrx_word' id='word_1_251' title='bbox 971 3652 1003 3704; x_wconf 89' lang='lat' dir='ltr'><strong>et</strong></span> <span class='ocrx_word' id='word_1_252' title='bbox 1019 3644 1124 3716; x_wconf 81' lang='lat' dir='ltr'><strong>vexis,</strong></span> 
     </span>
     <span class='ocr_line' id='line_1_34' title="bbox 39 3737 1125 3825; baseline 0.004 -26"><span class='ocrx_word' id='word_1_253' title='bbox 39 3747 96 3811; x_wconf 71' lang='lat' dir='ltr'><strong>quas</strong></span> <span class='ocrx_word' id='word_1_254' title='bbox 115 3737 202 3802; x_wconf 87' lang='lat' dir='ltr'><strong>Isaac</strong></span> <span class='ocrx_word' id='word_1_255' title='bbox 225 3740 373 3825; x_wconf 85' lang='lat' dir='ltr'><strong>Angelus</strong></span> <span class='ocrx_word' id='word_1_256' title='bbox 396 3740 581 3824; x_wconf 88' lang='lat' dir='ltr'><strong>Imperator</strong></span> <span class='ocrx_word' id='word_1_257' title='bbox 605 3738 808 3804; x_wconf 84' lang='lat' dir='ltr'><strong>Graecorum</strong></span> <span class='ocrx_word' id='word_1_258' title='bbox 835 3742 864 3803; x_wconf 91' lang='grc'><strong>81</strong></span> <span class='ocrx_word' id='word_1_259' title='bbox 890 3749 1064 3821; x_wconf 86' lang='lat' dir='ltr'><strong>struxerat,</strong></span> <span class='ocrx_word' id='word_1_260' title='bbox 1090 3742 1125 3804; x_wconf 90' lang='lat' dir='ltr'><strong>in</strong></span> 
     </span>
     <span class='ocr_line' id='line_1_35' title="bbox 39 3829 1124 3924; baseline 0.015 -39"><span class='ocrx_word' id='word_1_261' title='bbox 39 3829 122 3896; x_wconf 75' lang='lat' dir='ltr'><strong>Asiam</strong></span> <span class='ocrx_word' id='word_1_262' title='bbox 145 3839 299 3902; x_wconf 84' lang='lat' dir='ltr'><strong>minorem</strong></span> <span class='ocrx_word' id='word_1_263' title='bbox 325 3839 488 3924; x_wconf 86' lang='lat' dir='ltr'><strong>pervenit,</strong></span> <span class='ocrx_word' id='word_1_264' title='bbox 520 3837 687 3901; x_wconf 86' lang='lat' dir='ltr'><strong>sultanum</strong></span> <span class='ocrx_word' id='word_1_265' title='bbox 712 3837 818 3902; x_wconf 84' lang='lat' dir='ltr'><strong>Iconii</strong></span> <span class='ocrx_word' id='word_1_266' title='bbox 844 3838 970 3923; x_wconf 87' lang='lat' dir='ltr'><strong>duplici</strong></span> <span class='ocrx_word' id='word_1_267' title='bbox 1001 3836 1124 3922; x_wconf 88' lang='lat' dir='ltr'><strong>praelio</strong></span> 
     </span>
     <span class='ocr_line' id='line_1_36' title="bbox 41 3925 1125 4022; baseline 0.015 -38"><span class='ocrx_word' id='word_1_268' title='bbox 41 3925 103 4002; x_wconf 82' lang='grc'><strong>11111,</strong></span> <span class='ocrx_word' id='word_1_269' title='bbox 124 3931 267 3999; x_wconf 88' lang='lat' dir='ltr'><strong>Iconium</strong></span> <span class='ocrx_word' id='word_1_270' title='bbox 291 3936 508 4021; x_wconf 85' lang='lat' dir='ltr'><strong>expugnavit,</strong></span> <span class='ocrx_word' id='word_1_271' title='bbox 544 3937 670 4022; x_wconf 89' lang='lat' dir='ltr'><strong>iterque</strong></span> <span class='ocrx_word' id='word_1_272' title='bbox 704 3937 738 3998; x_wconf 90' lang='lat' dir='ltr'><strong>in</strong></span> <span class='ocrx_word' id='word_1_273' title='bbox 768 3935 900 4020; x_wconf 87' lang='lat' dir='ltr'><strong>Syriam</strong></span> <span class='ocrx_word' id='word_1_274' title='bbox 931 3945 1125 4020; x_wconf 89' lang='lat' dir='ltr'><strong>prosecutus</strong></span> 
     </span>
     <span class='ocr_line' id='line_1_37' title="bbox 42 4027 1124 4119; baseline 0.005 -26"><span class='ocrx_word' id='word_1_275' title='bbox 42 4027 105 4088; x_wconf 72' lang='lat' dir='ltr'><strong>tenir</strong></span> <span class='ocrx_word' id='word_1_276' title='bbox 125 4031 312 4098; x_wconf 78' lang='lat' dir='ltr'><strong>Seleuciam.</strong></span> <span class='ocrx_word' id='word_1_277' title='bbox 360 4032 407 4096; x_wconf 89' lang='lat' dir='ltr'><strong>At</strong></span> <span class='ocrx_word' id='word_1_278' title='bbox 429 4045 503 4118; x_wconf 88' lang='lat' dir='ltr'><strong>post</strong></span> <span class='ocrx_word' id='word_1_279' title='bbox 527 4035 706 4098; x_wconf 86' lang='lat' dir='ltr'><strong>immensos</strong></span> <span class='ocrx_word' id='word_1_280' title='bbox 723 4035 885 4119; x_wconf 89' lang='lat' dir='ltr'><strong>ejusmodi</strong></span> <span class='ocrx_word' id='word_1_281' title='bbox 911 4032 1052 4115; x_wconf 89' lang='lat' dir='ltr'><strong>labores,</strong></span> <span class='ocrx_word' id='word_1_282' title='bbox 1078 4035 1124 4098; x_wconf 93' lang='lat' dir='ltr'><strong>in·</strong></span> 
     </span>
     <span class='ocr_line' id='line_1_38' title="bbox 42 4113 1123 4216; baseline 0.018 -40"><span class='ocrx_word' id='word_1_283' title='bbox 42 4113 100 4187; x_wconf 76' lang='lat' dir='ltr'><strong>lrlici</strong></span> <span class='ocrx_word' id='word_1_284' title='bbox 127 4139 155 4190; x_wconf 88' lang='lat' dir='ltr'><strong>et</strong></span> <span class='ocrx_word' id='word_1_285' title='bbox 178 4131 340 4215; x_wconf 85' lang='lat' dir='ltr'><strong>insperata</strong></span> <span class='ocrx_word' id='word_1_286' title='bbox 374 4143 478 4196; x_wconf 88' lang='lat' dir='ltr'><strong>morte</strong></span> <span class='ocrx_word' id='word_1_287' title='bbox 512 4131 696 4216; x_wconf 88' lang='lat' dir='ltr'><strong>Imperator</strong></span> <span class='ocrx_word' id='word_1_288' title='bbox 728 4133 914 4196; x_wconf 89' lang='lat' dir='ltr'><strong>exstinctus</strong></span> <span class='ocrx_word' id='word_1_289' title='bbox 945 4141 1002 4196; x_wconf 89' lang='lat' dir='ltr'><strong>est.</strong></span> <span class='ocrx_word' id='word_1_290' title='bbox 1058 4131 1123 4195; x_wconf 88' lang='lat' dir='ltr'><strong>Die</strong></span> 
     </span>
     <span class='ocr_line' id='line_1_39' title="bbox 44 4215 1122 4315; baseline 0.007 -31"><span class='ocrx_word' id='word_1_291' title='bbox 44 4215 80 4276; x_wconf 71' lang='lat'><strong>¹0⁰</strong></span> <span class='ocrx_word' id='word_1_292' title='bbox 97 4221 189 4306; x_wconf 88' lang='lat' dir='ltr'><strong>lunii,</strong></span> <span class='ocrx_word' id='word_1_293' title='bbox 221 4249 319 4312; x_wconf 88' lang='lat' dir='ltr'><strong>quum</strong></span> <span class='ocrx_word' id='word_1_294' title='bbox 344 4231 378 4294; x_wconf 93' lang='lat' dir='ltr'><strong>in</strong></span> <span class='ocrx_word' id='word_1_295' title='bbox 403 4227 523 4315; x_wconf 88' lang='lat' dir='ltr'><strong>Saleph</strong></span> <span class='ocrx_word' id='word_1_296' title='bbox 556 4229 659 4293; x_wconf 91' lang='lat' dir='ltr'><strong>fluvio</strong></span> <span class='ocrx_word' id='word_1_297' title='bbox 690 4253 723 4294; x_wconf 88' lang='grc'><strong>88</strong></span> <span class='ocrx_word' id='word_1_298' title='bbox 748 4229 866 4294; x_wconf 89' lang='lat' dir='ltr'><strong>balneo</strong></span> <span class='ocrx_word' id='word_1_299' title='bbox 900 4229 1122 4313; x_wconf 86' lang='lat' dir='ltr'><strong>refrigeraret,</strong></span> 
     </span>
    </p>
   </div>
   <div class='ocr_carea' id='block_1_3' title="bbox 0 0 1462 4842">
    <p class='ocr_par' dir='ltr' id='par_1_4' title="bbox 0 0 1462 4842">
     <span class='ocr_line' id='line_1_40' title="bbox 0 0 1462 4842; baseline 0 1"><span class='ocrx_word' id='word_1_300' title='bbox 0 0 1462 4842; x_wconf 95' lang='lat' dir='ltr'><strong> </strong></span> 
     </span>
    </p>
   </div>
  </div>
 </body>
</html>
