2902 4848
135 1901 227 1942 Indole!
242 1905 279 1944 de·

146 1969 267 2006 cretosum.

297 440 351 494 316
578 439 704 495 XXXIV.
724 439 763 492 De
783 437 902 493 Concilio
922 438 1135 493 Constantieusi.

298 583 470 665 Eugenius
483 583 531 646 IV
557 603 634 646 vcro
658 605 687 647 a.
709 583 793 647 1446
811 584 857 646 ita
872 583 1005 668 scripsit
1027 582 1070 646 ad
1088 604 1164 646 suos
1189 585 1223 646 in
1241 580 1405 647 Germania

297 679 441 764 legatos:
467 679 520 742 Ad
535 681 744 744 imitationem
759 703 800 745 aa.
819 681 880 746 PP.
897 691 927 745 et
937 680 1219 766 praedecessorum
1234 691 1405 762 aestrorum,

297 779 378 842 sicut
401 775 453 840 illi
474 777 638 863 quaerella
665 776 807 846 Concilio
831 780 977 843 venerari
1000 789 1234 856 consueverunt,
1264 779 1308 840 cic
1333 800 1407 862 pene·

297 876 386 940 ralia
422 873 565 941 Concilio
599 875 838 942 Constantiease
869 888 899 939 et
928 875 1109 940 Basileeuse
1148 876 1189 940 ab
1225 880 1293 964 ejus
1329 876 1409 938 irritis

297 997 392 1064 usquc
417 975 460 1038 ud
485 973 725 1038 translationem
743 999 806 1061 per
829 973 1039 1061 cousuetam,
1064 973 1180 1059 ubsque
1205 983 1308 1037 tamen
1326 997 1408 1059 proe-

293 1072 416 1159 judicio
432 1075 532 1160 juris,
560 1074 729 1159 dipaitatis
752 1084 781 1136 et
797 1073 1071 1159 praeeminentiae
1094 1094 1120 1134 s.
1146 1069 1240 1135 Sedis
1264 1070 1410 1158 Apostoli-

297 1193 363 1252 cue,
389 1225 394 1236 .
421 1219 428 1234 .
455 1220 462 1234 .
488 1194 556 1234 cum
579 1172 664 1234 omui
686 1173 861 1234 reuerentia
886 1181 916 1233 et
939 1169 1101 1234 deuotione
1125 1170 1324 1256 suscipimus,
1347 1192 1411 1232 coa·

293 1267 463 1354 plectimur
486 1281 515 1333 et
538 1271 765 1350 veneramur.¹)
813 1267 914 1332 Haud
946 1267 1087 1332 dubium
1119 1279 1181 1346 est,
1215 1267 1282 1332 illis
1312 1265 1411 1330 verbis

298 1366 413 1451 ubsque
437 1377 540 1430 tumea
563 1365 764 1455 praejudicio
797 1377 870 1448 etc,
907 1365 1103 1430 Pontificem
1136 1364 1281 1430 voluisse
1316 1364 1411 1430 exclu-

298 1463 377 1529 dere
401 1463 443 1527 ab
468 1467 709 1551 approbatione
734 1463 867 1527 decreta
891 1465 1046 1528 sessionis
1070 1476 1207 1549 quartae
1229 1447 1267 1527 el
1277 1465 1411 1550 quintae.

298 1564 324 1626 si
350 1585 389 1626 ea
412 1562 674 1647 intelligerentur
697 1584 795 1626 sensu
818 1561 976 1646 generali,
1002 1560 1055 1624 vel
1080 1583 1291 1648 quocumque
1318 1559 1410 1638 modo,

299 1663 355 1746 qui
397 1661 489 1746 jura,
538 1661 734 1745 dignitatem
780 1682 820 1723 ac
865 1658 1043 1744 privilegia
1079 1659 1176 1724 Sedis
1210 1660 1412 1745 Apostolicae

298 1757 484 1840 laederet.²]

389 1857 441 1920 32.
478 1855 592 1920 Restat
615 1855 711 1920 nobis
735 1855 957 1941 expendenda
981 1857 1131 1942 quaestio
1155 1857 1269 1939 gravis
1293 1877 1334 1918 ac
1358 1875 1412 1918 non

300 1957 345 2018 ita
368 1954 486 2034 facilis,
512 1976 610 2039 quem
636 1975 769 2018 sensum
793 1977 911 2020 revera
935 1954 1069 2018 decreta
1088 1953 1145 2018 illa
1159 1955 1316 2018 sessionis
1331 1975 1413 2038 quar·

298 2062 351 2116 tae
376 2065 408 2117 et
432 2053 568 2139 quintae
600 2051 778 2116 habuerint
806 2075 845 2115 ac
873 2052 1028 2118 habeant.
1082 2052 1284 2132 Quaerimus
1314 2063 1414 2114 autem

300 2150 341 2216 de
366 2173 463 2216 sensu
490 2150 625 2214 litterali
637 2162 671 2213 et
683 2149 832 2240 objectiva
852 2153 1071 2233 decretorum,
1097 2151 1153 2236 qui
1171 2148 1284 2214 verbis
1299 2169 1415 2214 eorum.

299 2251 347 2313 uti
372 2251 491 2313 emissa
515 2249 658 2330 luerunt,
692 2249 786 2327 inest,
821 2269 888 2312 non
915 2270 991 2312 vero
1025 2247 1066 2312 de
1090 2270 1186 2312 sensu
1211 2267 1312 2332 quem
1344 2248 1417 2310 forte

299 2349 332 2411 in
359 2356 469 2411 mente
502 2345 680 2411 habuerint
713 2345 815 2431 aliqui
853 2369 894 2410 ex
923 2349 982 2432 iis,
1022 2347 1079 2433 qui
1114 2347 1147 2410 in
1181 2347 1417 2410 confectionem

299 2445 430 2510 illorum
455 2445 662 2508 decretorum
687 2445 852 2508 influxum
878 2467 974 2509 suum
1000 2455 1223 2509 exercuerunt
1242 2453 1274 2508 et
1292 2465 1417 2507 sensnm

300 2545 406 2628 magis
437 2553 612 2608 extensum
641 2544 682 2607 iis
707 2542 886 2607 attribuere
911 2543 1097 2608 voluerunt.
1145 2542 1312 2622 Quamvis
1337 2543 1419 2604 enim

299 2644 333 2705 in
359 2640 609 2706 delinitionibus
634 2641 860 2705 Consiliorum
886 2663 980 2705 mens
1003 2651 1135 2727 patrum
1161 2639 1213 2703 vel
1239 2651 1420 2703 auctorum,

298 2738 434 2804 aliunde
459 2742 600 2824 cognita,
626 2741 668 2802 sit
684 2740 810 2824 optima
835 2741 1008 2825 interpres,
1034 2761 1135 2825 quum
1153 2761 1270 2802 sensus
1287 2739 1421 2802 canonis

298 2836 411 2923 aliqua
434 2838 652 2923 ambignitate
675 2836 820 2920 laborat3
846 2858 912 2900 non
935 2849 1048 2901 tamen
1073 2839 1118 2900 ita
1142 2858 1252 2901 seres
1277 2833 1422 2901 haberet.

299 2958 402 3021 quum
435 2958 527 3001 mens
557 2935 743 3022 aliquorum
775 2935 946 2998 invenitur
982 2936 1014 2999 in
1049 2931 1316 2999 contradictione
1353 2955 1421 2997 cum

299 3059 398 3099 sensu
428 3036 527 3100 obvio
552 3046 585 3098 et
608 3037 763 3121 aequiore
788 3034 922 3115 decreti,
954 3044 987 3097 et
1020 3035 1046 3096 si
1071 3031 1205 3119 probari
1237 3043 1350 3116 potest
1376 3031 1421 3093 vel

298 3133 412 3197 saltem
439 3135 615 3220 praesumi,
647 3132 736 3218 quod
761 3154 854 3195 mens
885 3130 1072 3218 aliquorum
1097 3153 1138 3194 ex
1163 3129 1423 3194 decernentibus

298 3241 357 3297 aut
380 3230 630 3296 consulentibus
654 3231 754 3294 fuerit
778 3252 915 3294 erronea
937 3241 995 3294 aut
1015 3227 1170 3294 absurda.
1208 3227 1249 3292 ln
1266 3227 1323 3292 his
1340 3231 1424 3292 enim

298 3329 432 3394 casibus
456 3329 526 3394 fieri
552 3340 660 3416 potest
682 3331 824 3414 sapienti
850 3328 913 3392 Dei
948 3326 1169 3412 providentia,
1203 3335 1241 3390 ut
1271 3349 1343 3391 non
1377 3325 1424 3390 ob

298 3429 464 3492 stantibus
487 3426 674 3514 aliquorum
699 3429 755 3513 qui
781 3426 966 3490 decernunt
989 3424 1188 3490 adversante
1204 3423 1384 3490 voluntate
1399 3440 1426 3486 et

298 3547 412 3590 eorum
446 3527 670 3612 praeiudiciis,
703 3525 837 3590 decreta
867 3523 1042 3588 obtineant
1071 3545 1204 3588 sensum
1230 3521 1377 3588 obvium
1400 3539 1426 3586 et

298 3624 484 3706 litteralem,
509 3627 566 3710 qui
591 3646 650 3710 per
673 3646 708 3687 se
724 3624 872 3708 aequiori
888 3622 1027 3686 aliorum
1042 3621 1427 3707 sententiaerespondet

298 3724 454 3808 quamvis
487 3721 533 3786 illi
565 3722 649 3787 forte
682 3722 820 3786 ulterius
854 3743 929 3785 enm
955 3719 1133 3784 extendere
1157 3717 1367 3784 desiderent..
1391 3757 1426 3766 -

298 3821 417 3906 Itaque
441 3843 505 3886 non
531 3831 581 3886 est
604 3819 766 3885 sumenda
789 3819 1016 3903 interpretatio
1048 3818 1258 3882 decretorum
1291 3819 1428 3904 quintae

299 3921 455 3984 sessionis
486 3943 505 3983 a
543 3921 683 4005 privatis
714 3916 930 4004 opinionibus
962 3917 1185 3981 disseminatis
1215 3918 1251 3980 in
1277 3915 1428 3982 Concilio

374 4152 395 4218 ¹)
414 4149 547 4217 Raynald.
567 4165 591 4202 a.
612 4148 690 4203 1416.
710 4164 736 4202 n.
756 4147 781 4203 3.

373 4231 396 4302 ²)
416 4231 471 4284 Cir.
490 4229 593 4296 Helele,
613 4229 642 4284 Ο.
662 4229 693 4284 G.
713 4227 776 4283 VII.
796 4228 819 4298 ξ.
840 4227 900 4282 778.
