3000 4838
306 433 343 488 60
503 432 609 487 XXIII.
628 432 668 486 De
686 435 762 488 statu
781 430 880 486 Eccles.
901 429 984 498 prlori
1002 430 1090 485 medio
1107 445 1176 485 saec.
1195 431 1257 486 XII.

307 575 553 656 Praenestinus,
579 573 782 658 Sabinensis,
807 574 925 638 Petrus
942 573 1056 656 Rufus,
1082 575 1269 640 Aimericus
1294 575 1437 642 Cancel-

307 673 410 738 larius
433 675 586 759 quintum
603 671 801 756 Gregorium
817 670 1029 738 Oardinalem
1044 674 1234 737 Diaconum
1259 695 1284 737 s.
1298 673 1436 756 Angeli,

308 774 450 836 invitum
475 780 509 836 et
531 770 687 835 omnibus
710 771 818 835 modis
842 771 1039 835 renitentem
1063 793 1139 834 curn
1163 769 1325 854 religiosis
1350 773 1438 836 viris

307 870 493 957 Episcopis,
520 867 764 952 Cardinalibus,
788 867 1001 954 presbyteris,
1027 867 1223 933 diaconibus
1246 877 1279 931 et
1299 868 1437 933 subdia-

309 966 448 1032 conibus
471 969 506 1031 in
530 988 696 1030 summum
720 965 916 1031 Pontificem
941 965 1119 1049 elegerunt,
1144 988 1221 1030 cum
1236 953 1331 1030 Petro
1350 967 1438 1031 Leo-

308 1068 360 1130 nis
383 1066 441 1151 qui
465 1073 535 1128 crat
558 1075 696 1128 octavus
719 1061 816 1128 Petro
840 1063 962 1127 Pisano
986 1073 1078 1127 sexto
1104 1074 1136 1127 et
1158 1064 1305 1130 Jonatha
1329 1087 1439 1128 rema·

307 1163 475 1230 nantibus.
506 1160 605 1242 Quod
628 1182 707 1226 vero
733 1171 770 1226 ut
793 1171 998 1247 compertum
1022 1171 1071 1226 est
1094 1162 1136 1226 ab
1161 1161 1213 1226 his
1236 1165 1293 1249 qui
1318 1161 1439 1226 dolum

308 1263 343 1325 in
368 1261 467 1332 corde
491 1269 729 1345 conceperunt,
762 1269 800 1323 ut
832 1260 1041 1345 iniquitatem
1072 1270 1234 1345 parerent,
1274 1260 1367 1347 (nam
1406 1269 1441 1324 et

307 1361 379 1444 ipse
402 1359 519 1422 Petrus
541 1357 665 1421 Leonis
696 1380 716 1422 a
750 1356 857 1442 longis
893 1365 978 1422 retro
1005 1356 1212 1442 temporibus
1235 1357 1279 1422 ad
1303 1356 1337 1421 id
1363 1379 1440 1442 per·

309 1457 437 1534 venire,
464 1463 500 1519 ut
523 1476 644 1519 avarus
668 1463 701 1517 et
723 1454 928 1537 ambitiosus,
952 1455 1181 1540 affectaverat,
1212 1458 1297 1520 sicut
1320 1454 1440 1519 multis

308 1553 468 1639 probatur
490 1542 635 1633 indiciis,
659 1551 765 1618 tribus
778 1551 956 1636 generibus
972 1575 1147 1617 munerum
1165 1575 1254 1618 nunc
1266 1552 1326 1617 hos
1343 1575 1441 1618 nunc

137 1723 201 1764 m
214 1649 382 1766 1milles
406 1650 470 1714 sibi
494 1649 671 1730 alliciens):
706 1652 913 1735 congregatis
942 1672 1023 1736 quos
1047 1660 1235 1736 potuerunt,
1269 1651 1352 1737 proh
1379 1653 1440 1716 do-

164 1786 271 1827 mm„
309 1748 373 1812 lor!
400 1770 475 1813 cum
492 1751 646 1834 episcopo
665 1748 838 1812 Portuensi
862 1747 966 1812 rubea
990 1770 1097 1834 cappa
1120 1748 1213 1813 illum
1237 1751 1439 1816 vestierunt.

312 1844 411 1926 Quod
434 1847 559 1910 factum
584 1846 707 1911 multae
730 1846 904 1930 sanguinis
927 1847 1113 1929 effusiones,
1138 1846 1262 1911 multae
1285 1845 1441 1910 locorum

310 1943 404 2008 urbis
428 1944 677 2027 destructiones,
701 1943 864 2008 terribiles
888 1965 1057 2008 sacrarum
1081 1946 1244 2029 imagines
1267 1944 1442 2008 decrusta-

311 2044 434 2122 tiones,
467 2041 532 2106 heu
565 2041 713 2106 facinus!
751 2061 809 2127 pro
834 2040 999 2125 stipendio
1031 2040 1174 2106 militum
1198 2063 1332 2105 suarum
1357 2041 1442 2106 sibi·

310 2163 375 2226 que
390 2139 653 2226 obsequentium,
678 2148 874 2204 consecutae
898 2150 984 2219 sunt,
1010 2141 1163 2224 quamvis
1180 2139 1259 2220 Leo,
1285 2138 1442 2224 ejusdem

309 2236 398 2302 Petri
425 2237 545 2302 Leonis
569 2238 677 2319 frater,
712 2246 744 2300 et
767 2235 849 2300 alter
872 2237 939 2300 Leo
967 2236 1318 2322 Frangentis-panem,
1358 2259 1442 2302 oum

308 2338 441 2422 utrique
464 2336 640 2400 striderent
656 2334 811 2398 dentibus
828 2333 910 2398 alter
923 2337 955 2398 in
972 2333 1121 2416 alterum,
1146 2345 1323 2420 antequam
1342 2335 1443 2422 Papa

310 2432 456 2515 obiisset,
475 2433 676 2518 juraverunt
689 2455 800 2497 coram
818 2430 1062 2512 Cardinalibus,
1086 2432 1174 2518 quod
1189 2443 1305 2496 neuter
1320 2454 1442 2498 eorum

310 2529 352 2594 de
375 2530 535 2594 electione
551 2530 722 2595 Pontificis
746 2529 940 2610 scandalum
964 2531 1103 2611 faceret,
1128 2531 1186 2595 sed
1211 2552 1308 2616 quem
1334 2531 1444 2596 eccle-

310 2631 360 2693 sia
394 2627 538 2712 eligeret,
574 2650 632 2714 pro
666 2627 800 2692 domino
836 2639 1075 2690 venerarentur
1105 2638 1137 2691 et
1166 2627 1319 2692 colerent.
1366 2628 1444 2694 Nos

309 2736 421 2791 autem
451 2728 648 2790 sententiam
680 2737 713 2790 et
745 2723 920 2788 consilium
951 2725 1179 2809 religiosorum
1211 2727 1358 2790 virorum
1385 2750 1443 2792 ca·
1490 2719 1491 2728 ¹

309 2821 509 2887 tholicorum
541 2834 573 2888 et
601 2823 860 2888 orthodoxorum
892 2823 933 2888 de
957 2822 1094 2906 Tuscia,
1129 2823 1170 2888 de
1198 2822 1444 2908 Longobardia

309 2930 343 2984 et
367 2920 408 2984 de
432 2919 685 2986 ultramontanis
709 2919 860 3007 partibus
883 2920 1122 3006 amplexantes,
1155 2921 1379 3008 approbantes
1408 2934 1444 2988 et

310 3019 489 3099 imitantes,
513 3019 648 3083 Petrum
661 3019 785 3083 Leonis
809 3020 844 3082 in
857 3018 919 3082 hoc
943 3018 1090 3083 facinore
1115 3031 1151 3084 ut
1174 3019 1442 3103 schismaticum,

310 3126 343 3180 et
366 3117 524 3201 quoniam
548 3139 644 3180 suum
669 3116 813 3181 schisma
830 3115 989 3196 defendit,
1015 3115 1219 3182 haereticum
1234 3119 1442 3184 omnimodis

310 3212 523 3278 abdicamus:
570 3214 741 3279 dominum
785 3235 862 3277 vero
899 3214 1131 3278 Innocentium
1178 3236 1236 3301 pro
1273 3225 1364 3301 patre
1407 3228 1443 3281 et

310 3333 439 3375 summo
463 3311 625 3376 Pontifice
642 3322 813 3393 tenemus,
850 3312 1039 3397 recipimus,
1071 3334 1271 3377 veneramur
1298 3323 1330 3377 et
1360 3313 1442 3378 coli-

310 3408 450 3494 mus.“¹)

402 3544 453 3607 74.
500 3543 553 3607 Ex
578 3543 724 3629 epistolis
748 3565 855 3628 porro,
884 3565 966 3629 quas
991 3553 1060 3606 tum
1086 3541 1271 3608 innocentii
1296 3543 1330 3608 ΙΙ
1363 3556 1438 3611 tum

309 3640 400 3704 Petri
424 3640 548 3705 Leonis
573 3640 730 3706 electores
753 3641 797 3705 ad
820 3641 1020 3705 Lotharium
1045 3641 1282 3726 Imperatorem
1306 3642 1442 3710 direxe-

310 3747 397 3820 runt,
431 3749 530 3824 atque
554 3761 596 3802 ex
620 3738 694 3803 aliis
720 3739 928 3803 documentis
951 3738 1035 3802 baec
1059 3739 1196 3804 ulterius
1224 3740 1334 3825 colligi
1363 3764 1440 3827 pos·

310 3969 412 4024 idolum
431 3969 629 4030 (Innocentium
643 3969 679 4032 II)
699 3985 715 4022 a
733 3983 814 4036 saepe
832 3969 970 4023 nominato
990 3969 1152 4024 monestede
1170 3987 1191 4025 s.
1211 3970 1338 4040 Gregorii
1357 3971 1440 4028 diffu-

310 4050 398 4118 giens,
416 4049 582 4105 Lateranum
609 4049 733 4114 dedunt,
762 4049 804 4102 ita
828 4055 860 4103 ut
883 4049 913 4104 io
932 4049 1070 4104 basilicam
1088 4049 1237 4106 Salvator-is
1264 4060 1438 4108 mortuaest

312 4129 392 4185 viros
411 4130 490 4184 simul
509 4131 671 4185 intrarent¹⁴

387 4220 407 4282 1)
427 4222 479 4286 sp.
498 4219 661 4285 watenes,
681 4219 718 4276 n.
741 4219 799 4275 na.
