2836 4848
281 431 333 484 386
442 428 557 484 XXVII.
578 428 618 483 De
636 427 738 484 haeres.
758 415 927 497 repressione
946 444 978 483 ac
996 428 1029 484 de
1048 429 1246 487 Decretalibus.

282 571 345 636 hoc
384 574 554 658 negotium
591 593 749 656 magnum
782 582 942 637 executus
975 583 1034 638 est.
1091 574 1191 640 Anno
1234 577 1316 642 1213
1345 577 1388 640 die

285 671 343 735 19⁰
366 669 492 756 Aprilis
515 669 688 754 Synodum
718 668 806 733 hauc
834 669 958 734 indixit
979 670 1130 756 Epistola
1162 673 1328 760 encyclica
1354 674 1388 738 ad

282 791 396 834 omnes
420 768 588 855 praesules
605 766 692 848 data,
718 789 804 853 quae
824 769 943 853 incipit
965 770 1096 834 Vineam
1109 771 1243 836 Domini
1259 771 1387 847 Sabaotl,
1412 777 1413 829 t

281 869 316 930 in
341 889 446 953 eaque
470 865 653 946 mandavit,
687 876 724 929 ut
747 887 834 930 anno
861 867 946 930 1215
977 869 1011 931 in
1035 868 1119 932 festo
1143 867 1302 934 Omnium
1324 869 1388 934 San·

283 975 410 1030 ctorum
434 965 559 1028 Romae
575 963 618 1028 ad
634 961 807 1047 Synodum
832 976 1119 1050 congregarentur.
1163 966 1305 1053 Scopam
1322 967 1389 1032 Con-

282 1063 351 1128 cilii
364 1062 451 1126 clare
468 1065 502 1126 in
514 1061 631 1127 eadem
642 1061 769 1125 indicat
785 1061 947 1126 scribens:
963 1065 1166 1129 interamnis
1177 1066 1389 1132 desiderabilia

281 1161 387 1226 cordia
410 1161 513 1224 nostri
535 1160 597 1223 duo
621 1160 657 1221 in
679 1160 734 1222 lroc
758 1160 881 1224 saeculo
901 1162 1128 1248 principaliter
1157 1163 1345 1249 affectamus,
1366 1175 1390 1226 at

282 1260 326 1323 ad
349 1258 618 1345 recuperationem
633 1256 780 1322 videlicet
801 1259 919 1322 Terrae
935 1269 1075 1339 sanctae,
1099 1284 1136 1324 ac
1150 1261 1389 1348 reformationem

281 1357 473 1422 raniveraolis
494 1355 667 1432 Ecclesiae,
689 1355 851 1419 caleamus
881 1357 1044 1421 intendere
1068 1382 1135 1422 cum
1163 1359 1274 1445 effectu
1299 1414 1304 1426 .
1329 1410 1335 1424 .
1357 1409 1388 1422 ..

286 1454 489 1542 Quapropter
517 1451 623 1516 habito
647 1473 743 1538 super
772 1453 821 1516 bia
844 1477 911 1516 cum
926 1454 1094 1540 fratribus
1121 1459 1241 1521 nostris
1272 1469 1302 1522 et
1329 1457 1390 1520 aliis

281 1555 360 1618 airis
377 1550 591 1640 prudentibus
605 1549 773 1636 frequenti
796 1573 833 1614 ac
857 1551 1004 1637 diripera
1027 1563 1174 1632 tractatu,
1203 1556 1259 1618 troc
1283 1554 1390 1618 tandm

282 1652 326 1715 ad
349 1649 576 1736 easequendum
600 1647 773 1733 praedicta
805 1648 843 1711 de
876 1650 1016 1735 ipsorum
1042 1649 1182 1716 Consilio
1207 1653 1391 1739 providimus

273 1748 481 1835 faciendum,
514 1757 549 1810 ut
579 1747 655 1832 quia
686 1746 761 1810 lzaec
796 1746 1013 1811 universorum
1041 1749 1186 1834 fidelium
1218 1773 1390 1814 communem

282 1859 397 1914 atatam
419 1846 603 1934 respiciunt,
631 1841 776 1931 pencrale
800 1845 975 1924 concilium,
999 1850 1099 1935 jurna
1116 1849 1263 1934 priscam
1286 1873 1325 1913 ss.
1341 1874 1391 1935 pa·

282 1957 364 2011 trum
395 1942 661 2021 consuetudinem,
693 1965 900 2024 convocemus,
928 1955 1065 2030 propter
1094 1944 1183 2008 lucra
1213 1943 1390 2009 solummodo

282 2048 460 2110 animarum
484 2051 660 2130 opportuno
685 2051 820 2126 tempore
845 2041 1081 2106 celebrandum:
1105 2045 1215 2128 inquo
1233 2045 1280 2108 ad
1295 2047 1390 2108 carar-

276 2144 393 2229 panda
415 2143 506 2220 vitia,
532 2151 560 2204 et
579 2138 782 2226 plantandas
807 2141 947 2217 virtutes,
976 2141 1177 2228 corrigendos
1200 2164 1350 2220 ancoratu,
1369 2153 1391 2204 et

281 2241 502 2328 reformandos
532 2259 645 2316 mores,
679 2237 893 2302 eliminandae
922 2239 1079 2319 lraereses,
1116 2241 1160 2304 ad
1191 2241 1390 2304 roborandam

272 2341 381 2422 fidem,
415 2339 586 2426 sopiendas
610 2337 789 2402 discordias
814 2349 844 2401 et
867 2337 1091 2402 stabiliendam
1114 2363 1240 2426 pacem,
1275 2340 1391 2425 compri-

281 2438 411 2500 mendas
435 2438 654 2522 oppressiones
669 2446 698 2498 et
714 2435 890 2498 libertatem
897 2434 1085 2521 fovendam,
1108 2437 1305 2501 inducendos
1318 2440 1391 2522 prin·

282 2537 367 2622 orpes
391 2545 420 2598 et
438 2533 576 2620 populos
600 2534 787 2596 christianos
812 2533 856 2596 ad
878 2556 1055 2597 succursura
1080 2545 1109 2596 et
1132 2534 1308 2599 arisidium
1332 2535 1391 2597 Ter·

282 2657 337 2696 rae
362 2643 490 2696 sanctae
515 2642 580 2694 tarn
605 2656 625 2694 a
648 2631 771 2694 clericis
794 2653 887 2716 quam
910 2631 1039 2695 clericis
1061 2633 1316 2719 impendendum,
1338 2654 1393 2695 eurr

282 2732 413 2795 caeteris
436 2751 514 2815 qreae
527 2728 652 2813 longam
676 2739 755 2791 esset
772 2752 835 2814 per
854 2728 982 2812 siapula
996 2752 1170 2810 numerare,
1184 2731 1320 2816 provide
1341 2740 1392 2792 stc·

283 2839 414 2892 tuantur
436 2826 667 2892 inviolabiliter
690 2825 898 2890 observanda.
908 2829 930 2908 ¹)

372 3025 424 3088 85.
450 3021 625 3088 Celebrate
648 3034 698 3086 est
722 3021 877 3106 Synodus
900 3032 1047 3108 tempore
1072 3032 1192 3086 statuto
1216 3023 1340 3088 Romae
1366 3024 1390 3084 in

280 3119 420 3186 basilica
451 3121 682 3202 Lateranensi,
714 3119 802 3183 unde
834 3129 867 3183 et
898 3118 1086 3184 Concilium
1116 3121 1332 3186 Lateranense
1354 3117 1393 3182 ll’

281 3221 412 3303 dicitur,
436 3243 582 3306 mapulam
604 3218 806 3305 appellatum
830 3230 964 3304 propter
983 3219 1143 3302 grandem
1160 3219 1346 3304 praesulum
1366 3229 1391 3280 et

282 3318 501 3404 praelatorum
533 3339 718 3398 numerum,
749 3317 805 3402 qui
836 3315 914 3381 huic
938 3316 1074 3400 Synodo
1105 3316 1253 3382 adfuere.
1304 3319 1390 3380 inter·

281 3418 415 3505 fuerunt
444 3418 533 3482 enim
558 3415 637 3480 huic
661 3415 794 3500 Synodo
825 3414 1060 3500 quadringenti
1084 3424 1118 3479 et
1140 3415 1316 3480 duodecim
1338 3414 1390 3498 opi-

281 3517 383 3602 scopi,
409 3518 494 3579 inter
510 3535 591 3600 quos
612 3511 821 3599 patriarchae
839 3511 1224 3598 Constantinopolitanus
1242 3527 1274 3578 et
1291 3513 1389 3576 Hiero·

281 3613 508 3698 solymitanus,
533 3611 735 3677 Antiocheni
751 3623 783 3675 et
795 3611 1016 3676 Alexandrini
1041 3613 1168 3692 vicarii,
1193 3613 1389 3698 septuaginta

281 3721 406 3798 septem
429 3713 586 3798 primates
611 3719 643 3774 et
667 3708 920 3795 metropolitani.
967 3709 1118 3774 Aderant
1133 3721 1303 3795 praeterea
1319 3706 1389 3770 ultra

280 3811 487 3893 octingentos
510 3808 647 3873 abbates
671 3819 704 3871 et
727 3811 862 3893 priores,
887 3807 981 3872 multi
1006 3807 1193 3872 absentium
1214 3806 1387 3894 praesulum

280 3917 314 3971 et
344 3906 564 3993 capitulorum
598 3915 843 3992 procuratores,
876 3915 1020 3969 oratores
1052 3903 1215 3971 Friderici
1243 3907 1278 3972 II
1307 3901 1386 3969 electi

300 4099 494 4106 -—-——--

355 4219 375 4289 ι)
395 4217 463 4286 Epp.
483 4216 513 4274 L.
534 4218 607 4275 XVI.
628 4233 668 4286 ep.
688 4217 747 4284 30„
