2844 4840
347 471 386 525 De
404 471 485 525 Bulla
506 471 594 526 llttoet
615 471 755 524 Soractem.
1076 469 1113 526 53

18 617 122 678 atione
144 625 174 678 et
196 616 402 700 expositione
435 612 611 678 verborum
637 612 710 700 jam
735 613 923 678 differentia
947 612 1111 699 quaedam

17 715 149 776 occumit.
206 713 386 776 Bossuetus
417 733 443 776 e.
476 733 507 796 g.
539 710 673 776 scribit:
702 713 750 775 Eo
784 711 997 794 (Bonifatius)
1028 712 1113 776 oium

15 809 65 872 rili
78 832 208 896 parone
231 810 408 887 videbator,
431 819 467 872 ot
490 810 635 872 Romano
658 809 806 893 Poattflci
835 831 953 873 omnem
973 819 1111 894 potesta·

16 919 61 970 ton
81 931 144 972 erse
165 908 321 972 richildam
335 909 431 985 etiarn
453 909 488 970 io
505 907 732 994 temporalibus
749 929 813 992 pro
836 915 918 970 certo
933 906 1017 990 fidei
1039 907 1111 992 dop-

15 1015 78 1066 aote
99 1007 247 1090 definiret.
296 1005 339 1069 Ar
358 1005 503 1091 profecte
527 1027 591 1068 aon
614 1027 746 1089 cotesque
764 1005 938 1090 processit,·
960 1006 1015 1068 boc
1030 1006 1113 1068 enim

13 1113 114 1165 aratum
136 1104 224 1167 babet
248 1103 409 1186 definitio:
434 1103 554 1180 „Porro
578 1102 702 1166 subesse
718 1105 809 1167 Rom.
827 1103 973 1185 Pontifici
994 1125 1113 1166 manem

11 1199 158 1265 hmouom
172 1213 360 1282 creaturam,
385 1199 593 1278 declaramus,
617 1200 761 1278 dicimos,
785 1200 971 1285 dfffloimoa
997 1213 1025 1264 et
1039 1224 1112 1287 pro·

12 1301 177 1362 nondumne
200 1300 326 1362 omnino
351 1321 417 1362 eece
439 1298 479 1362 de
501 1300 687 1362 necestitate
709 1297 857 1378 solutia“,
881 1299 965 1384 qood
987 1300 1112 1384 quidem

11 1406 46 1456 ert
68 1399 255 1460 redariorum
278 1407 308 1460 et
331 1397 420 1482 epod
446 1393 624 1462 Catholicos
655 1407 782 1474 certum,
817 1398 846 1459 si
877 1398 915 1461 de
947 1396 1113 1484 spirituali

9 1507 145 1576 potestate
167 1495 401 1581 intellipitar.¹)
449 1493 638 1581 Spiritualis
662 1506 807 1582 potestas
825 1496 984 1560 Bossueto
1010 1496 1112 1558 mani·

12 1587 77 1652 leste
99 1601 147 1654 est
169 1613 209 1655 ea
232 1614 317 1678 quae
336 1594 425 1657 circa
441 1592 637 1680 spiritualia,
662 1617 719 1657 seu
737 1593 863 1676 divina,
887 1603 1017 1657 tantum
1041 1613 1111 1655 ver·

10 1707 93 1763 tator,
115 1701 215 1776 atque
238 1693 468 1754 auctoritatem
490 1691 687 1756 indirectam
705 1694 738 1756 in
754 1691 949 1778 temporalia
964 1692 1035 1776 ipse
1051 1691 1111 1754 vix

11 1785 155 1852 admittat.
202 1788 455 1852 Advertendum
486 1800 597 1854 tamen
627 1799 685 1872 est,
716 1791 942 1854 definitionem
974 1787 1109 1854 finalem
1132 1787 1280 1892 flffl‘gffl'

10 1883 106 1948 bullae
130 1887 164 1950 in
189 1907 247 1950 suo
272 1909 370 1950 sensu
395 1897 427 1950 et
450 1889 643 1951 extensione
667 1888 818 1973 pluribus
834 1887 1110 1973 praecedentibus
1247 1878 1253 1890 '

9 1983 272 2068 propositionibus
304 1986 492 2049 accuratius
521 1979 744 2052 determinari.
798 1985 925 2072 Scopus
955 1984 1112 2050 videlicet

10 2077 246 2146 Constitutionis
277 2103 344 2146 non
378 2093 447 2146 erat
477 2082 673 2168 simpliciter
696 2093 848 2164 statuere,
880 2105 973 2168 reges
997 2093 1034 2148 ut
1056 2081 1111 2146 ho-

9 2181 96 2242 nines
109 2181 257 2264 privatos
268 2189 300 2244 et
310 2178 506 2244 christianos
521 2183 710 2245 auctoritati
726 2181 897 2246 Ecclesiae
909 2181 1040 2266 subjici,
1053 2181 1112 2246 sed

9 2295 50 2338 eos
70 2281 169 2342 etiam
195 2301 260 2362 qua
279 2278 446 2364 principes
468 2279 656 2342 christianos
686 2281 840 2365 potestati
865 2278 1028 2365 spirituali
1053 2276 1112 2342 Ca·

9 2376 70 2460 pitis
92 2375 264 2440 Ecclesiae
287 2375 432 2458 subesse,
458 2377 596 2463 ejusque
620 2380 804 2442 sententiae
819 2377 954 2442 obedire
978 2376 1110 2442 debere.

10 2469 122 2538 Etenim
147 2474 212 2538 hac
236 2473 278 2537 de
301 2497 337 2538 re
362 2476 508 2538 maxime
524 2459 686 2558 egebitur
709 2479 744 2540 in
761 2477 917 2540 conflictu
943 2497 1019 2540 cum
1035 2474 1111 2539 Phi·

10 2567 89 2656 lippo.
144 2572 311 2653 Quamvis
343 2574 443 2657 igitur
475 2572 623 2637 definitio
651 2575 863 2657 generalibus
893 2574 1005 2638 verbis
1038 2595 1111 2637 con-

10 2685 87 2752 repta
119 2673 172 2752 sit,
207 2669 263 2734 illa
294 2681 405 2734 tamen
436 2671 558 2756 quibus
587 2673 729 2756 positive
762 2694 877 2737 sensus
907 2683 939 2736 ct
963 2672 1111 2736 extensio

10 2771 139 2832 veritatis
155 2767 314 2832 definitae
328 2768 575 2850 determinatur,
592 2770 824 2852 ingrediuntur
834 2770 993 2856 implicite
1004 2771 1111 2855 ipsam

10 2861 230 2948 definitionem,
256 2864 309 2928 vel
333 2867 449 2930 intime
474 2887 549 2930 cum
573 2889 613 2930 ea
637 2867 854 2950 cohaerent.²)

63 3134 76 3160 ¹¹
100 3131 210 3186 Defens.
232 3131 337 3185 Declar.
358 3131 430 3186 Cleri
451 3131 546 3186 Gallie.
567 3131 588 3186 L
616 3133 667 3188 ΙΙΙ.
688 3151 709 3188 c.
729 3137 772 3190 23.

63 3218 81 3280 ³)
100 3213 196 3279 Quoad
220 3211 335 3266 indolem
361 3211 501 3266 conflictus
526 3213 643 3282 Philippi
665 3214 776 3270 Pulchri
801 3233 861 3271 cum
886 3217 1025 3271 Bonifatio
1045 3216 1112 3270 VIII

10 3293 82 3346 utilit
105 3293 252 3347 Boutaric:
280 3291 347 3358 „Les
366 3293 481 3347 demeles
506 3294 539 3346 de
558 3293 782 3362 Philipps-le-Bel
808 3313 873 3352 orec
898 3297 923 3350 le
941 3296 1111 3365 taint-stege

10 3381 84 3426 rorent
109 3389 179 3442 pour
203 3371 320 3426 resultat
343 3373 376 3427 de
399 3373 520 3427 dessiner
543 3381 696 3429 nettement
721 3377 747 3429 la
765 3378 882 3444 position
908 3377 1059 3445 respective
1077 3379 1112 3432 de

10 3449 100 3519 lEgllse
118 3463 148 3508 et
166 3454 204 3506 du
223 3453 336 3520 pouvoir
354 3453 452 3520 laique,
471 3461 499 3508 et
520 3452 644 3508 d'etablir
661 3471 721 3522 qne,
740 3457 763 3510 si
776 3473 828 3512 uue
841 3457 995 3512 obeissonce
1007 3458 1111 3513 entiere

10 3531 60 3586 hait
76 3535 125 3590 due
144 3549 182 3587 au
200 3547 270 3600 pape
289 3549 322 3588 en
341 3533 455 3588 matiere
474 3533 506 3588 de
526 3533 572 3600 foi,
597 3535 616 3588 il
635 3534 747 3600 n'arait‚
771 3553 839 3605 pour
857 3545 918 3592 tout
937 3555 966 3592 ee
985 3539 1031 3606 qui
1050 3555 1110 3593 cen·

11 3625 67 3666 erne
84 3615 106 3668 le
126 3612 269 3681 temporal,
288 3615 383 3679 quale
402 3613 474 3668 droit
493 3613 525 3669 de
539 3615 641 3669 donner
660 3617 705 3670 des
719 3617 778 3670 avis
798 3625 826 3672 et
844 3619 890 3672 des
903 3620 1024 3677 conseils.
1044 3635 1110 3673 anx·

11 3693 50 3756 pe
69 3695 85 3747 il
103 3695 175 3747 etait
195 3693 293 3762 permis
312 3693 346 3748 de
363 3709 398 3747 ne
416 3709 465 3761 pas
484 3710 513 3748 se
532 3701 706 3750 soumettre.“
737 3697 767 3754 L.
788 3715 810 3752 c.
829 3697 911 3753 Livre
930 3697 977 3754 lv.
999 3699 1110 3754 Conclu-

11 3769 49 3824 ion
66 3789 87 3840 p.
105 3774 160 3828 tet
207 3771 342 3828 Videlicet
360 3789 393 3829 ea
411 3774 517 3828 ratione
537 3774 680 3843 Philippus
698 3775 814 3832 Pulcher
837 3778 1022 3847 restringebat
1040 3780 1110 3833 Pon·

11 3849 68 3904 itus
86 3859 258 3921 potestatem,
276 3853 323 3907 sed
341 3853 499 3908 Bonifatius
514 3855 582 3908 VlIl
602 3856 756 3911 vindicarit
768 3859 960 3914 anctoritatem
974 3859 1110 3915 Ecclesiae

11 3943 26 3982 n
42 3933 166 4001 principes
187 3933 271 3986 etiam
290 3934 377 4000 quoad
396 3935 518 4004 regimen
538 3937 604 3990 clam
623 3945 754 4006 operetur
773 3941 806 3993 ‹le
821 3947 945 4008 peccato.
975 3941 1014 3995 lle
1033 3940 1110 3994 modo

11 4015 125 4068 uescendi
145 4014 217 4067 hanc
236 4015 429 4070 anctoritatem
448 4031 497 4084 per
511 4015 616 4083 judicia
638 4018 671 4072 de
690 4033 782 4073 eorum
800 4020 877 4086 actis,
901 4036 950 4089 per
967 4020 1110 4074 correctio-

11 4103 58 4143 rem.
77 4109 121 4160 per
138 4093 278 4158 mandata,
298 4108 346 4162 per
364 4111 463 4162 poenas
483 4095 640 4162 spirituales
659 4098 701 4151 vel
722 4099 890 4166 temporales,
911 4101 937 4153 iu
952 4099 1109 4154 delinitione

11 4173 111 4236 uplicite
128 4173 200 4228 nihil
218 4173 332 4242 dicitnr;
358 4175 422 4230 haec
447 4183 538 4231 tamen
559 4177 623 4246 Jura
647 4193 680 4232 ex
700 4185 828 4234 contextu
847 4179 1057 4234 Constitutionis
1081 4185 1110 4234 et

11 4261 30 4300 u
45 4253 97 4306 aliis
116 4253 305 4309 Decretslibus
324 4255 416 4324 colligi
435 4263 554 4326 possunt.
