2964 4838
314 447 368 500 464
512 445 639 499 XXXVI.
664 447 705 500 De
723 452 799 500 stetu
820 445 1242 503 EcclesiaeiaitioSaec.xv1.

316 589 445 654 deesset
468 589 616 654 remedie
639 588 745 656 ardue
761 589 956 668 adhibendi,
980 590 1105 654 facturn
1123 612 1195 654 esse
1212 601 1360 676 putemus,
1380 603 1406 652 ut

315 686 506 751 reformatio
531 709 590 773 per
614 685 801 752 Concilium
826 687 1052 752 Laterensnse
1075 685 1218 774 amplior
1240 709 1300 754 non
1321 689 1408 752 luerit.

315 785 485 849 immerito
524 795 635 849 eutem
675 785 829 872 culpetur
852 785 920 850 Leo
945 785 994 864 X,
1032 785 1122 874 quod
1155 787 1218 872 ipsi
1249 785 1407 850 reformatio

316 883 454 947 minime
469 883 571 946 fuerit
586 881 687 948 cordi.
723 881 799 964 Qua
814 883 855 950 de
879 905 914 948 re
938 905 1046 970 peuce
1069 883 1193 950 addere
1216 895 1407 970 opportunum

315 980 459 1046 videtur.

183 1141 196 1170 e
223 1141 271 1170 m
407 1079 459 1144 69.
509 1077 712 1167 „Praecipue
727 1080 807 1165 Leo,
832 1079 949 1146 scribit
964 1078 1080 1168 Alzog‚
1104 1080 1146 1145 ad
1171 1081 1409 1146 reformationem

213 1203 264 1232 one.
317 1198 434 1264 parurn
467 1197 590 1261 pronus
622 1177 839 1259 videbatur“;
872 1199 912 1242 ec
937 1175 1014 1242 dein
1039 1179 1073 1244 in
1098 1189 1177 1243 note
1199 1200 1243 1244 ex
1265 1176 1410 1262 Reynaldo

316 1275 359 1340 ad
374 1298 403 1341 e.
422 1275 507 1340 1513
522 1298 554 1339 n.
569 1275 610 1339 97
635 1275 754 1339 refert:
782 1275 916 1360 „Quum
929 1276 1034 1341 Leoni
1053 1277 1271 1356 nuntiaretur,
1294 1275 1409 1342 mediam

316 1373 383 1438 fere
407 1372 628 1460 praelatorum
653 1384 780 1459 partem
806 1374 996 1438 desiderare
1019 1373 1287 1440 reformationem
1307 1375 1410 1438 uniuer-

316 1471 417 1535 selem
443 1472 477 1534 in
502 1481 569 1535 toto
593 1495 613 1534 e
637 1472 747 1558 eapite
770 1471 814 1536 ad
839 1471 951 1560 pedes,
974 1510 1018 1518 —
1042 1471 1135 1560 Papa
1158 1473 1254 1557 quasi
1275 1471 1411 1536 rubridum

316 1568 411 1652 dixit,
437 1567 522 1632 velle
546 1567 790 1656 aliquantulum
814 1572 971 1656 cogitare,
997 1580 1033 1634 ut
1055 1565 1211 1636 omnibns
1236 1570 1370 1650 satisfiat,
1388 1583 1410 1632 ct

315 1667 420 1732 sicin
446 1668 554 1752 prima
577 1670 721 1734 sessione
746 1669 856 1733 futura
881 1667 1076 1752 deliberare,
1110 1678 1145 1734 ut
1168 1670 1317 1734 omnium
1337 1667 1409 1732 refor-

317 1767 417 1831 matio
442 1765 500 1829 fiat
522 1776 590 1830 tem
615 1767 665 1830 sui
689 1788 790 1851 quern
814 1765 1123 1852 reformatorum.“¹)
1154 1767 1209 1832 Ex
1226 1763 1409 1832 hiserederes

316 1866 393 1946 fere,
418 1863 566 1927 Leonem
590 1874 627 1927 ut
651 1863 744 1928 futile
770 1865 850 1950 quid
866 1863 1134 1930 reformationem
1153 1866 1250 1930 istem
1265 1863 1407 1928 habuisse:

316 1961 373 2027 sed
398 1963 424 2026 si
449 1961 665 2026 conferuntur
687 1983 737 2044 es,
762 1985 847 2048 quae
871 1984 914 2028 ex
928 1962 1051 2028 Paride
1074 1962 1116 2027 de
1131 1963 1267 2030 Grassis
1282 1961 1403 2046 Magistro

316 2062 599 2125 caeremoniarum
637 2061 807 2146 pontificio
843 2071 876 2124 et
910 2063 1065 2148 episeopo
1098 2061 1313 2142 Pisauriensi,
1346 2055 1401 2142 apul

316 2156 528 2242 Raynaldum
552 2156 572 2223 l.
590 2180 618 2223 c.
643 2158 840 2240 referuntur,
865 2179 935 2224 rem
960 2159 1096 2223 omnino
1119 2157 1215 2226 aliter
1233 2182 1269 2226 se
1284 2155 1403 2224 habuisse
1457 2191 1458 2206 r

316 2265 415 2342 petet.
463 2255 502 2320 In
535 2257 680 2322 sessione
704 2257 792 2322 VIII
823 2256 982 2324 videlicet
1014 2267 1081 2322 tres
1109 2255 1307 2324 Sanctiones
1334 2256 1407 2322 leae

316 2364 412 2434 sunt,
445 2356 552 2439 prima
588 2347 703 2420 contre
737 2377 862 2420 errores
896 2355 938 2419 de
966 2356 1079 2420 anime
1112 2355 1262 2422 humanu
1294 2372 1409 2440 sperent

316 2450 463 2516 secunde
496 2451 678 2538 delegatis
703 2453 874 2520 mittendis
897 2477 918 2518 a
942 2451 1091 2520 Concilio
1120 2453 1164 2518 ad
1193 2457 1363 2540 principes,
1386 2459 1409 2510 ¹1¹

316 2573 383 2636 pex
415 2562 448 2613 et
480 2551 648 2637 expeditio
680 2561 796 2616 contre
819 2551 946 2618 Turces
977 2550 1200 2632 obtineretur3
1233 2553 1311 2618 dein
1340 2547 1410 2614 tertia

317 2671 382 2734 que
406 2647 474 2712 Leo
499 2647 533 2712 id
557 2651 737 2736 praecipue
762 2649 976 2736 proponebat,
1002 2673 1038 2716 se
1061 2652 1095 2714 in
1119 2649 1253 2718 Bullam
1277 2649 1410 2732 redegisse

317 2768 403 2832 quse
426 2745 469 2811 ed
492 2746 748 2834 reformationem
774 2747 962 2834 officialium
989 2749 1097 2812 curiae
1119 2749 1287 2814 Romanas
1314 2755 1411 2832 specto·

317 2853 404 2926 rent,
435 2843 585 2910 novelle
615 2845 703 2911 hene
726 2844 859 2910 Bullam
891 2849 926 2912 in
950 2845 1053 2912 ultera
1076 2846 1223 2912 sessione
1248 2863 1411 2932 proponere

316 2943 430 3007 Finita
451 2942 602 3026 lectione,
635 2942 738 3008 lector
760 2944 910 3010 loannes
934 2944 1134 3010 Franciscus
1157 2944 1332 3030 spiscopus
1350 2939 1412 3006 Tru·
1456 2947 1457 2950 ’

316 3042 458 3106 rinensis
481 3043 663 3127 quaesivit:
696 3041 896 3127 „Placentne
920 3040 1028 3122 vobis,
1063 3053 1183 3128 patres,
1219 3043 1412 3124 omniaque

317 3163 376 3228 per
407 3161 459 3202 me
491 3137 576 3204 lecte
606 3139 764 3206 fuerunt?
796 3149 828 3204 et
858 3151 1056 3208 scrutatores
1081 3151 1158 3206 vota
1182 3139 1412 3226 conquisierunt.

317 3237 371 3304 Ad
396 3237 538 3325 primam
563 3248 595 3303 et
618 3238 799 3304 secundem
831 3239 1037 3304 sanctionem
1069 3259 1200 3307 omnes:
1235 3238 1355 3314 Placet,
1380 3253 1413 3296 rt·

318 3334 532 3425 sponderunt.
580 3335 691 3402 Tertia
717 3335 779 3400 fuit
803 3359 902 3422 super
925 3335 1169 3420 reformatione,
1194 3347 1227 3401 et
1250 3335 1357 3402 multis
1373 3329 1413 3396 ab

318 3435 423 3500 solute
448 3455 512 3498 non
533 3433 675 3522 pleouit;
710 3434 768 3500 sed
796 3435 885 3521 quod
912 3435 1102 3522 reformatio
1127 3435 1222 3502 lieret
1243 3427 1412 3500 universalis

319 3535 353 3598 in
377 3542 444 3597 toto
468 3555 488 3597 e
512 3535 620 3618 cupite
644 3533 687 3597 ed
710 3532 830 3620 pedes:
854 3555 919 3620 quo
943 3533 1057 3598 audito
1081 3535 1173 3619 Papa
1196 3531 1363 3620 quaesivit,
1381 3545 1410 3590 ut

319 3629 413 3695 multi
438 3641 557 3711 essent,
581 3629 691 3696 stille
722 3630 859 3712 (lector)
884 3631 1075 3718 respondit:
1100 3631 1205 3712 Quasi
1229 3629 1338 3696 medlo
1357 3641 1411 3710 pen

319 3727 539 3815 praelatorum
573 3730 629 3814 qui
661 3740 770 3794 essent
800 3752 820 3793 a
849 3724 952 3794 latere
979 3731 1124 3796 sinistro.
1167 3729 1214 3796 Et
1234 3749 1295 3814 ego
1318 3723 1410 3810 (Perit¹
1455 3807 1456 3810 Ἴ

319 3828 375 3914 qni
407 3825 541 3891 aderam
574 3827 730 3912 respondi
762 3826 928 3892 similiter:
967 3825 1098 3910 Placet,
1131 3827 1219 3914 quod
1250 3819 1408 3894 reformat

260 3921 270 3938 '
319 3925 377 3992 fiet
399 3922 609 4007 universalis,
645 3936 678 3989 et
713 3925 800 4010 quod
835 3925 1066 3990 reformatores
1099 3925 1330 3996 reformentur:
1363 3935 1406 4004 qao

319 4228 362 4294 (ed
391 4147 418 4284 il)
434 4146 535 4280 Ab&
550 4147 584 4201 K·
605 4145 637 4204 G·
657 4145 687 4200 Τ·
707 4146 743 4201 11·
763 4147 779 4215 5
807 4147 859 4200 en
879 4147 931 4216 (eu.
952 4145 995 4218 e)
1015 4145 1101 4204 simio
1120 4147 1225 4204 errore
1244 4147 1335 4203 unus
1351 4137 1405 4196 ne

365 4271 370 4281 .
408 4289 411 4294 ¹
436 4242 461 4296 p.
537 4269 542 4281 .
