2858 4834
378 483 417 536 De
435 483 525 536 luctae
544 484 754 538 continuatione.
884 493 890 516 ·'
1077 485 1130 540 195

45 625 169 690 ccclesiae
199 625 448 691 Cantuariensis
481 625 521 690 ad
557 627 661 712 cujus·
691 628 971 714 archipraesulem
1014 651 1129 714 regum

44 727 177 788 coronatio
201 724 396 810 pertinebat.
422 761 465 770 —-
490 723 568 788 Post
591 724 672 788 haec
690 725 855 790 Hearicns
870 727 913 799 ΙΙ,
939 749 1040 813 quum
1065 726 1129 792 sibi
1150 729 1293 832 333:

44 822 180 886 rideretur
203 824 415 887 coronatione
441 823 501 884 ista
528 821 673 886 firmasse
702 846 840 908 regnum
871 847 965 888 suum
991 837 1023 888 et
1042 825 1130 909 jura,
1195 860 1249 894 an.

43 921 190 984 ,iterandri
210 919 260 984 111
287 922 418 985 monitis
444 941 520 983 vero
544 931 577 982 ct
601 923 856 986 comminatione
880 925 1014 1006 gravius
1040 944 1131 1007 urge·

42 1036 115 1086 ntur,
146 1041 315 1104 quumque
347 1021 489 1098 timeret,
523 1039 565 1081 ne
597 1017 739 1101 Angliae
779 1041 916 1102 regnum
957 1021 1132 1085 interdicto

40 1115 238 1200 subjiceretur,
272 1116 373 1180 multo
408 1115 589 1180 faciliorem
614 1138 647 1179 se
671 1117 825 1202 praebuit
848 1119 890 1182 ad
915 1140 1030 1203 pacem
1057 1140 1131 1192 curn
1211 1161 1214 1177 .

39 1237 56 1276 s.
73 1215 187 1284 Thoma
211 1214 403 1279 ineundam.
452 1214 613 1278 Reversus
644 1225 702 1296 est,
737 1237 851 1279 versus
879 1216 998 1279 festum
1028 1240 1052 1280 s.
1077 1217 1132 1281 Jo-

39 1315 110 1376 annis
132 1313 311 1398 Baptistae,
337 1314 369 1376 in
395 1311 549 1392 Galliam,
579 1323 610 1374 et
634 1335 685 1376 res
709 1315 755 1376 ita
779 1312 956 1398 dispositae
981 1325 1066 1396 sunt,
1099 1325 1135 1378 ut

40 1411 62 1471 in
75 1424 240 1492 conventu,
257 1413 314 1498 qui
330 1432 441 1474 mense
457 1409 547 1474 Julio
565 1411 776 1495 interipsum
792 1423 825 1474 et
840 1411 1048 1476 Ludericum
1068 1412 1134 1477 VII

39 1509 105 1592 apud
119 1509 325 1572 Firmitatem
341 1509 501 1594 oppidum
517 1507 582 1593 (La
597 1508 706 1589 Ferte)
732 1511 765 1573 in
782 1509 904 1573 finibus
922 1508 1134 1574 Carnutensis

39 1619 62 1667 et
77 1607 270 1672 Turonensis
295 1607 429 1671 ditionis
453 1605 628 1670 habendus
653 1616 731 1686 erat,
757 1609 857 1672 etiam
874 1607 1020 1672 Thomas
1044 1631 1135 1672 acce-

41 1703 108 1767 deret
136 1718 169 1769 et
198 1727 315 1791 pacem
348 1729 368 1770 a
392 1727 468 1791 rege
492 1714 627 1790 peteret.
675 1705 745 1768 Rex
769 1707 929 1790 promisit,
954 1728 988 1770 se
1012 1729 1136 1792 posses·

38 1803 123 1865 aiones
152 1803 300 1889 direptas
340 1803 499 1868 ecclesiae
527 1802 759 1868 Cantuariensi
793 1807 1019 1868 restituturum
1053 1827 1135 1869 esse.

38 1899 129 1964 hinltis
139 1901 342 1986 proceribus.
368 1913 400 1964 et
413 1902 576 1986 episcopis
601 1900 840 1986 praesentibus,
858 1902 911 1966 die
929 1903 1009 1966 festo
1025 1926 1050 1969 s.
1067 1903 1136 1967 Ma·

37 1999 89 2060 riae
108 1997 334 2083 Magdalenae,
366 2010 593 2062 convenerunt
617 1999 783 2062 Henricus
814 1999 847 2063 ΙΙ
880 2012 912 2063 et
942 2025 966 2066 s.
991 2001 1137 2076 Thomas

36 2097 60 2156 in
81 2109 165 2180 prato
189 2097 406 2183 amplissimo,
431 2119 528 2183 quem
553 2097 763 2161 Proditorum
787 2097 1009 2183 appellebant.
1035 2098 1136 2164 Omni

37 2191 266 2260 benevolentiae
291 2196 532 2282 significatione
556 2194 602 2258 ibi
628 2217 647 2258 a
671 2217 747 2279 rege
777 2194 910 2260 habitus
941 2207 999 2278 est,
1032 2207 1064 2260 et
1091 2219 1138 2272 se-

36 2293 117 2356 orsim
139 2293 331 2358 secedentes
355 2294 462 2357 amice
486 2295 572 2357 inter
595 2315 629 2356 se
643 2281 801 2356 'collocuti
826 2305 903 2357 sunt
927 2297 1081 2380 princeps
1105 2305 1138 2358 et

9 2377 10 2388 ¹
36 2389 286 2478 archiepiscopus
322 2393 362 2456 de
397 2391 575 2455 concordia
610 2390 829 2472 restituenda,
862 2392 904 2456 ad
936 2415 1035 2478 quam
1067 2414 1137 2478 pro·

37 2508 99 2550 num
135 2512 168 2553 se
206 2511 265 2554 rex
305 2489 509 2554 ostendebat.
569 2489 738 2553 Postremo
783 2491 890 2554 movit
929 2511 954 2554 s.
991 2489 1138 2553 Thomas

37 2590 241 2666 «quaestionem
269 2587 309 2652 de
327 2588 449 2672 injuria
473 2589 534 2672 ipsi
560 2597 592 2651 et
615 2585 773 2650 ecclesiae
792 2585 1023 2652 Cantuariensi
1048 2587 1138 2652 illata

39 2703 82 2763 per
101 2687 281 2772 episcopos,
315 2689 382 2771 qui,
408 2698 521 2750 contra
546 2685 749 2750 voluntatem
773 2685 945 2750 Pontifieis
969 2697 1002 2748 et
1025 2687 1139 2770 ipsius,

39 2785 264 2848 coronationem
289 2783 424 2848 Hearici
457 2783 516 2847 filii
547 2793 752 2869 peregerant,
791 2805 968 2870 regemque
999 2785 1139 2870 rogavit,

37 2889 63 2937 at
80 2881 164 2971 hnjra
187 2881 340 2947 laesionis
361 2893 489 2946 nostrae
504 2887 668 2972 jacturam
689 2904 750 2966 pro
767 2905 872 2945 umore
888 2882 961 2960 Dei,
986 2892 1015 2946 et
1038 2882 1141 2946 salute

38 2999 84 3039 sun
104 2990 131 3042 et
152 2979 322 3044 liberor-nm
343 2980 549 3044 indemnitate
572 2989 748 3066 repararet,
785 2989 814 3042 et
846 2989 955 3042 tantae
977 2990 1140 3065 praesunt*

35 3077 138 3156 ptionh
160 3079 343 3142 emendaret
365 3079 564 3157 eaeesmm.¹)
583 3076 666 3140 'Rex
690 3076 825 3162 quidem
851 3078 946 3142 initio
970 3089 1062 3162 gesta
1086 3077 1139 3141 de-

39 3171 153 3239 fendere
176 3177 271 3240 nisus
294 3188 353 3258 est,
379 3177 435 3240 sed
457 3176 663 3260 argumentis
686 3197 711 3239 s.
728 3172 877 3239 Thomas
902 3177 1010 3240 victus
1034 3179 1140 3240 cessit.

41 3271 95 3335 h'ec
116 3275 230 3351 debite,
260 3276 378 3361 inquit,
406 3275 481 3359 qnin
513 3273 643 3337 ecelesia
670 3271 910 3337 Cantauriensis
943 3273 1143 3338 nobilissima

40 3371 72 3429 a't
91 3371 167 3436 inter
190 3395 296 3436 omnes
319 3371 466 3437 ecclesias
482 3371 669 3448 Occidentis,
693 3393 748 3434 nee
772 3393 840 3434 eunt
856 3377 931 3459 jore
948 3395 1003 3437 sao
1013 3373 1146 3458 privari

41 3467 106 3546 colo,
133 3473 205 3556 pain
225 3473 335 3556 potius
351 3475 450 3560 juxta
473 3469 637 3533 consilinm
659 3479 795 3532 nestram
825 3468 907 3532 dabo
941 3493 1079 3556 operam,
1108 3480 1143 3534 nt

42 3576 64 3625 rt
80 3568 112 3629 in
132 3569 184 3632 hoc
209 3566 343 3632 ernado
366 3568 520 3632 relevetur
543 3578 573 3631 et
583 3568 759 3654 manum
775 3568 809 3628 in
826 3567 967 3632 omnibns
982 3577 1144 3654 recuperet

43 3661 217 3748 dipnitntern
255 3665 328 3730 litis
351 3678 454 3731 autern
476 3667 532 3752 qni
553 3688 600 3728 me
623 3675 653 3728 et
675 3687 729 3728 vos
751 3665 899 3730 hactenns
918 3665 1142 3752 prodiderant,

44 3757 98 3824 Deo
113 3765 252 3851 propitio
277 3767 322 3828 ric
345 3763 549 3850 respondebo,
573 3774 608 3826 at
632 3763 762 3848 ecipnnt
776 3763 889 3826 merite
900 3763 1143 3849 proditorum.²)

44 3855 84 3921 Ita
107 3859 166 3926 hae
195 3863 236 3927 de
267 3863 460 3948 quaestione
487 3860 597 3947 quoad
627 3860 874 3924 coronationem
907 3861 977 3945 ipse
1008 3882 1033 3924 s.
1058 3858 1144 3925 Tho·

46 3975 111 4020 mas.
135 3995 169 4006 —
195 3957 387 4025 Secundum
411 3955 613 4024 Gulielmum
638 3956 876 4043 stephanidem
908 3979 967 4022 rex
1000 3957 1144 4023 addidit:

105 4199 224 4336 :ilflpipt
242 4218 263 4256 s.
282 4200 402 4254 Thomna
421 4200 455 4254 ad
475 4201 549 4254 Alex.
569 4197 657 4252 Pout.
677 4214 719 4266 ap.
739 4197 814 4252 Giies
833 4198 865 4251 V.
887 4200 911 4255 l;
930 4213 971 4265 cp.
992 4197 1078 4251 XXV.

116 4295 124 4346 r
173 4297 181 4334 ι
1136 4299 1153 4306 --

986 4363 1044 4420 13”
