2828 4842
362 441 506 508 Expeditio
525 442 645 495 cruciata
663 449 768 508 quarta.
1090 445 1142 499 309

60 584 155 646 ratione
185 585 321 648 cruciati
352 608 372 648 a
396 583 533 649 Graecis
557 585 677 670 proditi
703 609 767 671 pro
790 589 904 651 bonore
928 599 1055 652 sanctos
1082 591 1142 652 no-

60 703 141 743 nonoe
173 681 330 744 Εσσὶεείαε
366 693 396 746 et
429 683 629 747 subventione
668 693 771 748 terroe
806 695 934 748 sanotae
972 687 1142 750 civitatem

60 773 192 841 CPtnnsm
218 779 323 842 adorti
344 781 419 859 sint,
444 791 477 844 et
499 789 661 865 postremo
677 784 953 866 expugnaverint.
983 781 1142 866 sennem,

57 875 259 956 arbitratis
284 879 511 942 declarandum
534 903 598 942 esse
622 880 826 956 decernimus,
851 905 943 964 quom
958 882 1041 944 miro
1060 882 1144 944 circo

59 995 164 1037 norma
180 978 221 1038 sit
244 977 356 1039 diuino
379 974 544 1040 clementia
567 979 716 1054 novitate,
741 999 928 1062 quamquam
956 1000 1021 1041 non
1042 979 1142 1056 nobis,

56 1070 96 1131 recl
113 1075 222 1136 nomini
244 1097 300 1136 sno
323 1075 459 1158 ploriorn
490 1075 613 1138 dederit
643 1075 785 1138 omnibns
814 1075 949 1138 sonneiis
983 1075 1143 1138 admiran-

57 1167 117 1230 ‹lnn
156 1170 361 1235 Mirabilibns
390 1177 457 1261 ejus
480 1174 565 1236 airon
591 1195 649 1236 nos
671 1195 792 1258 semper
813 1173 1015 1236 mirabiliora
1044 1195 1144 1236 ertene-

54 1263 290 1341 instantiam
313 1269 492 1352 infidelibus
516 1270 645 1334 dubium
669 1293 733 1334 esse
757 1293 820 1334 non
834 1271 955 1347 debent,
980 1272 1056 1356 quin
1081 1295 1142 1333 rnn-

57 1387 98 1424 uos
116 1365 238 1430 Domini
267 1377 413 1452 operetur
442 1369 516 1430 lineo
540 1369 656 1445 omnin,
687 1391 780 1451 quam
802 1368 883 1431 nibil
906 1379 1066 1453 speratum
1090 1378 1146 1430 ont

52 1464 183 1542 prouisum
206 1475 280 1528 ante
304 1466 478 1550 coubpnrit,
503 1465 558 1528 sed
582 1476 654 1528 tnnc
678 1466 799 1529 deinum
822 1489 904 1530 nouo
928 1467 1017 1528 nobis
1037 1467 1143 1529 Donni·

56 1582 97 1620 sins
114 1563 325 1644 procuraverit
349 1562 486 1640 unsilia,
511 1587 579 1626 cum
601 1563 683 1626 nibil
705 1564 835 1626 humani
857 1565 1016 1626 uideretur
1039 1587 1144 1650 snper-

55 1679 102 1718 eue
121 1661 248 1724 consilii.
283 1699 327 1706 —
358 1661 526 1746 Expositis
558 1661 634 1725 dein
672 1660 847 1724 eventibus
885 1672 979 1744 rogat
1013 1661 1143 1725 Pontifi-

54 1776 117 1836 cem,
137 1769 170 1820 ut
188 1760 259 1843 jam
283 1781 335 1822 res
359 1760 599 1823 ecclesiasticas
625 1757 909 1843 Constantinopoli
939 1771 1014 1844 apta
1039 1759 1144 1844 dispo-

54 1873 111 1916 nere
126 1858 320 1942 suscipiat.¹)
344 1857 449 1923 Simul
467 1860 566 1921 missa
583 1858 717 1921 fuerunt
731 1856 773 1920 ad
790 1856 1021 1920 Innocentium
1038 1867 1143 1940 pacta.

53 1957 220 2032 quarnarii
246 1954 347 2018 duces
371 1966 404 2018 et
426 1957 593 2041 principes
617 1958 759 2019 interae
784 1956 936 2036 inierant,
969 1965 1145 2040 antequam

53 2049 133 2112 unitis
157 2053 283 2116 viribus
307 2051 629 2139 Constantinopolim
654 2053 925 2138 expugnarent.²)

123 2219 190 2284 100.
226 2220 302 2300 Qua
333 2245 410 2286 vero
444 2224 570 2286 ratione
595 2223 749 2286 Pontifex
773 2245 807 2286 se
831 2221 994 2302 habuerit,
1020 2219 1144 2305 quidve
1183 2233 1292 2270 Iunona-

50 2320 199 2398 censuerit,
225 2319 357 2404 quando
383 2323 501 2384 certior
517 2321 624 2384 factus
648 2331 696 2384 est
712 2320 753 2383 de
769 2321 911 2405 Imperio
936 2318 1037 2382 latino
1063 2316 1144 2382 Con-

1154 2297 1181 2338 ut
1192 2295 1224 2334 lu
1240 2304 1314 2332 sonsa.

49 2415 238 2500 suntinopoli
263 2419 452 2499 constituto,
482 2442 523 2482 ex
549 2419 660 2484 Gestis
684 2419 754 2504 ejus
778 2418 959 2504 litterisque
984 2440 1022 2480 ca
1054 2438 1145 2480 occa-

49 2509 122 2573 sione
144 2516 272 2599 scriptis
301 2515 485 2580 luculenter
515 2519 652 2582 eruitur.
702 2515 908 2600 „Attendens
932 2537 1008 2598 orgo
1033 2515 1145 2578 Domi·

49 2626 96 2668 nus
118 2609 336 2696 Innocentius,
361 2614 476 2678 scribit
499 2625 614 2678 auctor
638 2615 823 2694 Gestorum,
853 2613 941 2700 quod
967 2615 999 2676 in
1027 2614 1145 2696 pactio-

49 2703 128 2768 nibus
150 2708 212 2772 illis
238 2709 341 2773 multa
359 2711 613 2776 continebantur
630 2712 756 2792 illicita,
781 2713 975 2798 praesertim
1000 2733 1039 2774 ea
1062 2732 1146 2795 quae

48 2806 264 2888 contingebant
294 2818 416 2872 statum
442 2810 654 2874 ecclesiarum
679 2819 711 2874 et
735 2808 970 2894 clericorum3),
1002 2819 1034 2872 et
1058 2807 1147 2894 quod

50 2898 236 2988 inceptione
262 2903 564 2992 Constantinopolis
597 2907 700 2972 multa
723 2907 858 2972 fuerunt
888 2906 1011 2970 scelera
1035 2928 1146 2990 perps-

48 3011 123 3070 trata,
154 3003 308 3089 qnodque
340 3007 559 3090 crucesignati
588 3007 747 3092 prohibiti
772 3006 903 3070 fuerant
927 3016 1030 3068 torres
1055 3003 1146 3068 Chri-

90 3189 108 3194 --
114 3191 239 3200 —-—-..-

107 3311 125 3375 ¹)
142 3311 174 3364 V.
194 3312 281 3366 Gesta
299 3330 324 3369 n.
344 3314 387 3370 91.

105 3409 125 3474 ²)
142 3410 199 3462 lbid
227 3427 254 3465 n.
274 3413 317 3466 92,

105 3505 121 3564 ³2·
141 3505 215 3562 Inter
234 3509 289 3562 alia
307 3525 329 3562 e.
341 3525 368 3576 g.
388 3509 639 3564 statntnmlnerat:
661 3510 816 3576 „Sciendum
836 3517 886 3576 est,
905 3509 974 3576 quod
994 3509 1083 3564 clerici
1102 3510 1147 3575 qni

46 3581 70 3634 le
87 3597 155 3650 parte
173 3589 222 3641 illa
242 3589 344 3642 iruerint
367 3590 399 3642 de
419 3606 472 3655 qua
491 3605 544 3643 non
570 3589 654 3644 fuerit
673 3591 824 3658 Imperator
849 3591 957 3654 electus,
983 3597 1148 3657 potestatem

46 3659 162 3720 hibebunt
180 3670 320 3723 ecclesiam
338 3677 449 3723 sanotae
468 3669 582 3737 Sophiae
600 3670 751 3734 ordinandi,
776 3677 804 3724 et
827 3670 1010 3737 patriarcham
1028 3669 1147 3738 eligendi

47 3743 202 3802 attererem
223 3749 273 3802 Dei
294 3757 322 3802 st
340 3757 452 3803 sanctae
470 3751 608 3804 Romanae
627 3751 755 3804 ecclesiae
775 3759 802 3803 ct
822 3749 940 3817 Imperii.
968 3749 1064 3804 Clerici
1085 3765 1148 3802 vero

48 3825 166 3893 lituusque
184 3829 272 3894 partis
291 3830 359 3894 (scil
370 3831 536 3884 Venetorum
549 3845 580 3884 ac
593 3831 756 3897 reliquorum
769 3831 929 3898 principum)
949 3831 1009 3884 illas
1023 3830 1148 3884 ecclesias

46 3905 150 3962 ‘minure
173 3909 281 3970 debent,
310 3926 379 3976 quae
397 3926 462 3965 suae
481 3910 554 3978 parti
578 3911 747 3979 contingent.
786 3912 825 3964 De
850 3910 1061 3976 possessionibus
1085 3927 1149 3964 vero

47 3987 194 4042 eclesiarum
215 3997 256 4043 tot
275 3997 430 4045 attentum
458 3990 561 4045 elensis
586 3997 614 4045 st
641 3990 761 4044 ecclesiis
786 3991 885 4044 debent
909 3991 1052 4060 provideri,
1084 3999 1149 4056 quot

48 4059 168 4123 honmitice
193 4070 299 4136 possint
318 4071 410 4125 virere
429 4077 458 4124 ct
476 4069 632 4124 sustentari.
669 4069 799 4137 Reliquae
819 4086 882 4124 vero
906 4071 1085 4138 possessiones
1109 4085 1149 4124 ec·

47 4141 164 4203 rutarum
183 4150 271 4203 dividi
291 4157 319 4204 et
338 4151 434 4218 partiri
454 4151 551 4204 debent
570 4151 714 4204 secmrdum
733 4151 852 4204 ordinem
871 4151 1100 4218 praesignatum.“
1116 4179 1148 4192 ·-

48 4221 109 4278 Telis
126 4229 243 4294 profecto
264 4230 396 4297 principes
415 4245 462 4296 pro
482 4228 595 4284 arbitrio
614 4245 662 4284 suo
680 4235 803 4284 statuere
822 4247 875 4283 non
894 4235 1030 4298 poterent.
