2850 4834
352 495 392 548 De
408 493 520 560 Justitia
539 490 705 550 abolitionis.
1041 493 1092 548 1‘23

15 639 108 700 ainrico
129 647 158 702 et
180 659 236 722 pro
261 633 524 722 inquisitoribus,
549 643 703 700 accurate
728 637 899 700 cautiones
915 635 1089 722 ejusmodi,

15 757 40 798 oe
57 747 159 800 tortura
182 736 279 799 nimis
303 733 486 798 inhumana
503 744 597 814 esset,
623 755 662 796 ac
678 733 794 796 merito
811 733 1091 818 praesumendum

14 849 50 900 et.
68 832 102 896 ab
123 831 367 920 inquisitoribus
391 830 646 910 ecclesiasticis„
661 833 687 894 si
710 841 834 894 tortura
858 830 1090 915 adhibebatur,

14 929 106 1012 regulas
127 929 195 994 illas
218 930 410 994 observatas
433 929 545 993 fuisse.
576 929 652 992 lam
671 928 827 1009 vidimus,
844 927 1031 994 Florentiae
1056 932 1091 994 in

12 1030 125 1092 examine
147 1027 188 1092 ab
212 1029 376 1114 episcopis
401 1027 560 1106 instituto,
586 1048 645 1090 sex
660 1026 777 1090 fratres
791 1028 974 1092 servientes
990 1029 1090 1092 etiam

12 1135 99 1189 urum
126 1125 273 1190 adhibita
308 1123 391 1188 nihil
424 1124 591 1188 confessos
621 1124 722 1188 fuisse
746 1145 785 1188 ac
809 1123 940 1188 habitos
966 1136 1090 1190 utnon

12 1245 65 1300 reos,
84 1245 176 1308 quum
200 1225 327 1310 equites
351 1221 435 1286 ultro
452 1221 592 1285 crimina
610 1223 786 1286 commissa
801 1223 944 1287 confessi
968 1235 1089 1291 essent.

12 1319 113 1384 Etiamsi
141 1323 240 1407 igitur
269 1321 373 1406 aliqui
397 1319 660 1405 Templariorum
692 1332 826 1404 propter
850 1330 1013 1386 tormenta
1038 1323 1091 1388 vel

11 1433 96 1482 tenore
123 1421 275 1484 commoti
307 1417 388 1482 falso
423 1440 456 1481 se
480 1439 552 1482 reos
575 1439 646 1482 esse
670 1417 812 1482 confessi
845 1420 921 1498 sint,
952 1429 1020 1484 tam
1046 1423 1091 1485 in·

12 1532 102 1600 gentem
125 1529 231 1581 tamen
257 1516 503 1580 multitudinem
528 1537 651 1595 eorum,
684 1518 770 1578 inter
799 1537 881 1602 quos
912 1518 1002 1582 suere
1027 1521 1090 1583 viri

11 1613 174 1696 solilissimi,
205 1614 269 1678 hac
300 1616 426 1677 ratione
458 1623 562 1678 motos
591 1613 692 1678 fuisse
716 1613 758 1677 ad
784 1616 923 1679 crimina
948 1616 1003 1681 illa
1027 1618 1089 1682 sibi

12 1713 192 1797 'mpingenda
217 1713 347 1776 admitti
374 1733 439 1775 non
464 1733 559 1796 posse
583 1713 745 1776 existima.

67 1849 111 1910 39.
155 1846 221 1914 Sed
251 1848 298 1910 rei
330 1844 428 1909 cardo
460 1845 496 1908 in
520 1867 557 1908 eo
583 1846 731 1924 vertitur,
764 1845 853 1930 quod
877 1857 1003 1912 certum
1028 1861 1086 1932 est,
1101 1863 1261 1914 00c0112¹⁰¹²0³

15 1943 92 2008 nultos
113 1945 194 2009 ultro
219 1956 252 2010 et
275 1953 390 2030 sponte
416 1945 487 2007 sine
511 1945 545 2006 vi
570 1954 603 2006 et
625 1952 747 2006 terrore
772 1943 995 2028 depositiones
1014 1929 1249 2012 suas⁵⁹⁰¹¹¹⁸¹¹⁰⁸⁶'

13 2037 96 2107 icisse.
139 2043 245 2108 Nemo
279 2041 409 2106 illorum
433 2043 643 2127 septuaginta
668 2041 808 2106 duorum
840 2045 998 2129 equitum,
1032 2047 1088 2131 qui

15 2139 169 2206 il’ontilice
210 2152 242 2204 et
278 2138 516 2204 Cardiualibus
541 2139 689 2203 Pictavis
726 2142 907 2204 examinati
946 2141 1089 2220 suerunt,

15 2237 82 2301 rullus
97 2239 361 2325 Praepositorum
386 2239 442 2322 qui
462 2261 481 2301 a
499 2236 733 2301 Cardinalibus
757 2240 791 2302 in
809 2239 945 2302 civitate
962 2237 1093 2306 Chinou

16 2340 157 2422 nlerrogati
183 2349 271 2416 sunt,
297 2337 469 2400 tormentis
492 2335 535 2400 ad
552 2335 773 2400 confessiones
789 2336 928 2400 adactus
952 2351 1011 2419 est,
1035 2339 1093 2404 sed

15 2435 34 2494 ui
53 2433 180 2500 babetur
206 2437 238 2499 in
257 2433 356 2498 Bulla
382 2433 477 2515 „Vox
491 2435 525 2497 in
542 2432 711 2497 excelso“:
737 2435 893 2497 lineatim
910 2440 1092 2524 juramento

18 2531 59 2590 md
84 2557 172 2618 super
204 2533 390 2618 praemissis
419 2530 560 2594 omatibus
591 2553 708 2593 mserum
741 2542 770 2594 et
790 2531 924 2618 plenem
955 2534 1094 2598 dicerent

16 2629 137 2700 uitatem,
161 2629 259 2692 libere
284 2653 322 2692 ac
346 2641 466 2715 sponte,
497 2628 610 2714 adaque
636 2631 794 2692 coactione
818 2628 956 2713 quolibet
981 2643 1010 2695 et
1034 2645 1092 2696 ter·-

16 2743 57 2795 crs,
77 2727 286 2813 deposuerant
310 2737 339 2790 el
362 2727 501 2812 confeset'
514 2727 663 2814 fueruat,
688 2737 749 2790 etc.
798 2725 906 2790 Etiam
933 2726 1091 2796 Commis-

15 2824 53 2884 uii
75 2825 115 2887 illi
141 2825 316 2910 pontificii,
347 2826 404 2910 qui
428 2824 564 2888 Parisiis
588 2823 662 2910 plus
686 2847 785 2909 quam
810 2835 974 2890 trecentos
998 2828 1091 2892 Tem-

16 2913 90 2985 brios
110 2924 299 3003 audierunt,
324 2943 494 3008 nunquam
520 2923 588 2986 vim
612 2932 645 2986 et
668 2932 831 2986 tormenta
854 2921 1089 2991 adhibuerunt.

15 3017 207 3085 .lluilielmo
239 3020 439 3106 Inquisitore
478 3021 512 3083 in
551 3021 656 3105 primo
696 3021 849 3084 examine
888 3023 967 3086 anni
998 3023 1090 3106 1301,

16 3133 43 3176 uo
75 3119 153 3182 infra
195 3139 344 3182 mensem
389 3117 456 3181 fere
504 3119 720 3201 interrogavit
765 3118 828 3181 140
870 3118 1085 3205 Templarios.

16 3213 39 3274 is
63 3239 119 3280 uno
153 3216 303 3281 alterove
342 3238 420 3280 casu
460 3225 584 3280 tortura
623 3214 775 3278 adhibita
814 3238 884 3280 esse
917 3217 1091 3305 videtur.¹)

50 3379 55 3382 -
60 3379 179 3388 --·--·—.-.⁴

16 3459 64 3514 tam
87 3465 222 3520 interdum
245 3461 284 3528 fir,
313 3469 345 3516 ut
369 3463 495 3517 innocens
514 3462 672 3516 damnetur:
706 3479 759 3516 uon
783 3463 843 3517 ideo
866 3479 943 3517 omue
960 3465 1091 3533 judicium

15 3537 117 3598 llsudum.
144 3544 220 3598 Satis
234 3551 277 3597 est
296 3559 329 3598 ea
347 3543 435 3597 media
454 3557 553 3609 easque
573 3542 711 3598 cautiones
730 3543 860 3605 adhiberi,
880 3543 976 3610 quibus
989 3547 1092 3614 majora

16 3625 96 3686 untur.
114 3625 167 3678 etsi
180 3623 277 3678 iisdem
291 3623 426 3677 interdum
440 3624 544 3676 minora
563 3629 673 3689 praeter
686 3623 864 3677 intentionem
878 3625 1031 3679 everriaut.“
1053 3626 1092 3681 De

14 3711 38 3750 us
52 3709 75 3754 at
88 3703 151 3770 just.
173 3705 203 3758 L.
224 3705 262 3758 ll.
281 3704 311 3758 C.
332 3703 434 3760 XXIX.
453 3703 547 3757 Dubit.
569 3703 610 3757 ll.

49 3792 64 3854 ¹¹,
85 3792 176 3848 Plures
195 3799 329 3856 auctores,
348 3792 390 3846 uti
408 3793 495 3861 Jager
513 3791 577 3846 Hist
609 3793 642 3847 de
667 3790 787 3860 l'llglise
818 3791 889 3846 cath.
921 3808 955 3848 en
980 3793 1091 3866 Fronte,

14 3867 55 3922 -X
78 3887 100 3938 p.
118 3875 180 3937 406,
210 3872 424 3940 Hergenrdther‚
452 3873 486 3927 K.
507 3873 538 3926 G.
557 3873 589 3926 B.
608 3872 661 3927 Ill.
680 3889 705 3940 p.
725 3873 786 3936 340,
814 3879 932 3937 censent,
958 3878 1093 3930 torturam

13 3959 34 4000 tu
48 3951 186 4008 adhibitam
206 3952 290 4006 fuisse
309 3952 337 4006 iu
356 3953 478 4008 examine
497 3953 593 4006 horum
613 3954 665 4008 140
683 3951 903 4018 Templariorum.
941 3951 1093 4009 Occurrunt

13 4041 63 4082 mn
86 4033 181 4088 saltem
207 4032 300 4098 aliqua
329 4033 456 4101 vestigia.
494 4034 540 4085 Ita
559 4030 656 4085 collato
685 4031 808 4086 examine
833 4031 928 4085 fratris
948 4031 1041 4100 Egidii
1059 4035 1092 4089 de

13 4109 41 4160 td
61 4127 141 4167 caram
161 4111 298 4166 Gulielmo
316 4111 482 4178 Inquisitore
506 4111 645 4182 (llichelet
663 4111 759 4166 Procas
778 4111 816 4170 11,
843 4111 917 4178 373),
943 4119 972 4166 et
996 4111 1092 4168 fratris

12 4185 129 4246 tidieitur
147 4192 267 4248 Gilletus
294 4192 327 4246 de
346 4191 440 4247 Eoreio
459 4209 549 4247 coram
568 4191 758 4246 Commissione
783 4191 924 4258 pontificia
943 4193 1050 4260 (Preces
1069 4194 1091 4247 l.

14 4267 50 4325 ll.
69 4273 204 4327 invenitur
227 4271 260 4326 de
287 4271 379 4326 eadem
404 4273 451 4342 agi
470 4287 594 4341 pomona.
629 4272 693 4327 Jam
712 4287 775 4326 vero
793 4287 882 4326 coram
901 4271 1092 4328 Commissione
