2844 4840
124 1013 210 1053 Ultima
219 1014 278 1053 Boni

137 1074 188 1114 fatti
203 1081 272 1125 gesta

297 474 331 526 to
567 471 652 524 XXX.
673 471 712 524 De
731 470 893 525 Pontifioatn
913 469 1047 524 Bonifatii
1070 471 1146 526 VIII.

298 614 496 697 volentibus,
529 615 573 678 acl
590 615 794 700 praedictam
821 612 995 680 Concilium
1026 615 1281 700 congregandum,
1312 623 1338 676 et
1357 611 1391 674 ul

287 711 437 798 futuram
460 735 564 776 aarum
589 723 618 775 et
641 712 811 798 legitimum
825 733 975 776 crimmum
991 713 1182 796 Pontificem,
1206 723 1235 775 et
1255 711 1298 776 od
1318 709 1391 773 illum

296 809 344 872 oei
367 809 451 888 illos,
476 811 520 873 ad
542 833 630 896 quom
653 809 702 874 cel
724 811 769 874 od
792 831 868 896 quoa
892 811 930 874 de
946 816 1021 899 jore
1044 811 1152 896 faerit
1176 809 1394 900 appellandum,

297 919 480 992 provocant
502 919 534 973 et
558 909 726 995 appellant
749 911 782 973 in
807 909 970 995 scalpto.¹)

281 1035 287 1044 ·
390 1007 440 1070 74.
467 1005 533 1071 Ubi
549 1008 612 1070 ista
627 1007 783 1092 cognovit
796 1007 983 1072 Bonifatius
999 1009 1101 1094 Papa,
1127 1007 1182 1072 die
1200 1008 1257 1071 15⁰
1270 1005 1394 1084 Augusti

298 1106 332 1167 in
358 1103 584 1169 Cardinalium
618 1105 810 1170 consistorio
836 1105 1010 1190 Anagniae
1041 1106 1166 1187 habito,
1201 1104 1332 1169 solemni
1359 1123 1394 1164 sa-

297 1213 464 1266 cramento
488 1225 522 1266 se
545 1202 588 1266 ab
612 1202 733 1266 affictis
763 1202 825 1267 sibi
851 1203 1046 1268 criminibus
1075 1204 1241 1288 purgavit,
1272 1199 1387 1286 appella

295 1301 418 1364 tionem
444 1311 626 1364 conventus
650 1299 847 1364 Parisiensis
878 1301 1001 1366 nullius
1025 1323 1095 1365 esse
1119 1299 1241 1364 valoris
1271 1298 1397 1362 declara-

295 1401 351 1480 vit,
367 1400 542 1484 variasque
559 1399 664 1463 edidit
678 1396 946 1482 Constitutiones‚
964 1411 1000 1462 ut
1016 1411 1130 1464 contra
1147 1400 1287 1484 impium
1303 1397 1411 1480 regem}

294 1497 489 1580 dignitatem
515 1508 547 1560 et
565 1497 643 1582 jura
675 1494 770 1560 Sedis
796 1497 1006 1582 Apostolicae
1042 1496 1237 1561 vindicaret.
1285 1493 1397 1558 Calum-

293 1596 382 1657 niam
416 1593 559 1658 haeresis
591 1595 768 1679 praecipue
801 1597 834 1659 in
864 1595 972 1660 edicto
999 1597 1114 1682 Nuper
1138 1595 1182 1658 ad
1206 1594 1411 1678 erudientium

292 1715 412 1776 magna
436 1715 511 1756 enm
536 1692 771 1776 indignatione
795 1692 935 1778 repellit.
990 1693 1054 1758 Sed
1076 1693 1140 1772 obi,
1175 1694 1294 1777 inquit,
1326 1689 1411 1756 andi-l

293 1802 356 1854 tum
381 1814 401 1852 a
424 1789 559 1874 saeculo,
585 1790 668 1876 qood
691 1791 851 1854 haeretico
866 1791 1028 1877 fuerimus
1053 1790 1124 1855 labe
1140 1791 1300 1877 respersi?
1336 1786 1400 1859 eric

291 1889 406 1951 vnmium
431 1888 476 1950 de
506 1890 689 1972 cognatione
723 1899 843 1971 moab-o,
874 1890 936 1952 imo
965 1890 1005 1966 de
1031 1900 1097 1952 toto
1124 1887 1304 1974 Campania
1333 1885 1411 1954 :tela

292 1987 442 2071 origin-em
466 1986 616 2063 ducimus,
647 1995 779 2049 notatur
801 1987 857 2050 lcoc
876 1987 1064 2067 anemium)
1111 1985 1314 2070 Praeparata
1337 1982 1411 2068 dein}

292 2093 349 2165 est,
375 2095 411 2146 ut
435 2083 660 2168 publicaretur
688 2083 742 2146 die
766 2084 805 2148 8⁰
828 2082 1046 2169 Septembris,
1080 2081 1176 2147 Bulla
1201 2082 1307 2168 Super
1331 2071 1411 2154 leel

290 2181 380 2259 solie,
406 2203 472 2266 que
495 2203 554 2244 rex
579 2183 812 2246 communione
829 2181 999 2246 Ecclesiae
1023 2192 1056 2244 et
1078 2201 1180 2264 regno
1206 2177 1401 2265 privabatur·

291 2289 323 2342 et
346 2279 471 2343 subditi
495 2303 515 2343 a
538 2279 707 2343 fidelitatis
726 2280 915 2364 juramento
940 2279 1195 2358 solvebantur.³)
1235 2276 1304 2343 Sed
1327 2249 1411 2338 antal

293 2399 392 2462 quam
417 2376 513 2441 Bulla
545 2376 817 2463 promulgaretur,
848 2378 1035 2444 Bonifatius
1066 2379 1100 2441 in
1125 2399 1245 2441 manus
1271 2375 1402 2439 hostium

291 2475 421 2540 incidit.
1410 2501 1411 2556 p

383 2573 434 2638 75.
460 2573 531 2636 Rex
548 2574 635 2636 enim
649 2573 720 2658 jam
747 2595 857 2637 mense
874 2571 982 2658 Aprili
1000 2572 1204 2638 Gulielmum
1213 2571 1404 2652 Negaretuni

291 2691 366 2733 cum
383 2669 514 2734 Scierra
539 2668 703 2734 Columna
727 2673 761 2734 in
777 2670 906 2734 ltaliam
933 2671 1078 2749 miserat,
1102 2681 1136 2734 ut
1158 2669 1320 2734 Bonifatii
1343 2687 1411 2732 oon-2

290 2767 364 2831 eilia
388 2769 486 2831 irrita
509 2769 696 2832 redderent.
735 2768 786 2832 Ilii
811 2768 948 2832 collecta
971 2768 1251 2834 conductitiorum
1278 2741 1411 2829 militumi

291 2887 400 2946 manu,
417 2865 516 2929 diei⁰
529 2865 733 2951 Septembris
743 2868 931 2950 Anagniam
949 2868 1097 2951 Ingressi,
1115 2867 1149 2930 in
1159 2863 1322 2950 palatium
1335 2863 1403 2926 Pon·

289 2963 387 3028 tificis
411 2965 601 3050 irruperunt
625 2975 657 3028 et
680 2964 886 3029 Bonifatium
912 2967 946 3027 in
970 2985 1007 3028 eo
1032 2965 1203 3050 captivum
1236 2961 1411 3030 tenuerunt]

289 3061 466 3148 multisque
490 3063 630 3126 affecere
655 3064 825 3127 conviciis.
869 3062 997 3146 Insigni
1022 3064 1149 3126 ratione
1172 3083 1212 3126 ac
1234 3060 1404 3123 fortissimo

288 3161 399 3225 animo
413 3160 567 3224 Pontifex
585 3161 618 3224 in
633 3162 703 3224 istis
719 3162 880 3244 angustiis
901 3181 995 3224 suam
1012 3160 1211 3244 dignitatern
1228 3171 1266 3220 et
1280 3155 1411 3222 auctori-l

232 3259 241 3266 '
287 3265 388 3322 tatem
414 3261 516 3322 tuitus
533 3269 590 3322 est.
609 3297 650 3305 —
667 3259 791 3323 Triduo
809 3268 882 3344 post
909 3270 1019 3322 tamen
1036 3257 1223 3324 Bonifatius
1237 3257 1325 3324 VIII
1339 3283 1357 3322 a
1372 3258 1405 3319 ei·

288 3357 386 3420 vibus
401 3358 576 3442 Anagniae
597 3357 783 3421 suillorum
802 3356 956 3420 manibus
972 3355 1130 3420 llberatus
1147 3379 1185 3421 ac
1201 3358 1343 3423 Romam
1363 3355 1411 3442 dei

286 3455 413 3538 duetus,
430 3477 505 3519 eum
517 3456 640 3540 gaudio
653 3455 814 3520 acivibns
826 3466 978 3540 receptus
990 3454 1061 3521 fuit.
1087 3455 1154 3520 Sed
1162 3457 1268 3520 etiam
1280 3459 1314 3520 in
1329 3453 1411 3520 Urbci

286 3554 457 3618 Pontificis
478 3557 657 3618 auctoritas
675 3577 714 3618 ac
731 3554 864 3619 libertus
880 3554 921 3617 ab
944 3553 1138 3618 Ursinorum
1157 3553 1305 3618 factione
1322 3543 1411 3618 modol

288 3652 425 3738 Indigno
450 3651 722 3738 coarctabatur.⁴)
770 3651 868 3716 Unde
891 3661 1064 3715 senectute
1088 3661 1186 3737 atque
1201 3655 1308 3716 animi
1333 3671 1403 3715 moe·

287 3771 359 3813 rore
391 3749 570 3832 confectus,
603 3749 793 3814 vehementi
826 3749 920 3814 febre
951 3771 1029 3814 mox
1062 3759 1233 3836 correptus
1269 3750 1340 3824 fuit,
1373 3772 1411 3832 aa

289 3848 504 3911 sacrementis
534 3849 596 3912 rite
629 3851 800 3933 susceptis,
841 3847 896 3913 die
922 3849 980 3911 11⁰
1004 3847 1158 3912 Octobris
1188 3847 1284 3928 obiit,
1318 3867 1411 3930 senen

365 4018 384 4082 ¹)
405 4015 438 4071 V.
457 4015 548 4070 Natat.
568 4016 646 4073 Alex.
668 4016 738 4070 Dias.
758 4015 804 4070 cit.
824 4021 876 4070 art.
896 4019 921 4070 4.
1410 3979 1411 4064 i

362 4094 383 4164 ²)
402 4093 434 4150 V.
455 4095 588 4161 naynoo.
609 4096 642 4148 ad
661 4112 684 4155 a,
709 4095 785 4151 1303.
805 4111 842 4149 nn
872 4095 906 4148 36
925 4111 981 4163 sqq,
1001 4099 1030 4149 et
1047 4095 1081 4148 ed
1101 4111 1125 4149 a.
1147 4097 1227 4151 1311.
1247 4113 1275 4152 n.
1294 4099 1337 4152 40.
1410 4109 1411 4142 l

362 4173 383 4240 ³)
403 4179 453 4243 Ap.
473 4175 606 4242 Raynald.
626 4175 659 4228 ad
680 4190 704 4230 a.
726 4177 794 4231 1311
814 4191 840 4230 n.
860 4177 903 4228 m.
1410 4199 1411 4238 p

362 4253 385 4325 ⁴)
406 4253 460 4308 Cfr.
482 4253 575 4322 Balsa,
595 4257 664 4311 Stor.
685 4255 710 4309 (Ρ
721 4255 786 4310 ital.
806 4255 835 4308 Τ.
855 4253 903 4310 IV.
923 4253 954 4308 L.
974 4254 1104 4309 XXVIII.
1123 4271 1151 4310 n.
1171 4255 1275 4312 LVIII.
1410 4271 1411 4280 ¹
