2902 4848
372 453 413 508 De
431 453 653 508 condemnatione
672 453 774 512 Hussii.
1097 455 1149 511 331

45 599 138 662 vados
169 608 361 684 praetextus
392 598 579 662 Romanum
612 600 675 662 iter
705 597 897 679 declinavit,
929 601 1048 685 suique
1078 597 1150 662 loco

43 707 258 780 procuratores
288 699 388 778 misit,
419 697 476 782 qni
507 697 613 780 ipsius
644 717 779 760 causam
809 706 955 780 agerent.
1001 698 1151 763 ‚Ioannes

43 793 107 857 dein
143 815 204 880 per
245 793 457 859 cardinalem
498 817 523 858 ι.
561 793 684 877 Angeli
724 794 944 859 concionandi
983 799 1150 883 sacrisque

40 891 188 976 operandi
235 914 374 957 munere
420 891 582 956 Hussium
628 891 820 973 interdixit,
867 902 900 956 et
937 893 1150 958 interdictum

41 991 259 1074 pronuntiarit
282 991 318 1054 in
341 990 414 1055 loca
438 989 610 1076 inquibus
634 992 695 1054 iste
710 1000 909 1054 versaretur.
942 991 1055 1072 Quum
1073 1013 1150 1056 vero

40 1085 163 1170 parochi
189 1088 372 1172 Pragenses
402 1087 566 1174 ejusmodi
599 1087 831 1168 interdictum,
869 1087 993 1153 Hussio
1024 1089 1151 1176 Pragse

40 1195 211 1267 praesente,
236 1196 408 1250 servarent
431 1196 463 1249 et
486 1185 529 1249 ab
554 1185 673 1250 officiis
688 1186 791 1251 sacris
807 1197 982 1272 cessarent,
1008 1188 1152 1253 Hussius

38 1295 200 1365 magnates
224 1295 339 1348 contra
363 1283 427 1348 hoc
450 1284 665 1348 interdictum
689 1286 851 1348 excitavit
873 1293 973 1371 atquc
997 1309 1016 1351 a
1040 1287 1151 1350 Ponti-

38 1377 100 1442 ficis
122 1383 287 1445 sententia
311 1383 355 1446 ad
382 1379 540 1446 Chr-istum
563 1381 749 1469 appellavit,
781 1403 907 1446 errores
939 1395 1050 1448 antem
1075 1405 1151 1450 suos

36 1476 247 1544 disseminare
270 1483 427 1566 perrexit.

115 1578 171 1642 49.
203 1577 341 1643 Errores
355 1578 470 1643 Hussii
484 1577 615 1642 Wiclefi
633 1577 793 1642 doctrinis
810 1580 844 1642 in
859 1577 1011 1664 pluribus
1027 1578 1151 1644 similes

35 1685 137 1756 erant3
164 1675 310 1741 sufficiat
332 1675 387 1740 hic
411 1698 519 1762 pauca
543 1675 584 1739 de
599 1677 640 1739 iis
657 1675 776 1743 dicere.
806 1675 1001 1756 Ecclesiam,
1027 1678 1151 1758 statuit,

36 1783 179 1838 constare
210 1783 340 1838 tantum
374 1795 416 1838 ex
440 1774 706 1859 praedestinatis,
736 1784 768 1837 et
796 1777 958 1838 unitatem
982 1774 1152 1839 Ecclesiae

34 1891 97 1934 esse
111 1873 222 1957 ipsam
238 1875 400 1937 unitatem
416 1872 730 1957 praedestinationis
743 1895 751 1953 3
767 1872 1030 1956 praedestinatos
1045 1894 1153 1958 neque

34 1969 180 2034 exscindi
205 1992 313 2056 neque
330 1969 484 2034 excidere
508 1989 604 2054 posse
627 1989 669 2032 ex
685 1968 846 2049 Ecclesia,
872 1970 1152 2056 quemadmodum

33 2067 51 2127 ii
82 2069 139 2152 qui
175 2089 243 2132 non
272 2078 349 2132 sunt
380 2067 617 2153 praedestinati
653 2088 720 2130 non
748 2080 887 2152 possunt
909 2069 980 2133 fieri
1004 2067 1154 2132 membra

34 2163 213 2230 Ecclesiae.
262 2165 430 2230 Christum
455 2163 561 2228 solum
586 2186 658 2229 esse
682 2175 783 2250 caput
806 2165 988 2246 Ecclesiae,
1012 2165 1153 2230 nullum-

31 2285 89 2346 que
125 2273 231 2349 caput
253 2263 424 2328 Ecclesiae
458 2262 602 2327 visibilis
640 2265 674 2327 in
709 2265 805 2327 terris
840 2285 915 2328 enm
951 2265 1152 2345 instituisse3

31 2359 216 2426 Romanum
233 2361 429 2426 Pontificem
454 2371 531 2426 ante
556 2360 765 2426 Constantini
790 2371 939 2446 tempora
963 2383 1028 2426 nou
1053 2361 1154 2425 fuisse

30 2461 189 2543 majorem
215 2458 350 2546 reliquis
375 2461 550 2545 episcopis,
575 2471 608 2523 et
631 2457 785 2544 papalem
811 2459 1006 2542 dignitatem
1030 2481 1050 2522 a
1075 2458 1155 2524 Cae·

30 2559 107 2621 saris
132 2559 285 2644 potentia
309 2579 380 2622 esse
403 2557 596 2642 profectam.
627 2557 843 2623 Sacerdotem
868 2556 991 2621 nullius
1006 2557 1155 2621 oriminis

27 2655 86 2718 sibi
112 2657 303 2736 conscium,
338 2655 428 2720 nulla
460 2657 807 2720 excommunicatione
838 2655 891 2719 vel
922 2655 1154 2720 interdictione

28 2753 183 2839 impediri
208 2775 304 2838 posse
328 2754 372 2819 ab
389 2755 499 2818 officio
517 2753 757 2827 concionandi;
784 2774 940 2818 censuras
960 2751 1154 2816 ecclesiasti-

26 2873 89 2932 cas,
120 2853 386 2937 suspensionem,
418 2853 808 2932 excommunicationem,
840 2850 1054 2915 interdictum
1084 2871 1155 2913 esse

26 2971 124 3034 opera
152 2949 364 3014 Antichristi.
411 2949 619 3031 Pontificem,
644 2950 826 3035 episcopos,
857 2946 1020 3034 praelatos
1044 2957 1077 3010 et
1100 2946 1155 3011 do-

27 3049 135 3112 minos
171 3047 298 3128 civiles,
335 3048 416 3112 dum
448 3057 526 3111 sunt
557 3049 591 3110 in
621 3057 770 3132 peccato,
807 3049 895 3111 omni
930 3055 1092 3132 potestate
1123 3055 1156 3108 et

20 3145 262 3228 jurisdictione
295 3145 460 3211 excidere.
514 3142 835 3208 Condemnationem
865 3145 909 3207 45
940 3142 1155 3207 articulorum

23 3242 168 3306 Wicleli
192 3243 235 3307 ab
253 3241 480 3308 Universitate
505 3242 664 3328 Pragensi
688 3242 812 3306 factam
836 3263 906 3305 esse
931 3239 1155 3305 irrationalem

23 3353 54 3405 et
71 3344 240 3428 iniquam.
260 3381 303 3390 —-
321 3342 375 3407 Ad
390 3341 581 3428 exemplum
597 3340 742 3424 Wicleii,
768 3352 804 3403 ut
817 3349 1016 3426 propagaret
1030 3359 1156 3402 errores

23 3463 108 3523 suos,
146 3441 311 3505 conviciis
334 3443 444 3526 potius
469 3450 501 3504 et
525 3441 663 3524 argutiis
695 3438 883 3524 sophisticis
907 3437 1049 3501 Hussius
1077 3457 1156 3499 usns

23 3549 86 3621 cst,
127 3561 233 3624 quam
264 3539 485 3622 argumentis3
520 3536 679 3601 Romanis
711 3535 949 3614 Pontificibus,
981 3534 1155 3619 episcopis,

21 3637 204 3702 monachis
243 3647 274 3701 et
312 3636 472 3700 institutis
505 3634 738 3698 ecclesiasticis
780 3635 920 3718 turpiter
950 3631 1155 3712 detrahebat,

21 3738 53 3800 in
79 3732 287 3822 temporales
311 3734 389 3799 cleri
415 3735 647 3819 possessiones,
677 3732 811 3814 abusus,
836 3751 992 3817 pompam
1018 3739 1052 3792 et
1074 3730 1156 3793 vitia

20 3833 322 3899 vehementissime
346 3831 577 3896 invehebatur.
625 3831 699 3894 Hoc
723 3829 843 3915 agendi
875 3828 973 3893 modo
998 3847 1156 3912 magnum

20 3933 253 3998 Bohemornm
278 3951 454 3994 numerum
477 3931 513 3993 in
537 3951 614 3993 suas
639 3938 749 4014 partes
774 3929 920 4008 attraxit,
945 3925 1156 4010 grandesque

19 4031 142 4095 turbas
170 4031 206 4092 in
229 4028 378 4092 ecclesiis
402 4027 584 4092 Bohemiae
608 4027 780 4090 excitavit.

111 4127 175 4194 50.
209 4127 309 4191 Anno
329 4127 414 4190 1413
438 4124 578 4189 Albicus
602 4125 777 4210 episcopus
792 4123 970 4206 Progensis
995 4121 1157 4204 dignitate

18 4251 51 4291 se
77 4225 263 4291 abdicavit
285 4226 382 4311 eique
406 4223 565 4290 successit
585 4219 750 4287 Cooradus
766 4245 786 4285 a
808 4221 930 4300 Vccltta,
954 4221 1012 4305 qui
1029 4218 1159 4283 studuit
