3000 4838
395 461 435 516 De
453 459 598 516 schismate
616 460 693 516 Petri
711 461 818 516 Leonis.
1152 461 1187 515 57

85 601 277 668 Csssinenses
302 603 559 692 dereliquerunt,
583 614 780 690 paratosque
800 626 835 668 se
850 601 1069 685 declararunt,
1094 612 1131 667 ut
1145 625 1188 667 ex

84 701 219 766 mandato
244 702 441 788 Apostolico
467 703 607 767 Honorii
632 702 841 770 Senioretum
874 703 909 765 in
942 700 1098 766 abbatem
1132 699 1187 764 eli·

82 809 186 881 gerent
217 799 261 864 Id
277 801 380 883 igitur
394 800 520 864 factum
535 810 594 881 est,
618 811 717 886 etque
734 800 902 864 Honorius
919 800 954 862 II
975 801 1046 884 ipse
1057 821 1088 862 c.
1102 797 1186 863 1127

81 895 295 962 beneventum
317 898 541 983 proficiscens,
565 900 600 963 in
616 899 816 962 monasterio
833 895 1022 962 Cassinensi
1039 895 1188 962 Seniore·

81 1005 138 1058 tum
167 998 202 1060 in
233 995 391 1060 abbatem
427 997 644 1061 consecravit.
676 1033 720 1044 --
753 994 986 1081 Opportunum
1011 993 1189 1058 videbatur

80 1113 322 1159 commemorare
352 1095 432 1158 istas
456 1095 693 1158 commotiones
724 1095 759 1158 in
784 1091 1105 1178 Congregationibus
1127 1091 1188 1155 Be·

80 1190 320 1272 nedictinorum,
354 1201 391 1254 ut
420 1190 541 1255 clarius
571 1193 822 1277 perspiceretur,
855 1213 915 1255 cur
944 1213 969 1255 s.
999 1188 1189 1254 Bernardue

80 1288 185 1374 aliique
216 1291 283 1354 viri
314 1290 461 1374 insignes
496 1287 536 1353 de
569 1288 713 1374 collapsa
744 1288 982 1353 monachorum
1011 1287 1189 1372 discipline

79 1407 111 1448 eo
129 1397 275 1472 ternpore
299 1388 378 1450 satis
402 1407 513 1451 amare
538 1389 709 1473 conquesti
734 1388 809 1452 sint.
838 1385 904 1453 Sed
920 1387 961 1451 de
977 1409 1002 1451 s.
1017 1384 1188 1450 Bernardo

79 1483 200 1570 ejusque
224 1485 260 1547 in
286 1505 340 1548 res
365 1483 534 1549 Ecclesiae
566 1483 698 1548 influxu
722 1485 860 1548 inferius
883 1484 1043 1548 dicemus,
1089 1481 1189 1548 Modo

79 1583 238 1646 veniamus
277 1581 322 1646 ad
348 1581 628 1668 perturbationem
664 1581 764 1664 illam,
804 1603 889 1667 quae
918 1584 954 1646 in
984 1581 1135 1646 Ecclesia
1158 1589 1191 1644 et

79 1679 194 1764 inipso
220 1678 310 1744 Sede
324 1679 517 1766 Apostolica
540 1688 668 1743 mortuo
686 1680 834 1745 Honorio
858 1702 918 1766 per
941 1678 1084 1744 schisma
1100 1678 1188 1742 Petri

78 1775 186 1842 Leonis
209 1779 359 1841 excitata
382 1786 441 1842 eet.

589 2135 672 2198 111.

80 2271 133 2338 De
152 2275 375 2340 schdsnmte
402 2275 520 2340 Peort
542 2275 696 2340 Monte
724 2293 775 2341 ac
805 2276 856 2340 dc
878 2275 1120 2370 Innocentio
1142 2274 1199 2340 Π

386 2376 556 2452 ejusque
578 2373 872 2438 successorebus.

156 2532 206 2597 71.
238 2530 351 2611 Quum
368 2529 536 2594 Honorius
552 2530 586 2594 ΙΙ
610 2529 664 2594 die
690 2531 755 2595 13¹0
775 2529 950 2594 Februarii
961 2531 983 2612 ¹)
1007 2533 1086 2595 unni
1104 2530 1190 2596 1130
1212 2587 1349 2630 fimum

80 2627 210 2712 obiisset,
249 2654 270 2695 a
301 2637 395 2714 parte
420 2625 646 2692 Cardinelium
679 2631 713 2692 in
744 2628 940 2693 Pontificem
971 2627 1094 2693 electus
1130 2629 1194 2693 luit
1246 2661 1317 2694 non.

78 2721 244 2810 Gregorius
268 2725 461 2792 Cardinalis
490 2726 650 2790 diaconus
674 2748 697 2792 s.
714 2725 846 2811 singoli,
872 2727 928 2812 qui
943 2724 1144 2791 Innocentius
1158 2724 1198 2791 II

80 2835 201 2890 vocatus
224 2837 291 2907 est3
316 2824 360 2889 ab
387 2823 494 2888 altera
518 2846 597 2889 vero
621 2833 715 2909 parte
730 2824 848 2889 Petrus
865 2825 987 2888 Leonis
1004 2823 1192 2889 Cardinalis

16 2935 17 3006 ζ
79 2921 130 2986 snb
150 2925 284 2988 nomine
298 2922 451 2988 Anaclsti
467 2923 508 2986 ΙΙ
526 2923 561 2985 in
585 2921 705 2987 Sedens
722 2921 950 3008 Apostolicam
974 2931 1108 2986 evectus
1132 2931 1190 2990 est.

16 3017 17 3050 ³
81 3017 283 3086 Hnesitarunt
304 3043 343 3086 eo
367 3031 513 3106 tempore
537 3018 651 3104 plures
677 3021 743 3082 viri
768 3022 925 3105 insignes,
956 3019 1051 3105 cujus
1075 3018 1191 3084 electio

82 3114 213 3200 legitime
237 3119 393 3185 habenda
417 3130 518 3201 esset3
543 3129 641 3205 atque
658 3120 758 3183 etiam
774 3119 867 3205 apud
883 3121 1058 3204 scriptores
1080 3141 1192 3184 recen·

82 3215 163 3280 tiores
205 3219 370 3304 quaedam
412 3217 575 3282 dissensio
619 3215 729 3303 quoad
773 3216 966 3282 electionem
1011 3218 1190 3283 invenitur.

82 3309 228 3390 Quamvis
252 3318 341 3381 enim
360 3318 432 3402 jam
457 3336 574 3380 omnes
599 3316 816 3397 conveniant,
850 3315 1033 3398 legitimum
1058 3314 1193 3380 Pontifi-

83 3430 141 3475 osm
170 3435 241 3478 esse
265 3415 499 3481 Innocentium
524 3413 557 3476 Π
588 3435 731 3500 eumque
764 3436 784 3478 a
811 3414 938 3478 saniore
962 3411 1191 3478 Cardinalium

83 3519 160 3589 parte
186 3511 288 3576 fuisse
319 3511 471 3594 electum,
504 3521 616 3575 tamen
647 3510 783 3597 quidam
807 3516 957 3601 majorem
980 3520 1108 3596 partem
1132 3511 1191 3574 Pe·

84 3613 156 3671 trum
171 3608 294 3676 Leonis
319 3609 456 3694 elegisse
481 3608 674 3695 scribuntl).
720 3609 811 3672 Hinc
836 3607 915 3673 utile
940 3607 1074 3671 videtur
1096 3629 1192 3672 accu-

144 3838 163 3904 ¹)
181 3839 298 3894 Videtur
315 3838 451 3893 Honorius
469 3837 499 3892 ΙΙ
517 3837 615 3902 obiisse
633 3842 712 3892 nocte
731 3836 918 3892 intercedente
936 3839 1009 3893 inter
1027 3837 1097 3893 diem
1120 3839 1191 3892 l2um

88 3919 189 3972 ulam
206 3919 356 3985 Februarii,
375 3919 419 3974 vel
437 3918 509 3973 forte
527 3933 648 3985 vespere,
672 3917 717 3972 die
737 3919 784 3972 12ο
802 3917 953 3974 Februarii
992 3916 1099 3972 Dicitur
1117 3917 1192 3972 vide·

88 3991 140 4049 lieet
156 3998 182 4052 in
198 4001 312 4067 epistola
331 3998 401 4054 Cleri
420 3999 534 4052 Romani
560 3998 747 4066 (schismatici)
771 3999 805 4052 ed
825 3999 956 4053 Didsoum
979 3997 1095 4066 archiep.
1116 3998 1192 4052 Com·

88 4077 261 4140 ooetdlsnnm
291 4079 431 4146 „Obeunte
455 4079 548 4145 ithus
567 4079 642 4146 Papa
660 4078 700 4132 IV
725 4077 796 4132 feris
814 4084 875 4146 post
892 4079 971 4133 datos
991 4077 1095 4132 cineres
1121 4077 1193 4132 cirea

89 4153 140 4210 sb
155 4165 296 4214 comum-‘⁶
335 4161 380 4220 «12
399 4159 489 4225 Febr.)
525 4161 575 4226 Ap.
596 4158 758 4224 Watterich,
777 4158 815 4214 11.
837 4159 896 4216 187.

150 4239 169 4304 ¹)
185 4238 238 4295 Gir.
258 4239 361 4304 Helela,
381 4239 410 4294 0.
429 4238 470 4304 G..
489 4239 520 4292 B.
541 4237 566 4292 V
593 4237 610 4308 ἓ
629 4240 690 4292 614.
