2902 4848
407 433 447 487 lle
467 433 586 488 Concilio
604 433 762 490 Basileensi.
1094 436 1146 490 361

32 579 127 642 vitam
144 576 298 658 ducebat,
323 579 526 642 eremiticam
552 577 688 657 dixeris,
712 578 771 642 sed
787 600 903 663 reapse
927 580 1007 642 satis
1019 577 1146 644 lautam

30 687 123 761 atque
133 674 330 761 jucundam.
364 673 516 740 Sessione
532 674 797 761 quadragesima,
824 676 878 742 die
894 676 955 740 26⁰
972 675 1146 740 Februarii
1157 687 1318 728 Felktht·

30 795 53 836 s.
93 772 179 838 1440
214 773 403 859 publicatus
439 773 504 838 fuit
540 795 694 838 assensus
728 774 888 856 Amadei,
928 775 985 860 qui
1025 793 1147 838 nomen
1206 761 1275 801 Μ’·

29 873 166 956 sumpsit
188 871 284 935 Felice
314 871 358 951 V;
380 891 420 934 ac
444 882 656 956 praeceptum
681 881 741 954 est,
765 882 803 936 ut
825 874 854 936 ei
879 871 1054 936 obedirent
1077 872 1147 936 uni·

30 971 110 1032 versi
137 967 260 1032 Christi
290 968 414 1049 fideles,
448 971 586 1034 cessatis
617 969 772 1034 omnibns
803 992 889 1056 quae
912 971 1084 1054 Eugenius
1112 971 1147 1034 in

28 1067 226 1130 contrarium
251 1067 405 1132 ediceret.
431 1103 473 1114 --
497 1066 594 1130 Felix
615 1065 820 1132 aOardinali
838 1067 1024 1132 Arelatensi
1048 1076 1148 1132 antea

27 1165 58 1226 in
81 1166 275 1250 episcopum
300 1164 481 1242 ordinatus,
507 1165 561 1228 die
585 1165 646 1228 24⁰
666 1165 749 1230 Julii
774 1177 950 1230 coronatus
973 1175 1032 1246 est,
1055 1175 1089 1228 et
1112 1167 1147 1228 in

26 1263 296 1326 sustentationem
320 1263 350 1326 ei
374 1261 597 1326 attribuerunt
612 1261 819 1326 Basileenses
843 1285 901 1348 pro
919 1265 1146 1349 quinquennio

26 1361 175 1444 quintam
201 1371 328 1446 partem
352 1363 499 1425 omnium
526 1372 748 1446 proventuum
773 1363 1083 1440 ecclesiastieorum,
1115 1371 1148 1423 et

26 1479 79 1541 pro
97 1457 320 1544 subsequente
345 1461 574 1544 quinquennio
600 1459 764 1524 decimam
790 1471 927 1545 partem.
949 1493 987 1506 -·
1006 1457 1146 1542 Reliqua

24 1565 139 1618 contra
151 1555 340 1640 Eugenium
355 1556 444 1620 facta
460 1577 632 1622 recensere
660 1577 726 1622 non
753 1558 887 1622 videtur
911 1557 1144 1624 necessarium.

25 1691 65 1702 —·
89 1653 156 1718 Die
186 1653 242 1718 16⁰
264 1653 345 1738 Maji
376 1678 406 1720 a.
433 1655 529 1734 1443,
561 1657 707 1720 sessione
736 1657 990 1742 quadragesima
1020 1655 1147 1740 qrrinta,

23 1771 109 1834 quae
133 1761 183 1814 est
205 1763 373 1837 postrema
396 1753 546 1818 Basileae
577 1753 708 1834 habita,
741 1755 920 1820 mandante
944 1755 1147 1838 Imperatore

25 1848 196 1914 Friderico
212 1849 274 1930 111,
299 1864 538 1916 consenserunt
552 1851 758 1916 Basileenses
781 1853 842 1918 sub
868 1853 966 1917 certis
989 1849 1147 1914 conditio·

23 1947 133 2028 nibus,
172 1957 210 2010 ut
244 1947 287 2012 ad
324 1949 568 2033 procurandam
607 1951 764 2016 unionem
801 1973 923 2016 novum
959 1947 1147 2014 Concilium

21 2043 176 2126 generale
201 2058 450 2126 convocaretur,
481 2048 527 2110 ita
550 2058 661 2112 tamen
686 2059 723 2111 nt
746 2046 933 2114 Concilium
957 2045 1148 2112 Basileense

23 2163 87 2206 non
114 2154 304 2208 censeretur
328 2144 523 2208 dissolutum
549 2145 606 2210 sed
631 2147 872 2210 continuatum.

113 2277 165 2342 2⁴2.
205 2275 269 2340 Res
293 2289 403 2342 tamen
429 2277 558 2342 illorum
584 2277 870 2343 schismaticorum
900 2279 1005 2362 magis
1030 2275 1146 2360 magis·

20 2395 83 2457 que
111 2373 372 2440 collabebantur.
402 2375 544 2440 Profecti
569 2377 795 2456 Lausannam,
820 2397 884 2462 quo
911 2375 1008 2440 Felix
1025 2375 1055 2436 V
1074 2374 1146 2459 jam

21 2481 180 2556 vergente
205 2473 247 2537 ad
272 2473 371 2537 finem
397 2475 587 2538 ann01442
613 2485 801 2556 secesserat,
826 2475 873 2538 ibi
893 2471 1021 2558 aliquot
1036 2471 1147 2536 adhuc

20 2571 185 2634 sessiones
220 2571 427 2652 habuerunt3
459 2573 515 2636 sed
543 2573 575 2637 in
606 2575 646 2637 iis
676 2583 787 2637 tamen
819 2571 903 2637 nihii
934 2566 1147 2634 memorabile

18 2679 132 2731 actum
173 2679 232 2733 est.
285 2670 422 2734 Interim
463 2668 619 2734 Nicotaus
657 2671 687 2734 V
718 2673 753 2734 in
788 2669 898 2736 locum
930 2671 1073 2755 Eugenii
1098 2667 1146 2732 IV

19 2789 47 2828 a.
81 2767 168 2829 1447
200 2767 398 2848 suffectus,¹)
435 2769 735 2834 intervenientibus
767 2767 906 2850 Galliae,
941 2766 1082 2852 Angliae
1115 2775 1148 2830 et

18 2861 155 2927 Siciliae
180 2863 325 2946 regibus,
350 2867 495 2931 obtinuit
519 2890 549 2931 a.
569 2869 664 2948 1449,
689 2880 726 2932 ut
749 2867 891 2933 FelixV
915 2867 1145 2954 pontificatum

24 3053 236 3064 -u-—-—·--

94 3175 116 3234 'l
137 3175 177 3228 De
197 3173 321 3242 lingerio
335 3173 375 3227 lv
393 3173 555 3230 italienses
573 3175 694 3243 Sylvius:
716 3176 849 3243 „Magnus
868 3174 1005 3242 profectus
1018 3181 1047 3229 et
1059 3173 1146 3227 clarus

18 3251 150 3308 Pontifex
170 3254 224 3308 luit
243 3255 392 3323 Rogemus,
417 3256 581 3323 contempsit
600 3257 733 3324 pecunias,
753 3255 885 3309 virtutem
903 3255 1023 3322 apprime
1042 3251 1147 3315 dilexit

17 3349 107 3400 neque
125 3336 251 3390 secundis
270 3335 351 3390 rebus
369 3336 503 3389 intumuit
520 3350 607 3402 neque
625 3336 768 3390 succubuit
785 3336 915 3400 adversis,
935 3349 1023 3400 neque
1040 3347 1102 3400 spes
1121 3333 1146 3388 ei

15 3414 152 3480 gaudium
170 3431 256 3481 neque
275 3424 363 3472 metus
382 3418 526 3472 tristitiam
544 3418 631 3482 auxit,
649 3419 760 3473 sedatus
778 3417 884 3472 animus
903 3417 1024 3472 cumdem
1043 3429 1148 3482 semper

15 3494 79 3558 ejus
98 3494 207 3550 rultnm
225 3496 354 3560 ostendit,
372 3497 489 3552 sermoni
503 3497 579 3551 brevi
598 3512 684 3564 eoque
703 3497 865 3566 gravissime
885 3512 949 3550 usus
968 3501 1018 3554 est.
1055 3496 1146 3551 Durus

14 3580 45 3626 et
77 3590 156 3642 asper
184 3574 212 3629 in
231 3575 330 3642 hostes,
358 3578 507 3646 promptior
526 3578 554 3631 in
573 3577 653 3632 fidem
682 3577 804 3646 receptis.
843 3577 883 3630 Ad
909 3577 974 3630 haec
998 3575 1147 3643 proceritas

16 3655 149 3720 corporis.
177 3655 231 3710 oris
256 3656 334 3711 decor
353 3665 381 3712 et
400 3657 555 3712 veneranda
580 3658 608 3711 in
633 3674 697 3713 sene
716 3657 859 3724 majestas;
888 3655 984 3723 quibus
1003 3655 1083 3709 tidem
1102 3655 1147 3708 stl-

15 3733 112 3787 hibuit
139 3735 198 3801 plns
227 3736 368 3804 aliquanto
395 3736 518 3802 credidit,
547 3743 576 3791 st
602 3739 690 3806 majus
709 3738 850 3806 imperinm
876 3751 957 3804 qnam
981 3749 1030 3803 par
1055 3734 1148 3788 luent

14 3814 162 3870 cummisit
192 3845 225 3856 -
253 3817 307 3884 Qui
330 3819 382 3874 etsi
407 3819 512 3874 oriente
536 3817 680 3874 schismate
704 3819 733 3872 in
758 3817 890 3885 principio
909 3816 952 3870 sui
972 3813 1146 3882 pontificatus

15 3909 109 3960 usqne
126 3895 160 3950 ad
177 3896 282 3954 obitum
300 3915 359 3957 cum
378 3898 580 3954 Basileensibns
599 3899 777 3964 contenderit,
806 3901 933 3952 coronato
953 3899 1045 3950 tamen
1062 3893 1147 3962 Sigis-

14 3973 122 4026 mundo
140 3975 261 4042 Caesare,
288 3979 451 4034 Graecorum
471 3985 499 4033 et
519 3978 708 4032 Armeniorum
727 3983 808 4045 pacta
826 3995 886 4030 cum
905 3975 1026 4030 Ecclesia
1045 3973 1147 4027 Latina

15 4054 130 4118 unione,
158 4057 317 4112 civitatibus
338 4059 473 4113 Ecclesiae
494 4067 570 4126 (quas
589 4057 729 4123 amiserat)
750 4055 925 4125 recuperatis,
955 4053 1080 4122 tyrannis
1099 4069 1147 4120 per

13 4133 164 4190 circuitum
183 4137 289 4204 deletis,
317 4137 486 4194 contumacia
505 4139 685 4192 Romanorum
704 4139 829 4204 edomita,
858 4137 947 4190 victor
965 4134 1083 4200 inclytus
1102 4149 1149 4187 re-

13 4225 112 4266 terem
129 4215 261 4272 hominem
279 4221 381 4274 eruit.“
420 4221 461 4274 De
480 4220 597 4286 lluropa,
617 4217 741 4272 CLVIII.
