2822 4838
301 419 354 471 250
569 417 668 474 XXVI.
689 418 729 472 Do
747 418 912 474 Pontificatn
930 421 1085 477 Innocentii
1102 423 1154 476 111.

302 559 398 626 Sedis
421 559 539 645 legato,
564 572 596 624 et
619 561 692 626 aliis
716 560 916 648 quibusdam
941 567 1115 651 episcopis,
1139 589 1250 632 coram
1266 569 1313 633 eis
1328 577 1409 633 occul

302 668 409 722 satum
434 671 483 724 est
507 661 764 742 matrimonium,
789 663 862 745 ipsa
885 664 1001 746 regina
1025 669 1221 750 (praesente)
1247 667 1328 752 quid
1350 681 1409 752 aget

302 766 392 821 retur
414 760 547 842 penitus
570 760 752 842 ignorante,
777 767 891 844 utpote
914 782 1009 846 quae,
1035 767 1259 849 compatriotis
1281 769 1409 834 remissit

302 854 346 919 ad
381 856 530 941 propria,
569 857 663 942 quasi
704 854 772 920 sola
807 870 1010 924 remanserat
1045 861 1179 947 linguae
1218 862 1409 928 Francorum

303 975 437 1038 prorsus
465 954 597 1037 ignara3
628 963 661 1016 et
683 953 845 1018 affinitate
878 977 937 1040 per
959 958 1120 1043 quosdam
1144 969 1242 1024 testes
1264 963 1301 1025 in
1327 953 1409 1046 oontil

303 1053 394 1116 nenti
414 1051 536 1136 jurata,
561 1073 639 1116 mox
663 1051 752 1115 idem
775 1051 1045 1140 archiepiscopus
1068 1061 1266 1122 sententiam
1292 1053 1409 1136 divortii

303 1148 545 1236 promulgavit3
569 1171 654 1235 quae
679 1171 754 1214 cum
779 1150 914 1234 reginae
936 1174 996 1237 per
1011 1155 1189 1240 quemdam
1205 1167 1409 1241 exponeretur

304 1251 526 1333 interpretem,
551 1247 608 1311 illa
630 1247 716 1312 ultra
739 1269 839 1334 quam
864 1248 931 1312 diei
947 1263 1057 1335 posset
1072 1253 1251 1336 admirans,
1277 1255 1370 1332 flens,
1392 1243 1409 1330 el

304 1345 433 1432 ejulans
463 1344 680 1410 exclamavit:
718 1345 812 1409 Mola
836 1346 989 1428 blancio,
1018 1351 1105 1416 mala
1128 1353 1283 1432 Plancio,
1319 1363 1351 1416 et
1372 1347 1409 1416 a

299 1445 400 1530 jecit:
444 1445 561 1526 Romo,
594 1445 707 1508 Roma.
760 1443 835 1514 Non
868 1448 957 1516 enim
989 1448 1084 1514 aliter
1120 1460 1261 1515 noverat
1292 1450 1409 1516 Gallicil

305 1542 417 1607 verbis
441 1541 541 1606 talem
556 1541 756 1627 exprobrare
780 1549 975 1613 sententiam
995 1557 1052 1610 aut
1066 1545 1186 1612 Sedem
1203 1548 1409 1634 Apostolicad

304 1639 482 1726 appellare.
529 1640 685 1705 Protinus
715 1664 792 1727 ergo
825 1667 885 1709 rex
917 1645 1007 1709 illam
1039 1667 1056 1708 e
1089 1667 1190 1729 regno
1223 1646 1393 1710 Francoru

307 1739 426 1821 emisit,
466 1748 498 1802 et
525 1739 560 1801 in
584 1739 727 1825 quodam
762 1744 922 1809 coenobio
962 1743 1155 1808 monialium
1180 1744 1409 1830 (Beaurepaird

307 1849 401 1903 extra
431 1839 525 1923 regni
549 1838 632 1902 fines
659 1839 738 1905 fecit
761 1851 941 1928 utcumque
965 1842 1096 1927 deponi.
1121 1879 1163 1888 -
1189 1841 1333 1906 Turbati
1356 1839 1409 1922 sud

308 1935 413 2017 rnulti,
446 1938 527 2022 quin
551 1947 584 1999 et
606 1959 712 2022 paene
736 1960 849 2004 omnes
880 1942 937 2027 qui
962 1943 1074 2005 Deum
1098 1940 1261 2004 timebant
1285 1955 1321 2004 et
1338 1931 1409 2026 justi

308 2037 389 2098 tiam
413 2033 605 2118 diligebant,
631 2058 730 2121 super
753 2041 1006 2104 sententiatum
1033 2040 1158 2124 iniqua.
1206 2037 1409 2128 Pervenitqul

308 2132 407 2213 fama,
438 2131 491 2196 vel
516 2135 620 2216 magis
645 2134 781 2199 infamia
805 2135 905 2221 hujus
928 2135 1007 2200 faeti
1033 2136 1076 2200 ad
1101 2134 1329 2200 Coelestinum
1354 2129 1409 2200 tunl

308 2232 464 2315 temporis
480 2231 625 2315 Papam:
650 2233 705 2316 qui
731 2254 834 2318 quum
857 2255 917 2318 per
936 2236 1133 2317 magistrum
1148 2233 1324 2298 Meliorem
1348 2207 1409 2300 titul

308 2340 497 2393 sanctorum
521 2329 661 2394 Joaunis
694 2339 728 2394 et
758 2330 853 2395 Pauli
878 2331 1113 2415 Presbyterum
1138 2331 1356 2396 Cardinalem
1391 2303 1409 2396 d

308 2427 453 2491 Francia
476 2425 668 2491 redeuntem
686 2431 858 2492 veritatem
878 2428 1008 2514 plenius
1024 2439 1057 2493 et
1073 2431 1194 2493 certius
1210 2429 1409 2512 cognovisset

309 2526 387 2610 quia
400 2526 524 2589 factum
541 2535 611 2589 erat
626 2528 790 2591 notorium
807 2527 897 2612 quod
912 2525 1002 2591 nulla
1017 2536 1145 2613 poterat
1161 2528 1409 2610 tergiversutias

309 2623 419 2704 celari,
449 2626 647 2688 sententiam
674 2623 764 2688 illam
794 2625 929 2689 divortii
960 2635 1075 2689 contra
1107 2627 1257 2710 ignaram
1288 2637 1324 2688 et
1348 2623 1409 2704 indl

309 2721 436 2786 feneam
460 2723 647 2786 inordinate
670 2745 710 2786 ac
734 2724 917 2808 impetuose
940 2720 1101 2808 prolatam
1125 2724 1327 2787 auctoritate
1351 2725 1409 2808 apt

309 2819 438 2902 stolica‘
449 2821 601 2902 irritavit,
627 2819 828 2884 interdicens
852 2822 922 2903 regi
947 2842 1006 2905 per
1021 2823 1156 2886 nuntios
1171 2832 1203 2886 et
1216 2823 1334 2907 apices
1351 2819 1409 2894 suol

310 2940 352 2981 ne
375 2916 475 2981 aliam
500 2916 563 2982 sibi
588 2928 814 3002 praesumeret
837 2916 1023 3003 copulare.“
1041 2918 1065 3000 ¹)
1408 2909 1409 2970 l

272 3089 286 3118 0
401 3071 453 3135 30.
501 3069 668 3134 Videlicet
690 3070 879 3154 Ingeburga
913 3071 1050 3155 ejusque
1073 3068 1175 3133 frater
1198 3069 1354 3134 Canutus
1377 3077 1409 3150 re

214 3153 278 3241 “sm
312 3169 442 3232 Daniae
466 3167 721 3253 appellationem
746 3167 870 3231 Romae
894 3170 1056 3231 instanter
1079 3169 1244 3252 prosecuti
1269 3179 1359 3248 sunt,
1391 3173 1409 3232 al

310 3289 373 3353 que
396 3266 512 3351 legatis
536 3268 644 3330 missis
661 3267 810 3330 Canutus
833 3265 998 3350 probavit,
1014 3265 1194 3357 *affinitatis
1217 3247 1409 3351 impedimel

309 3375 379 3428 tum
404 3387 469 3430 non
494 3365 681 3429 subsistere.
722 3363 927 3428 Coelestinus
945 3363 995 3427 ΠΙ
1019 3364 1163 3428 irritavit
1186 3353 1409 3438 eoncessionel

310 3462 445 3527 divortii
469 3461 590 3547 illegali
622 3462 720 3526 modo
750 3463 883 3543 factam,
918 3463 1111 3547 monuitque
1133 3461 1333 3548 Philippum
1367 3461 1409 3528 tul

308 3558 435 3642 litteris,
476 3570 546 3624 tum
578 3582 636 3645 per
665 3560 790 3644 legatos
821 3581 897 3624 suos
921 3558 1091 3622 Meliorem
1123 3569 1155 3622 et
1185 3557 1362 3631 Coracium,
1408 3577 1409 3594 ¹

309 3658 536 3743 ingeburgam
556 3668 727 3727 revocaret
756 3659 800 3722 ad
824 3660 875 3722 sui
899 3659 1110 3739 consortium,
1139 3669 1238 3744 atque
1274 3659 1409 3740 archiep

310 3759 419 3842 scopis
448 3757 630 3822 Senonensi
662 3767 694 3820 et
726 3757 905 3820 Rhomensi
939 3754 1126 3837 mandavit,
1160 3766 1196 3819 ut
1223 3755 1387 3840 impedire

310 3856 487 3941 quominus
510 3853 686 3940 Philippus
710 3855 743 3917 II
767 3854 866 3918 aliam
893 3873 1031 3916 uxorem
1055 3851 1200 3918 duceret.
1246 3847 1409 3938 Reprehel

310 3953 361 4018 dit
383 3975 461 4017 vero
486 3951 664 4039 praesules,
699 3951 786 4038 quod
812 3953 1010 4016 sententiam
1041 3950 1204 4014 dixissent
1226 3962 1345 4040 contra
1368 3955 1409 4036 mi

385 4211 405 4278 ¹)
424 4210 510 4264 Gesta
529 4211 619 4265 lnnoo.
640 4210 691 4265 111.
710 4210 753 4264 49.
773 4209 816 4262 50.
912 4219 918 4232 ·
