3000 4838
423 440 464 496 De
482 440 628 496 donatione
646 439 833 500 Constantini.
1170 449 1205 502 33

84 600 114 650 et
134 587 309 650 Romanae
332 584 492 650 ccclesiae
515 606 673 648 concessa
696 595 782 668 sunt,
806 595 840 651 et
862 609 921 672 per
944 588 1104 654 nefariam
1127 612 1205 676 gen-

84 699 146 750 tem
170 682 472 767 Longobardorum
503 703 563 767 per
585 703 748 746 annorum
781 685 889 768 spatia
916 684 1082 752 abstracta
1105 697 1204 774 atque

84 783 191 848 ablata
214 791 304 862 sant,
328 781 447 844 vestris
470 775 675 864 temporibus
698 783 920 867 restituantur,
946 783 1034 848 uude
1050 793 1083 848 et
1095 785 1206 871 plures

83 883 272 946 donationes
304 881 339 943 in
372 899 465 943 sacro
490 886 600 941 nostro
626 879 747 942 scrinio
772 879 988 945 Lateraneusi
1016 882 1205 948 recordatae

82 979 275 1044 habemus!
324 976 391 1040 Hic
422 975 619 1040 donationes
647 974 788 1040 aliorum
811 979 1052 1064 Imperatorum
1082 1003 1122 1044 ac
1149 1003 1204 1066 pa-

83 1079 253 1142 triciorum
284 1073 402 1139 eodem
427 1093 528 1136 censu
552 1071 653 1136 habet
675 1073 841 1155 Pontifex,
872 1097 912 1138 ac
936 1075 1144 1142 Constantini
1169 1078 1203 1142 li·
1254 1125 1257 1130 -

84 1174 290 1240 beralitatem
322 1175 357 1237 in
380 1169 577 1252 Ecclesiam,
608 1169 759 1256 adeoque
784 1193 885 1256 quum
910 1173 952 1237 de
975 1172 1075 1259 hujus
1098 1176 1204 1238 muni-

86 1273 218 1338 ficentia
251 1273 288 1335 in
311 1269 496 1334 Ecclesiam
526 1267 682 1354 loquitur,
719 1267 809 1333 haud
833 1271 969 1355 respicit
991 1273 1032 1335 ad
1058 1271 1205 1357 diploma

84 1371 278 1448 durationis,
302 1367 360 1432 sed
384 1366 427 1432 ad
451 1365 532 1430 alios
555 1365 687 1430 favores
703 1365 824 1451 quibus
841 1365 1077 1433 Constantinus
1092 1368 1203 1434 sedem

83 1467 307 1553 Apostolicam
332 1464 593 1550 locupletaverit.

171 1605 224 1666 41.
253 1601 308 1665 Ex
324 1599 416 1663 hisce
440 1599 540 1680 igitur
563 1619 648 1682 quae
673 1599 887 1681 exposuimus
910 1600 1113 1683 argumentis
1131 1600 1203 1684 jam

83 1709 233 1764 constare
268 1717 456 1777 censemus,
501 1696 703 1759 donatiouem
738 1693 947 1760 Constantini
992 1718 1203 1783 nequaquam

83 1799 207 1862 Romae
231 1795 448 1882 compositam
471 1795 583 1858 fuisse.
629 1792 771 1858 Juvabit
798 1793 909 1858 adhuc
943 1793 1009 1858 alia
1039 1796 1305 1899 quosdamsrum
1306 1803 1361 1840 ⁸¹¹²·

83 1905 278 1980 argumenta
309 1895 438 1958 iuterna
472 1913 513 1955 ex
537 1893 610 1976 ipsa
633 1891 805 1956 doaatiooc
832 1893 959 1973 afferre,
997 1915 1082 1978 quae
1114 1871 1247 1958 idem
1247 1863 1336 1901 m

84 1993 290 2058 confirmant.
337 1989 665 2054 Advertendumt
616 1999 674 2071 est,
706 1991 741 2054 iu
766 1991 873 2076 prima
896 2001 989 2076 parte
1014 1990 1203 2056 documenti

84 2089 256 2175 legendam
281 2087 394 2152 referri
419 2086 579 2168 Silvestri,
609 2089 666 2172 qui
691 2087 835 2151 ostendit
858 2085 1074 2152 Constantino
1097 2088 1203 2175 Impe-

85 2189 182 2252 ratori
207 2189 368 2271 imagines
393 2207 435 2250 aa.
458 2183 679 2269 apostolorum
704 2186 791 2249 Petri
817 2196 849 2249 et
872 2185 977 2253 Pauli.
1020 2185 1204 2273 Imperator

88 2307 161 2350 vero
186 2285 346 2369 agnoscit,
371 2283 432 2347 hos
455 2284 518 2367 ipsi
542 2283 576 2345 in
600 2284 729 2346 visione
744 2291 907 2346 nocturna
923 2285 1126 2368 apparuisse.
1151 2285 1204 2349 De

93 2385 297 2448 veneratione
329 2393 440 2446 autem
464 2390 497 2444 et
519 2379 609 2443 cultu
634 2379 748 2444 talium
774 2382 956 2466 imaginum
982 2381 1065 2444 nihil
1088 2382 1202 2467 adjici-

89 2481 178 2567 tur.¹)
225 2479 353 2560 Quodsi
377 2478 614 2542 documentum
639 2480 857 2563 compositum
881 2487 967 2542 esset
988 2479 1112 2543 Romae
1136 2501 1202 2543 sae-

86 2579 157 2644 culo
181 2589 314 2658 octavo,
345 2598 411 2662 quo
434 2586 581 2660 tempore
605 2579 829 2640 controversia
854 2577 895 2640 de
919 2576 1009 2640 cultu
1033 2600 1202 2643 sacrarum

85 2678 267 2761 imaginum
292 2677 437 2738 maxime
461 2671 608 2753 ardebat,
633 2673 785 2738 additum
801 2697 880 2738 saue
895 2675 1018 2757 fuisset,
1045 2672 1202 2740 Constan-

82 2775 189 2838 tinum
222 2773 299 2838 dein
327 2771 400 2835 illas
424 2773 584 2856 imagines
608 2791 729 2856 magna
756 2793 832 2843 cum
857 2774 1044 2837 reverentia
1067 2795 1201 2838 venera·
1241 2835 1245 2844 ,

82 2883 153 2936 tum
184 2872 296 2936 fuisse.
343 2869 519 2936 Silentium
549 2889 627 2933 vero
657 2869 698 2932 de
721 2869 884 2954 ejusmodi
908 2870 999 2934 cultu
1022 2873 1131 2956 potius
1156 2873 1202 2936 in-

82 2970 187 3051 dicat,
218 2967 366 3054 diploma
389 2967 577 3031 confectum
600 2967 701 3031 fuisse
725 2969 759 3031 iu
784 2966 896 3053 aliqua
918 2971 1053 3052 regione
1078 2972 1111 3034 iu
1136 2992 1202 3055 qua

81 3068 190 3133 cultus
213 3067 397 3152 imaginum
422 3066 531 3130 minus
555 3064 699 3148 vigebat.
717 3103 760 3112 -
778 3064 877 3145 Quod
899 3087 996 3151 porro
1020 3067 1063 3132 ad
1087 3067 1201 3152 ampli-

80 3165 233 3230 tudinem
258 3163 445 3228 donationis
468 3163 596 3240 attinet,
628 3164 663 3226 in
687 3185 726 3226 ea
750 3185 817 3227 non
841 3164 1068 3229 tautummodo
1092 3167 1203 3249 agitur

81 3264 121 3327 de
145 3263 255 3345 ltalia,
288 3261 346 3326 sed
377 3261 543 3326 donantur
566 3259 719 3324 Pontifici
753 3282 867 3326 omues
890 3259 1007 3326 ltaliae
1031 3263 1093 3344 et²)
1117 3265 1201 3327 occi-

81 3360 264 3426 dentalium
295 3361 468 3442 regionum
499 3357 701 3443 provinciae.
749 3357 877 3444 Scopus
909 3358 1066 3424 videlicet
1099 3359 1201 3446 diplo-

153 3579 174 3641 ¹)
194 3577 287 3644 ,unns
304 3575 390 3630 udam
408 3573 570 3630 venerabilis
589 3579 668 3642 pater
686 3573 822 3642 imagines
847 3576 1000 3630 eorumdem
1019 3575 1200 3643 apostolorum

81 3675 130 3726 per
147 3658 289 3712 diaconum
307 3671 386 3710 suurn
405 3654 525 3710 exbiberi
543 3655 688 3722 praecepit,
714 3669 780 3721 quas
800 3655 862 3708 dum
881 3655 1045 3724 adspicerem
1064 3661 1201 3710 eteorum

84 3755 149 3805 quos
173 3739 200 3792 iu
220 3753 311 3792 somno
330 3735 451 3791 videram
469 3736 601 3804 figuratos
620 3735 687 3803 ipsis
711 3735 876 3804 imaginibus
896 3736 1080 3804 cognovissem
1098 3735 1200 3808 vultus,

84 3817 192 3888 ingend
210 3818 324 3872 clamore
342 3831 431 3870 coram
449 3815 572 3870 omnibus
590 3814 744 3882 satrapibus
763 3815 828 3869 meis
847 3816 984 3870 confessus
1001 3832 1061 3870 sum
1080 3831 1124 3870 eos
1142 3831 1200 3871 esso

85 3913 151 3964 qnos
169 3897 196 3952 in
214 3913 305 3951 murno
323 3897 452 3951 vidcmm.
489 3896 532 3950 Ad
555 3895 621 3949 haec
643 3895 815 3950 beatissimus
842 3897 913 3950 idem
932 3895 1085 3950 silvester.
1107 3938 1113 3948 .
1134 3938 1140 3952 .
1159 3896 1200 3950 in·

86 3979 158 4032 dixit
175 3977 248 4032 nobis
265 3977 451 4046 poenitentiae
469 3981 575 4044 tempus
594 3978 662 4031 ato.“
700 3974 733 4030 V.
753 3974 843 4030 Labbe
862 3977 884 4030 i.
907 3978 974 4032 1532
997 3983 1026 4030 et
1045 3977 1163 4031 Grauert
1180 3977 1198 4030 1.

87 4057 252 4126 clpss

162 4137 231 4206 ¹)ln
247 4137 368 4205 antiquis
386 4135 520 4190 codicibus
538 4135 655 4190 habetur
673 4135 779 4202 quidem
798 4153 855 4203 sea,
874 4136 921 4190 sed
939 4135 1006 4190 haec
1017 4136 1153 4204 particula
1171 4137 1200 4192 in

91 4215 226 4273 latinitate
242 4218 315 4274 illins
334 4217 463 4286 temporis
484 4215 647 4286 copulativa
665 4222 725 4269 erat
743 4216 867 4283 idemque
884 4217 955 4282 quod
974 4224 999 4270 et
1018 4215 1199 4287 significabat

146 4315 277 4368 annun,
292 4319 480 4367 Dissertationum,
493 4317 559 4357 Tam.
575 4303 603 4356 V'.
1022 4308 1039 4359 8
