2916 4842
294 475 345 528 116
453 475 552 528 XXIV.
573 475 611 528 De
630 475 749 530 dissidiis
768 476 899 530 Friderici
922 477 934 529 Ι
954 491 1012 530 cum
1033 477 1063 530 R.
1087 476 1270 530 Pontificibus.

293 617 384 682 bant.
431 617 630 682 Accusatius
653 619 736 683 haec
761 620 802 684 de
826 619 999 684 collatione
1023 622 1158 706 Imperii
1184 621 1345 706 principia
1370 619 1412 684 ab

293 717 487 781 Innocentio
511 718 563 780 III
589 717 777 782 videbimus
801 717 943 782 evoluta.

47 827 50 840 ¹
143 847 261 952 Rffiffi
385 852 435 917 ll.
484 851 585 915 Venit
613 851 803 915 Fridericus
825 851 1029 915 Barbarossa
1062 851 1178 916 eodem
1211 874 1298 915 anno
1330 853 1413 916 1158

93 983 96 988 ·
161 973 247 1014 habia.
294 970 406 1012 mense
430 948 520 1014 lullo
546 950 578 1011 in
605 949 749 1028 ltaliam,
780 959 817 1012 ut
843 949 982 1013 rebelles
1013 951 1164 1013 civitates
1199 950 1233 1012 in
1265 949 1415 1013 ordinem

293 1046 466 1131 redigeret.
499 1045 805 1110 Mediolanensibus
822 1069 934 1110 meuse
948 1045 1135 1132 Septembri
1152 1046 1195 1110 ad
1212 1046 1414 1110 deditionem

293 1142 480 1228 compulsis,
506 1144 688 1228 Imperator
705 1144 758 1208 die
778 1145 833 1208 11⁰
851 1143 1051 1208 Novembris
1067 1147 1100 1208 in
1114 1144 1417 1230 campisltoacaliis

293 1240 507 1304 celeberrima
532 1240 587 1306 illa
611 1240 792 1306 celebravit
815 1243 952 1320 comitia,
983 1243 1105 1328 quibus
1123 1242 1201 1328 jura
1225 1243 1359 1326 Imperii
1385 1253 1418 1304 et

294 1341 475 1425 majestatis
499 1341 602 1425 ipsius
627 1349 749 1404 statuta
774 1363 813 1404 ac
837 1327 1039 1426 proclamata
1064 1351 1149 1404 sunt.
1180 1339 1417 1405 iurisconsulti

294 1439 518 1502 Bononienses
543 1437 630 1502 hanc
649 1438 736 1523 juris
759 1437 885 1524 publici
903 1437 1051 1522 regulam
1069 1440 1326 1502 constituerunt:
1352 1440 1416 1502 Im-

294 1537 435 1622 peratori
472 1545 656 1621 competere
692 1557 855 1599 summam
888 1557 927 1598 ac
962 1534 1146 1599 absolutam
1186 1537 1416 1600 auctoritatem

293 1643 442 1698 veterum
466 1636 707 1719 Imperatorum
731 1633 971 1715 Romanorum,
1007 1634 1110 1718 ipsius
1135 1632 1305 1696 voluntate
1328 1633 1419 1718 leges

294 1734 448 1796 constitui
473 1755 512 1796 ac
537 1733 667 1814 mutari,
701 1731 792 1795 illum
826 1754 897 1796 esse
928 1731 1100 1796 dominum
1125 1731 1226 1796 Urbis
1250 1741 1283 1795 et
1306 1731 1418 1800 Orbis.

294 1830 392 1894 etad
416 1853 490 1894 eum
516 1840 636 1894 cuncta
663 1829 788 1914 regalia
821 1831 996 1914 pertinere.
1043 1832 1119 1914 Ipse
1152 1829 1328 1915 episcopus
1352 1830 1421 1894 Mc-

295 1927 496 1992 diolanensis
525 1930 559 1992 in
583 1927 782 1992 allocutione
815 1927 858 1991 ad
883 1929 1136 2013 Imperatorem:
1177 1927 1268 1992 Scim
1299 1931 1420 2012 itaqua,

294 2028 412 2112 inquit,
436 2049 524 2090 omae
540 2031 598 2116 jus
619 2025 734 2111 populi
757 2027 791 2088 ia
807 2025 980 2089 condendis
1004 2025 1122 2110 lapibus
1147 2024 1205 2088 tibi
1226 2049 1422 2104 concessum

296 2134 352 2188 tua
375 2123 520 2187 voluutas
543 2129 600 2212 jas
624 2134 679 2202 est,
704 2126 784 2187 sieut
807 2124 942 2187 dicitur:
974 2123 1091 2200 „Quod
1115 2125 1262 2209 principi
1278 2124 1421 2210 placuit.

296 2220 373 2307 lepis
396 2221 487 2285 dabat
509 2224 652 2306 ciperem,
684 2245 776 2306 quum
794 2221 935 2306 popalus
960 2223 989 2284 ai
1012 2231 1041 2283 et
1064 2223 1099 2284 ia
1122 2244 1190 2284 eum
1217 2243 1305 2284 omae
1330 2245 1421 2285 auum

295 2320 462 2405 imperium
485 2331 515 2382 et
532 2330 719 2403 potestatam
743 2320 961 2384 concesserit.“
1011 2317 1229 2404 Quodcumque
1253 2321 1336 2382 euim
1362 2321 1423 2383 Jm·

290 2429 426 2504 perator
443 2441 506 2502 per
529 2418 696 2502 epistolam
717 2419 925 2496 constituerit,
958 2417 1006 2480 vel
1030 2439 1214 2501 capnoscens
1238 2417 1424 2495 decreverit,

297 2514 347 2577 vel
369 2514 470 2578 edicto
488 2516 701 2601 praeceperit,
726 2514 818 2598 lapara
845 2538 909 2578 esse
933 2513 1096 2600 coastat.¹l
1128 2513 1319 2579 Secundum
1336 2516 1425 2598 ejus·

298 2611 387 2676 modi
413 2613 577 2697 principia
601 2623 633 2676 et
652 2611 737 2697 juris
760 2612 891 2697 regulas
905 2611 1095 2676 Fridericus
1109 2611 1277 2675 libertates
1301 2622 1334 2675 et
1343 2612 1428 2696 jura

299 2711 471 2774 civitatum
505 2710 637 2774 sustulit
664 2721 697 2774 et
720 2713 918 2795 suppressit3
955 2732 1073 2774 manus
1097 2711 1219 2794 pariter
1250 2709 1365 2772 intulit
1391 2713 1427 2773 in

293 2808 372 2893 jura
413 2831 452 2872 ac
488 2809 663 2892 privilegia
697 2809 874 2890 abbatum,
915 2811 1145 2894 episcoporum
1180 2819 1278 2893 atque
1314 2809 1429 2892 ipsius

298 2906 439 2970 Romani
464 2906 643 2987 Pontificis,
675 2917 707 2970 et
730 2906 830 2993 hujus
854 2908 1076 2992 possessiones
1100 2905 1231 2970 tributis
1255 2909 1430 2990 gravavit.

298 3004 417 3068 Terras
430 3004 602 3070 Mathildis
617 3007 814 3088 comitissae,
840 3007 993 3091 quamvis
1013 3028 1031 3067 a
1049 3003 1207 3068 Lothario
1232 3002 1432 3067 solemniter

300 3112 336 3167 ut
359 3102 458 3166 feuda
482 3103 577 3168 Sedis
604 3103 814 3190 Apostolioae
838 3105 961 3188 agnita,
987 3103 1175 3167 Fridericus
1200 3102 1340 3166 contulit
1365 3127 1430 3167 sua

298 3202 494 3266 auctoritate
518 3202 642 3267 Welfio
667 3202 744 3265 duci
769 3213 805 3264 ut
828 3201 975 3281 feudum,
1012 3211 1044 3264 et
1071 3203 1171 3264 etiam
1195 3199 1273 3264 inde
1297 3200 1432 3264 tributa

300 3298 411 3383 colligi
446 3299 555 3384 jussit.
612 3300 811 3363 Potestatem
861 3301 961 3363 ctiam
1005 3294 1167 3362 summam
1213 3297 1346 3361 civilem
1393 3301 1430 3362 in

301 3396 416 3462 urbem
441 3397 579 3460 Romam
605 3396 669 3461 sibi
694 3407 880 3483 competere
912 3395 1091 3460 contendit.
1129 3395 1213 3460 Cum
1242 3398 1330 3459 enlm
1358 3397 1433 3460 Ha—

302 3494 437 3558 drianus
469 3494 673 3578 postulasset,
710 3518 751 3558 ne
780 3495 963 3580 Imperator
995 3494 1038 3558 ad
1066 3494 1191 3559 Urbem
1226 3493 1352 3578 legatos
1395 3507 1436 3558 ut

301 3595 514 3678 magistratus
538 3594 691 3677 mitteret,
716 3615 791 3657 cum
817 3595 924 3657 omnis
949 3594 1160 3676 magistratus
1184 3590 1265 3655 inibi
1282 3591 1319 3656 B.
1332 3591 1433 3657 Petri

303 3693 345 3756 sit
375 3713 450 3754 cum
484 3693 648 3755 uniuersis
680 3691 854 3776 regalibus,
892 3691 1082 3755 Fridericus
1109 3690 1296 3775 respondit:
1336 3691 1437 3756 Haec

301 3813 362 3872 ree,
385 3789 508 3876 fateor,
539 3813 654 3875 mopaa
685 3799 731 3853 eat
762 3799 791 3852 et
812 3791 932 3875 prauis,
963 3789 1162 3874 graviorique
1195 3797 1224 3851 et
1255 3791 1440 3854 maturiori

301 3909 393 3971 aperte
417 3887 559 3952 coasilio,
609 3889 696 3951 Nam
720 3911 812 3972 quarm
835 3888 948 3950 diviua
970 3886 1172 3950 ordiaatioae
1192 3909 1245 3972 epo
1261 3887 1439 3954 Romu-nus

302 3987 482 4072 Imperator
514 3997 543 4048 et
573 3985 665 4049 dicar
698 3996 726 4049 et
756 3987 832 4063 sira,
873 3987 1005 4071 speciem
1043 3995 1165 4046 tautum
1198 3983 1439 4050 dominationis

379 4264 401 4332 ¹)
420 4263 544 4317 Radevic.
565 4263 601 4316 II.
621 4280 642 4316 c.
662 4263 686 4314 4.
