2828 4842
257 503 404 558 Dimidium
423 521 482 559 cum
501 505 608 558 Joanue
628 504 746 574 Angliae
765 521 839 574 rege.
1055 506 1106 561 est

32 643 182 712 seditionem
210 649 423 728 minarentur,
457 649 484 712 si
515 671 534 712 a
567 650 673 734 pactis
696 648 845 730 resiliret,
885 649 1107 714 interventum

31 745 114 806 sommi
134 744 309 826 Pontificis,
342 745 428 809 datis
452 745 495 810 ad
518 747 627 831 ipsum
651 745 777 829 litteris,
809 754 924 810 contra
957 769 1109 832 proceres

28 838 160 905 ,editiosos
174 845 333 928 poposcit,
358 853 390 908 et
410 852 525 908 contra
539 846 609 908 vim
634 845 697 930 ipsi
721 845 843 908 factam
868 846 1108 920 concessiones·
1199 865 1200 869 ’

27 959 68 1020 que
86 951 217 1006 extortos
240 951 439 1026 protestatus
464 951 521 1008 est.

89 1045 132 1111 18.
173 1046 367 1111 Innocentio
391 1070 429 1112 eo
453 1047 507 1112 vol
531 1049 637 1134 magis
656 1048 713 1133 jus
737 1057 769 1111 et
792 1047 939 1112 officium
964 1059 1034 1113 erat
1060 1051 1105 1113 in·
1126 1061 1271 1102 lutevam·

24 1143 203 1227 emoniendi,
234 1168 412 1232 regemque
443 1157 558 1210 contra
588 1146 782 1211 seditionem
807 1145 934 1227 tuendi,
967 1145 1055 1232 quod
1079 1149 1108 1212 is

23 1239 42 1300 ei
60 1239 142 1306 tidem
164 1242 330 1307 feudalem
355 1245 503 1328 jurasset.
532 1243 649 1330 Itaque
674 1266 709 1307 rc
729 1245 929 1324 examinata,
954 1245 1108 1310 Pontifex

22 1335 92 1402 bolla
113 1339 185 1404 data
208 1341 263 1405 die
287 1342 348 1406 24⁰
370 1341 514 1425 Augusti
546 1344 625 1407 anni
652 1341 737 1406 1215
768 1341 960 1426 reprobavit
984 1352 1016 1406 et
1039 1345 1108 1408 irri-

22 1439 82 1498 tavit
101 1437 168 1502 illas
191 1440 431 1506 concessiones.
471 1439 510 1503 In
528 1439 643 1504 eadem
670 1441 816 1524 exponit,
842 1438 957 1503 illicita
981 1443 1108 1506 rationo

21 1554 62 1614 per
85 1534 287 1600 rebellionem
319 1536 459 1600 barones
482 1536 627 1622 Angliae
658 1561 677 1600 a
701 1559 777 1620 rege
802 1538 1031 1604 concessiones
1055 1561 1108 1602 ex-

21 1633 129 1698 torsisse.
157 1636 270 1720 Ipsum
289 1635 360 1721 jam
385 1657 440 1699 eos
464 1634 631 1699 hortatum
656 1657 736 1716 esse,
764 1646 808 1716 ut,
833 1636 859 1698 si
884 1635 964 1720 quid
988 1658 1009 1699 a
1033 1659 1109 1722 rege

19 1730 219 1810 postulandum
249 1732 416 1814 ducerent,
456 1754 522 1796 non
560 1731 747 1814 insolenter,
785 1731 843 1796 sed
881 1732 1052 1798 humiliter
1074 1734 1109 1799 id

16 1823 142 1910 lacerent,
167 1840 200 1894 et
222 1829 317 1894 solita
342 1830 453 1894 officia
475 1832 546 1915 regi
570 1840 791 1916 praestarent3
821 1831 1005 1917 principem
1030 1853 1108 1896 vero

16 1948 40 1984 se
58 1929 222 2011 monuisse,
257 1937 293 1991 nt
317 1927 425 2013 justas
454 1927 616 1991 baronum
648 1929 822 2012 petitiones
853 1926 1031 1993 clementer
1054 1929 1108 1994 ad-

16 2023 139 2092 mitteret.
168 2025 203 2090 Si
228 2047 306 2090 vero
331 2026 373 2090 ad
398 2026 609 2090 concordiem
634 2027 748 2090 venire
773 2047 838 2089 non
863 2028 1040 2111 potuerint,
1065 2028 1108 2092 ad

15 2117 109 2186 Sedem
131 2123 358 2210 Apostolicam
382 2125 551 2206 negotium
580 2122 661 2187 illud
686 2122 805 2186 deferri
831 2123 994 2189 debuisse.
1031 2125 1107 2208 Sed,

14 2218 81 2302 quod
110 2243 170 2284 nec
201 2220 358 2298 licuisset,
389 2223 416 2284 si
440 2243 501 2284 rex
524 2243 579 2284 eos
604 2221 725 2306 injuste
754 2233 935 2306 gravasset,
966 2222 1109 2288 vasallos

14 2315 37 2378 in
57 2317 218 2382 dominum
243 2321 379 2404 impiam
404 2318 666 2403 conjurationem
691 2339 766 2381 cum
791 2319 935 2384 inimicis
965 2321 1036 2406 ojus
1065 2321 1109 2386 fe·

13 2413 83 2482 cisse.
131 2417 231 2498 Unde,
261 2416 385 2498 scribit,
417 2416 595 2502 compulsae
623 2427 668 2480 eet
698 2439 837 2502 reaper
859 2419 922 2481 rino
945 2430 975 2482 et
997 2429 1109 2483 metam

13 2515 51 2594 pri
68 2516 174 2578 eredere
192 2524 324 2601 poterat
347 2515 381 2577 in
406 2516 505 2578 airam
537 2516 632 2578 etiam
660 2516 956 2595 eonotantiesimmn‚
990 2539 1109 2602 compo·

13 2613 129 2676 titionem
152 2616 236 2678 inire
259 2637 327 2677 cam
349 2615 439 2699 ipsis,
472 2637 536 2676 non
559 2612 660 2676 sotum
682 2611 775 2677 ritem
798 2623 827 2676 et
851 2625 981 2701 turpem,
1006 2639 1111 2680 veram

14 2713 82 2774 etiem
104 2712 252 2777 illicitam
276 2721 306 2775 et
327 2711 479 2797 iniquam,
503 2713 538 2774 in
561 2713 693 2774 nimiam
709 2712 944 2796 deroqationem
968 2737 1005 2776 ae
1020 2713 1110 2776 climi-

12 2811 143 2874 mtionem
166 2811 324 2897 suijuris
344 2811 470 2895 pariter
493 2819 522 2872 et
544 2809 682 2872 bonoria.
709 2865 714 2874 .
741 2858 747 2872 .
775 2858 782 2871 .
809 2810 879 2872 Noe
909 2821 1017 2874 tantae
1046 2835 1110 2875 ma·

13 2901 141 2990 idoneitatis
165 2909 338 2972 andaciam
361 2907 563 2971 dissimulare
577 2906 729 2985 nolentes,
747 2909 781 2969 in
796 2907 1003 2992 Apostolicae
1019 2907 1112 2973 Sedis

11 3018 204 3092 contemptum,
227 3005 345 3090 repetis
361 3008 449 3094 juris
473 3005 685 3090 dispendium,
710 3004 909 3089 Anplieanae
933 3007 1034 3092 pantio
1059 3030 1111 3092 op·

9 3105 156 3186 peritiam,
191 3116 221 3168 et
250 3127 345 3188 praee
372 3103 549 3189 pericnlum
574 3105 668 3167 totins
692 3105 810 3188 nepot-ii
836 3101 995 3188 Crueifiai,
1029 3105 1113 3189 qaod

13 3203 91 3288 ttn'poe
111 3205 298 3281 immineret,
322 3203 388 3266 nisi
404 3226 466 3288 per
486 3203 704 3266 auctoritatem
727 3212 868 3264 nostram
890 3213 1113 3266 revocarentur

12 3303 103 3382 onnia,
134 3324 217 3388 qaae
249 3325 269 3364 a
302 3310 390 3364 tanto
415 3301 564 3385 principe
596 3323 684 3362 ornae
714 3297 869 3385 eipnatffl)
902 3297 1009 3363 taliter
1041 3309 1114 3364 sant

10 3408 121 3480 aterna,
145 3411 175 3462 et
201 3399 270 3484 ipso
294 3397 415 3462 uolente
439 3419 637 3475 aeternare,
662 3419 702 3460 eta
722 3407 817 3482 parte
834 3397 898 3460 Dei
921 3399 1109 3484 omnipoten-

12 3495 40 3550 tie
59 3497 158 3562 Patrio
182 3508 215 3560 et
231 3496 311 3560 Filii
333 3507 363 3559 et
378 3494 520 3582 Spin-itote
535 3493 657 3572 Sarteti,
683 3497 871 3558 anctoritate
896 3518 1013 3580 quoqne
1029 3496 1113 3581 Apo-

11 3593 134 3658 dolerem
158 3599 229 3684 ejas
253 3595 341 3658 Petri
364 3603 393 3656 et
411 3593 507 3658 Pauli
530 3617 567 3655 ae
590 3603 710 3670 nostra,
736 3591 774 3655 de
798 3595 952 3656 communi
973 3593 1114 3676 fratrem

13 3705 161 3758 :rostrorum
186 3691 331 3770 considio,
356 3691 610 3776 compositionem
632 3691 810 3780 hujusmodi
832 3691 1038 3776 reprobamus
1055 3711 1112 3778 pe·

11 3789 75 3852 aare
96 3804 124 3854 et
147 3793 350 3868 damnemus,
375 3789 430 3853 aab
445 3790 646 3852 intimatione
670 3789 880 3852 anathematio
899 3789 1112 3873 prohibentes,

14 3906 38 3946 m
59 3891 241 3974 praedictae
270 3909 328 3951 rem
357 3911 424 3952 eam
456 3888 622 3950 obseruare
648 3897 846 3971 praesumat,
886 3897 942 3950 aat
980 3886 1114 3952 barones

14 4004 59 4046 *en
79 3987 282 4074 eomplicibus
306 3986 372 4050 suia
394 3987 498 4071 ipsam
522 3987 652 4070 eaeipant
676 3983 846 4063 obseruari,
871 3995 935 4048 tam
962 3981 1115 4048 Chartam

36 4121 205 4132 -n—ae—..a

68 4211 83 4274 ¹]
100 4211 220 4264 Joannee
239 4207 323 4276 paulo
342 4214 407 4261 ante
426 4223 454 4262 se
474 4221 552 4260 cruce
570 4204 730 4274 signaverat
749 4204 783 4258 ad
796 4205 994 4272 expeditionem
1013 4204 1115 4258 crucia·

14 4289 54 4338 ‘en
69 4289 267 4359 suscipiendam.

956 4375 1006 4428 to*

1140 1123 1251 1162 Innocen-

1157 1185 1185 1224 ttt
1199 1184 1241 1224 111.
