2902 4848
294 481 348 536 336
577 479 696 533 XXXIV
727 479 770 534 De
789 477 908 534 Concilio
928 477 1141 534 constantiensi.

295 623 409 689 Hussii
434 624 590 711 ejurasse,
616 645 650 687 se
675 623 748 687 illae
773 623 941 688 doctrinas
959 632 995 686 ut
1011 643 1106 686 veras
1121 632 1154 686 et
1164 621 1273 707 justas
1296 619 1403 686 babere

294 745 334 786 ac
358 722 509 808 probare,
535 731 676 806 excepta
701 719 853 784 doctrina
869 719 1006 784 Wicleli
1032 719 1073 784 de
1089 719 1313 784 Eucharistia.
1332 717 1404 783 Cum

295 822 330 884 in
361 819 424 884 bao
458 818 681 884 declaratione
717 819 931 903 pertinaciter
965 819 1169 903 persisteret,
1206 819 1241 882 in
1276 819 1406 882 sessione

295 919 458 1004 vigesima
489 919 607 1004 prima,
638 915 754 981 habita
786 916 840 980 die
863 915 924 980 30⁰
948 914 1028 1000 Maji
1052 937 1083 980 a.
1111 917 1207 996 1416,
1244 915 1406 980 demontus

296 1015 377 1098 fuitJ
395 1027 427 1080 et
439 1017 592 1102 potestati
610 1014 771 1078 saeculari
784 1013 936 1092 traditus,
952 1034 1023 1098 rogi
1014 1013 1198 1098 supplicio
1211 1015 1350 1078 affectus
1360 1023 1407 1076 eet

128 1123 286 1171 <imunt
385 1113 439 1178 55.
485 1113 563 1178 Jam
602 1134 709 1198 pauca
744 1111 896 1176 dicamus
931 1111 973 1177 de
1006 1113 1215 1197 quaestione,
1256 1121 1407 1176 utrumn

144 1188 543 1288 ⁸⁸¹1„⁰,⁰⁰0Coustaut'⁰treusi
568 1209 716 1277 Concilio
746 1211 884 1276 uiolatus
907 1211 950 1274 sit
973 1209 1080 1276 salvate
1102 1211 1276 1276 conductore
1299 1210 1408 1274 Hussio

295 1308 338 1373 ab
372 1310 569 1394 imperatore
600 1308 815 1394 Sigismuudo
849 1327 1035 1374 concessus.
1087 1307 1142 1389 Id,
1176 1307 1409 1372 contenderunt

298 1407 454 1471 Hussitae
489 1417 522 1470 et
556 1418 629 1492 post
663 1429 719 1470 eos
742 1407 966 1471 Protestantes
1005 1427 1044 1469 ac
1078 1403 1253 1482 increduli,
1295 1404 1408 1489 duplici

297 1505 394 1569 modo
418 1503 543 1568 factum
567 1527 652 1586 esse,
689 1506 725 1569 1⁰
749 1504 837 1590 quod
862 1506 897 1568 iu
921 1523 1088 1568 carcerem
1117 1505 1290 1588 conjectus
1323 1503 1408 1566 luerit

296 1604 394 1666 etiam
420 1613 496 1666 aute
515 1603 684 1687 J'udioium
709 1603 750 1667 de
772 1624 872 1666 causa
896 1602 1001 1686 ipsius
1023 1600 1139 1666 latum
1170 1601 1208 1664 2⁰
1226 1599 1326 1680 Quod
1344 1599 1406 1662 dein
1440 1621 1441 1624 ¹

296 1699 458 1785 supplicio
483 1700 638 1764 addictus
661 1701 770 1765 fuerit.
818 1699 884 1764 Sed
905 1698 996 1764 nullo
1021 1700 1118 1764 modo
1135 1697 1296 1763 violatum
1321 1699 1407 1762 fuisse
1440 1719 1441 1790 J

297 1797 388 1861 illum
420 1797 550 1862 salvum
581 1798 783 1863 conductum
816 1797 903 1862 clare
934 1796 1078 1883 patebit,
1118 1807 1186 1862 tum
1226 1798 1254 1861 si
1294 1795 1408 1860 indoles
1440 1781 1441 1856 l

297 1895 396 1980 hujus
421 1894 611 1960 documenti
587 1896 861 1982 tperpeuditur,
885 1907 956 1958 tum
972 1897 999 1960 si
1017 1896 1206 1960 testimonia
1221 1915 1407 1960 coaevorum

297 1992 529 2080 respiciuntur.

386 2091 440 2156 56.
486 2089 564 2156 dam
601 2091 765 2173 diximus,
803 2089 888 2156 nihil
930 2089 1022 2155 aliud
1057 2112 1127 2154 esse
1161 2089 1254 2154 illum
1292 2088 1407 2154 salvum

296 2189 513 2268 conductum,
548 2191 611 2253 uisi
645 2189 770 2253 litteras
800 2211 858 2274 pro
891 2189 1068 2254 securitate
1092 2188 1230 2254 itineris.
1280 2187 1409 2250 Hussius

298 2287 430 2373 quaudo
455 2287 594 2352 Romam
618 2289 738 2351 citatus
763 2297 842 2366 erat,
878 2288 1127 2350 excusationem
1160 2285 1239 2350 inde
1271 2287 1407 2372 petierat

296 2386 386 2472 quod
410 2395 543 2472 propter
567 2385 705 2450 insidias
729 2385 997 2450 adversariorum
1021 2406 1154 2449 suorum
1171 2383 1336 2469 ejusmodi
1359 2385 1411 2444 iter

299 2482 459 2548 conficere
499 2505 565 2546 non
604 2493 724 2568 posset.
782 2481 905 2548 Contra
945 2481 1027 2547 tales
1069 2481 1208 2548 insidias
1254 2483 1354 2566 igitur
1393 2501 1409 2540 a

297 2581 510 2665 Sigismundo
542 2581 776 2666 protegebatur
806 2595 877 2646 tum
909 2579 1031 2646 additis
1063 2579 1241 2644 comitibus
1264 2579 1409 2644 Bohemis

298 2677 477 2756 nobilibus,
503 2689 571 2742 turn
598 2681 763 2743 concessis
779 2679 844 2743 illis
860 2677 987 2758 litteris,
1012 2677 1134 2764 quibus
1151 2680 1222 2765 ipse
1238 2679 1410 2762 Imperator

298 2799 373 2840 eum
398 2777 601 2863 suscipiebat
626 2780 658 2842 in
683 2799 777 2842 suam
801 2778 1039 2862 protectionem
1073 2798 1130 2862 pro
1155 2777 1358 2864 profectione
1378 2796 1408 2836 ar

291 2898 356 2961 pro
380 2875 495 2941 reditu.
543 2877 633 2938 Dum
659 2897 737 2940 varo
762 2875 891 2940 reditus
913 2886 1199 2956 commemoratur,
1233 2874 1269 2938 id
1293 2885 1407 2938 unuin

298 2973 479 3057 signifieat,
513 2973 674 3037 Hussium
707 2975 805 3038 etiam
837 2975 862 3036 si
898 2996 932 3038 re
964 2970 1115 3036 confecta
1149 2983 1183 3036 ot
1214 2971 1409 3036 absolutione

296 3070 433 3136 obtenta
447 3069 579 3152 rediret,
595 3073 719 3155 pariter
734 3073 768 3134 in
785 3068 838 3134 illo
855 3072 973 3133 itinere
988 3069 1201 3156 Imperatoris
1218 3071 1409 3158 protectione

298 3166 410 3254 ampla
432 3169 656 3252 gandera-
680 3168 878 3233 Nullatenus
903 3189 981 3232 vero
1006 3166 1129 3232 talibus
1146 3168 1264 3232 litteris
1284 3168 1410 3232 Hussius

298 3265 556 3331 subtrahebatur
579 3269 761 3332 sententiae
780 3267 936 3353 judicum
951 3265 1191 3330 ordinariorum
1209 3287 1354 3342 suorum,
1375 3261 1440 3330 ad
1439 3267 1440 3308 i

297 3387 382 3451 quos
418 3366 489 3450 ipse
528 3363 771 3450 αρρεΙΙιιιειειι,
820 3363 873 3428 vel
913 3374 1027 3428 contra
1070 3385 1184 3428 eorum
1223 3365 1407 3430 sententian
1439 3343 1440 3426 l

300 3461 543 3550 protegebatur
583 3461 679 3526 Certe
703 3461 884 3526 absurdum
909 3471 1004 3540 esset,
1028 3459 1129 3525 alicui
1152 3461 1280 3526 litteras
1304 3459 1407 3524 securi

298 3563 376 3626 tatis
404 3572 571 3646 praestare
604 3562 636 3623 in
662 3582 736 3624 enm
762 3560 877 3642 finem,
910 3569 945 3622 ut
972 3559 1146 3643 judicibus
1177 3560 1354 3624 ordinariis
1382 3577 1408 3619 sc

301 3662 414 3724 sistere
430 3660 541 3744 possit,
567 3657 731 3744 simulque
748 3660 847 3722 otiam
865 3681 940 3723 eum
958 3669 1072 3724 contra
1087 3661 1288 3726 senteutiam
1305 3661 1406 3724 borum

292 3757 449 3844 judicum
481 3767 651 3844 protegere
684 3755 778 3822 velle.
812 3795 856 3805 —
887 3757 1015 3822 Eadem
1052 3759 1178 3822 ratione
1214 3760 1314 3822 etiam
1349 3759 1407 3841 ipss

299 3853 456 3940 Synodus
481 3854 610 3919 salvum
635 3855 837 3919 conductum
854 3856 1016 3918 concessit
1032 3853 1240 3938 Hieronymo
1252 3855 1409 3939 Progensi.

299 3951 400 4018 simul
423 3953 610 4035 advertens,
636 3953 757 4018 talibus
780 3952 899 4018 litteris
922 3974 997 4016 cum
1014 3954 1142 4038 protegi
1159 3965 1275 4016 contra
1289 3971 1404 4016 omnen

301 4054 370 4116 vim
396 4049 613 4136 illegitimam,
638 4073 704 4114 nou
729 4071 807 4114 vero
833 4063 946 4116 contra
966 4049 1121 4136 judicum
1145 4055 1351 4116 sententiam.

391 4151 444 4216 57.
492 4148 726 4232 Sigismundus
750 4149 883 4235 quidem
910 4149 1005 4213 initio
1030 4150 1185 4234 opinatus
1209 4163 1267 4230 est,
1292 4147 1404 4212 salvum

300 4247 505 4312 conductum
529 4247 689 4312 violatum
721 4269 758 4311 eo
784 4269 869 4326 esse,
902 4246 990 4333 quod
1015 4246 1157 4310 Hussius
1186 4258 1262 4310 aute
1286 4265 1404 4310 oausam
