<?xml version="1.0" encoding="UTF-8"?>
<!DOCTYPE html PUBLIC "-//W3C//DTD XHTML 1.0 Transitional//EN"
    "http://www.w3.org/TR/xhtml1/DTD/xhtml1-transitional.dtd">
<html xmlns="http://www.w3.org/1999/xhtml" xml:lang="en" lang="en">
 <head>
  <title>
</title>
<meta http-equiv="Content-Type" content="text/html;charset=utf-8" />
  <meta name='ocr-system' content='tesseract 3.04.00' />
  <meta name='ocr-capabilities' content='ocr_page ocr_carea ocr_par ocr_line ocrx_word'/>
</head>
<body>
  <div class='ocr_page' id='page_1' title='image "./dissertationess00junggoog_0511.png"; bbox 0 0 2832 4844; ppageno 0'>
   <div class='ocr_carea' id='block_1_1' title="bbox 301 385 1237 472">
    <p class='ocr_par' dir='ltr' id='par_1_1' title="bbox 301 385 1237 472">
     <span class='ocr_line' id='line_1_1' title="bbox 301 385 1237 472; baseline -0.001 -3"><span class='ocrx_word' id='word_1_1' title='bbox 301 413 355 470; x_wconf 77' lang='grc'><strong>490</strong></span> <span class='ocrx_word' id='word_1_2' title='bbox 408 385 410 392; x_wconf 65' lang='lat'>&#39;</span> <span class='ocrx_word' id='word_1_3' title='bbox 499 415 629 471; x_wconf 82' lang='lat' dir='ltr'><strong>xxvrn.</strong></span> <span class='ocrx_word' id='word_1_4' title='bbox 649 415 688 469; x_wconf 78' lang='lat' dir='ltr'><strong>ne</strong></span> <span class='ocrx_word' id='word_1_5' title='bbox 706 421 783 470; x_wconf 70' lang='lat' dir='ltr'><strong>euru</strong></span> <span class='ocrx_word' id='word_1_6' title='bbox 800 415 940 470; x_wconf 67' lang='lat' dir='ltr'><strong>sociemus</strong></span> <span class='ocrx_word' id='word_1_7' title='bbox 960 415 1053 472; x_wconf 66' lang='lat' dir='ltr'><strong>esser.</strong></span> <span class='ocrx_word' id='word_1_8' title='bbox 1072 431 1141 470; x_wconf 70' lang='lat' dir='ltr'><strong>saa.</strong></span> <span class='ocrx_word' id='word_1_9' title='bbox 1160 415 1237 471; x_wconf 82' lang='lat' dir='ltr'><strong>xm.</strong></span> 
     </span>
    </p>
   </div>
   <div class='ocr_carea' id='block_1_2' title="bbox 135 557 1402 4169">
    <p class='ocr_par' dir='ltr' id='par_1_2' title="bbox 135 557 1402 4169">
     <span class='ocr_line' id='line_1_2' title="bbox 304 557 1401 650; baseline 0.002 -28"><span class='ocrx_word' id='word_1_10' title='bbox 304 557 502 624; x_wconf 86' lang='lat' dir='ltr'><strong>Christianis</strong></span> <span class='ocrx_word' id='word_1_11' title='bbox 526 569 640 624; x_wconf 89' lang='lat' dir='ltr'><strong>contra</strong></span> <span class='ocrx_word' id='word_1_12' title='bbox 664 559 815 624; x_wconf 90' lang='lat' dir='ltr'><strong>infideles</strong></span> <span class='ocrx_word' id='word_1_13' title='bbox 837 559 965 624; x_wconf 87' lang='lat' dir='ltr'><strong>auxilia</strong></span> <span class='ocrx_word' id='word_1_14' title='bbox 989 581 1054 625; x_wconf 91' lang='lat' dir='ltr'><strong>non</strong></span> <span class='ocrx_word' id='word_1_15' title='bbox 1079 559 1267 646; x_wconf 75' lang='lat' dir='ltr'><strong>praestabat</strong></span> <span class='ocrx_word' id='word_1_16' title='bbox 1290 559 1401 650; x_wconf 75' lang='lat' dir='ltr'><strong>bellum·</strong></span> 
     </span>
     <span class='ocr_line' id='line_1_3' title="bbox 303 655 1401 742; baseline 0 -22"><span class='ocrx_word' id='word_1_17' title='bbox 303 678 368 741; x_wconf 90' lang='lat' dir='ltr'><strong>que</strong></span> <span class='ocrx_word' id='word_1_18' title='bbox 392 656 532 742; x_wconf 87' lang='lat' dir='ltr'><strong>parabat</strong></span> <span class='ocrx_word' id='word_1_19' title='bbox 555 665 669 722; x_wconf 77' lang='lat' dir='ltr'><strong>contm</strong></span> <span class='ocrx_word' id='word_1_20' title='bbox 694 655 851 722; x_wconf 85' lang='lat' dir='ltr'><strong>Carolum</strong></span> <span class='ocrx_word' id='word_1_21' title='bbox 874 677 986 740; x_wconf 88' lang='lat' dir='ltr'><strong>regem</strong></span> <span class='ocrx_word' id='word_1_22' title='bbox 1011 657 1155 732; x_wconf 83' lang='lat' dir='ltr'><strong>Siciliae,</strong></span> <span class='ocrx_word' id='word_1_23' title='bbox 1189 656 1231 722; x_wconf 91' lang='lat' dir='ltr'><strong>ab</strong></span> <span class='ocrx_word' id='word_1_24' title='bbox 1256 659 1321 742; x_wconf 91' lang='lat' dir='ltr'><strong>ipso</strong></span> <span class='ocrx_word' id='word_1_25' title='bbox 1342 679 1401 740; x_wconf 86' lang='lat' dir='ltr'><strong>rege</strong></span> 
     </span>
     <span class='ocr_line' id='line_1_4' title="bbox 209 753 1401 848; baseline -0.002 -30"><span class='ocrx_word' id='word_1_26' title='bbox 209 841 214 848; x_wconf 31' lang='grc'>,</span> <span class='ocrx_word' id='word_1_27' title='bbox 303 757 403 819; x_wconf 87' lang='lat' dir='ltr'><strong>etiam</strong></span> <span class='ocrx_word' id='word_1_28' title='bbox 437 755 668 820; x_wconf 87' lang='lat' dir='ltr'><strong>vehementius</strong></span> <span class='ocrx_word' id='word_1_29' title='bbox 706 757 740 820; x_wconf 90' lang='lat' dir='ltr'><strong>in</strong></span> <span class='ocrx_word' id='word_1_30' title='bbox 779 753 978 818; x_wconf 74' lang='lat' dir='ltr'><strong>Michaelem</strong></span> <span class='ocrx_word' id='word_1_31' title='bbox 1012 766 1211 836; x_wconf 89' lang='lat' dir='ltr'><strong>commotus,</strong></span> <span class='ocrx_word' id='word_1_32' title='bbox 1249 755 1332 818; x_wconf 91' lang='lat' dir='ltr'><strong>hunc</strong></span> <span class='ocrx_word' id='word_1_33' title='bbox 1361 754 1401 817; x_wconf 86' lang='lat' dir='ltr'><strong>die</strong></span> 
     </span>
     <span class='ocr_line' id='line_1_5' title="bbox 307 852 1402 932; baseline -0.003 -15"><span class='ocrx_word' id='word_1_34' title='bbox 307 853 364 918; x_wconf 84' lang='lat'><strong>18⁰</strong></span> <span class='ocrx_word' id='word_1_35' title='bbox 387 852 587 918; x_wconf 87' lang='lat' dir='ltr'><strong>Novembris</strong></span> <span class='ocrx_word' id='word_1_36' title='bbox 611 855 690 917; x_wconf 88' lang='lat' dir='ltr'><strong>anni</strong></span> <span class='ocrx_word' id='word_1_37' title='bbox 719 853 814 932; x_wconf 96' lang='grc'>1281,</span> <span class='ocrx_word' id='word_1_38' title='bbox 839 863 876 915; x_wconf 91' lang='lat' dir='ltr'><strong>ut</strong></span> <span class='ocrx_word' id='word_1_39' title='bbox 898 853 1061 918; x_wconf 82' lang='lat' dir='ltr'><strong>fautorem</strong></span> <span class='ocrx_word' id='word_1_40' title='bbox 1086 852 1274 917; x_wconf 78' lang='lat' dir='ltr'><strong>schismatis</strong></span> <span class='ocrx_word' id='word_1_41' title='bbox 1296 863 1325 915; x_wconf 91' lang='lat' dir='ltr'><strong>et</strong></span> <span class='ocrx_word' id='word_1_42' title='bbox 1346 852 1402 914; x_wconf 81' lang='lat' dir='ltr'><strong>hae</strong></span> 
     </span>
     <span class='ocr_line' id='line_1_6' title="bbox 302 949 1401 1016; baseline -0.002 -2"><span class='ocrx_word' id='word_1_43' title='bbox 302 973 412 1016; x_wconf 89' lang='lat' dir='ltr'><strong>reseos</strong></span> <span class='ocrx_word' id='word_1_44' title='bbox 444 951 759 1015; x_wconf 81' lang='lat' dir='ltr'><strong>excommunicavit.</strong></span> <span class='ocrx_word' id='word_1_45' title='bbox 806 951 903 1015; x_wconf 85' lang='lat' dir='ltr'><strong>Tunc</strong></span> <span class='ocrx_word' id='word_1_46' title='bbox 935 949 1079 1015; x_wconf 77' lang='lat' dir='ltr'><strong>Michael</strong></span> <span class='ocrx_word' id='word_1_47' title='bbox 1102 951 1274 1016; x_wconf 83' lang='lat' dir='ltr'><strong>Pontificis</strong></span> <span class='ocrx_word' id='word_1_48' title='bbox 1304 971 1401 1014; x_wconf 83' lang='lat' dir='ltr'><strong>nornen</strong></span> 
     </span>
     <span class='ocr_line' id='line_1_7' title="bbox 303 1045 1402 1134; baseline -0.002 -22"><span class='ocrx_word' id='word_1_49' title='bbox 303 1051 340 1114; x_wconf 91' lang='lat' dir='ltr'><strong>in</strong></span> <span class='ocrx_word' id='word_1_50' title='bbox 355 1049 489 1134; x_wconf 86' lang='lat' dir='ltr'><strong>liturgia</strong></span> <span class='ocrx_word' id='word_1_51' title='bbox 513 1045 655 1134; x_wconf 73' lang='lat' dir='ltr'><strong>eirprimi</strong></span> <span class='ocrx_word' id='word_1_52' title='bbox 680 1047 860 1134; x_wconf 87' lang='lat' dir='ltr'><strong>prohibuit,</strong></span> <span class='ocrx_word' id='word_1_53' title='bbox 886 1059 998 1113; x_wconf 86' lang='lat' dir='ltr'><strong>tamen</strong></span> <span class='ocrx_word' id='word_1_54' title='bbox 1022 1049 1179 1112; x_wconf 88' lang='lat' dir='ltr'><strong>unionem</strong></span> <span class='ocrx_word' id='word_1_55' title='bbox 1204 1047 1345 1113; x_wconf 88' lang='lat' dir='ltr'><strong>nondum</strong></span> <span class='ocrx_word' id='word_1_56' title='bbox 1365 1069 1402 1132; x_wconf 84' lang='lat' dir='ltr'><strong>pe</strong></span> 
     </span>
     <span class='ocr_line' id='line_1_8' title="bbox 304 1143 1402 1232; baseline -0.003 -21"><span class='ocrx_word' id='word_1_57' title='bbox 304 1149 394 1211; x_wconf 91' lang='lat' dir='ltr'><strong>nitus</strong></span> <span class='ocrx_word' id='word_1_58' title='bbox 430 1145 590 1210; x_wconf 88' lang='lat' dir='ltr'><strong>dissolvit.</strong></span> <span class='ocrx_word' id='word_1_59' title='bbox 637 1143 704 1210; x_wconf 85' lang='lat' dir='ltr'><strong>Sed</strong></span> <span class='ocrx_word' id='word_1_60' title='bbox 728 1167 831 1232; x_wconf 91' lang='lat' dir='ltr'><strong>quum</strong></span> <span class='ocrx_word' id='word_1_61' title='bbox 856 1149 926 1231; x_wconf 88' lang='lat' dir='ltr'><strong>ipse</strong></span> <span class='ocrx_word' id='word_1_62' title='bbox 960 1147 1014 1212; x_wconf 92' lang='lat' dir='ltr'><strong>die</strong></span> <span class='ocrx_word' id='word_1_63' title='bbox 1041 1147 1099 1212; x_wconf 91' lang='lat'><strong>11⁰</strong></span> <span class='ocrx_word' id='word_1_64' title='bbox 1122 1146 1318 1212; x_wconf 81' lang='lat' dir='ltr'><strong>Decembris</strong></span> <span class='ocrx_word' id='word_1_65' title='bbox 1343 1147 1402 1208; x_wconf 85' lang='lat' dir='ltr'><strong>anni</strong></span> 
     </span>
     <span class='ocr_line' id='line_1_9' title="bbox 306 1243 1402 1330; baseline -0.005 -20"><span class='ocrx_word' id='word_1_66' title='bbox 306 1246 392 1312; x_wconf 89' lang='grc'>1282</span> <span class='ocrx_word' id='word_1_67' title='bbox 417 1244 564 1325; x_wconf 87' lang='lat' dir='ltr'><strong>obiisset,</strong></span> <span class='ocrx_word' id='word_1_68' title='bbox 598 1245 669 1330; x_wconf 89' lang='lat' dir='ltr'><strong>ejus</strong></span> <span class='ocrx_word' id='word_1_69' title='bbox 692 1243 780 1308; x_wconf 91' lang='lat' dir='ltr'><strong>filius</strong></span> <span class='ocrx_word' id='word_1_70' title='bbox 804 1267 844 1310; x_wconf 87' lang='lat' dir='ltr'><strong>ao</strong></span> <span class='ocrx_word' id='word_1_71' title='bbox 867 1266 1037 1310; x_wconf 79' lang='lat' dir='ltr'><strong>successor</strong></span> <span class='ocrx_word' id='word_1_72' title='bbox 1059 1244 1275 1309; x_wconf 87' lang='lat' dir='ltr'><strong>Andronicus</strong></span> <span class='ocrx_word' id='word_1_73' title='bbox 1298 1265 1402 1308; x_wconf 87' lang='lat' dir='ltr'><strong>concor·</strong></span> 
     </span>
     <span class='ocr_line' id='line_1_10' title="bbox 305 1341 1402 1427; baseline -0.004 -21"><span class='ocrx_word' id='word_1_74' title='bbox 305 1343 394 1407; x_wconf 89' lang='lat' dir='ltr'><strong>diam</strong></span> <span class='ocrx_word' id='word_1_75' title='bbox 420 1365 495 1406; x_wconf 91' lang='lat' dir='ltr'><strong>cum</strong></span> <span class='ocrx_word' id='word_1_76' title='bbox 520 1341 659 1406; x_wconf 88' lang='lat' dir='ltr'><strong>ecclesia</strong></span> <span class='ocrx_word' id='word_1_77' title='bbox 683 1343 834 1406; x_wconf 86' lang='lat' dir='ltr'><strong>Romana</strong></span> <span class='ocrx_word' id='word_1_78' title='bbox 865 1344 999 1406; x_wconf 90' lang='lat' dir='ltr'><strong>omnino</strong></span> <span class='ocrx_word' id='word_1_79' title='bbox 1029 1341 1173 1427; x_wconf 86' lang='lat' dir='ltr'><strong>abrupit,</strong></span> <span class='ocrx_word' id='word_1_80' title='bbox 1210 1341 1347 1406; x_wconf 87' lang='lat' dir='ltr'><strong>schisma</strong></span> <span class='ocrx_word' id='word_1_81' title='bbox 1371 1343 1402 1402; x_wconf 88' lang='lat' dir='ltr'><strong>in·</strong></span> 
     </span>
     <span class='ocr_line' id='line_1_11' title="bbox 304 1441 1402 1523; baseline -0.005 -17"><span class='ocrx_word' id='word_1_82' title='bbox 304 1441 894 1523; x_wconf 66' lang='grc'>010010011011001100101000001</span> <span class='ocrx_word' id='word_1_83' title='bbox 933 1442 967 1504; x_wconf 93' lang='lat' dir='ltr'><strong>in</strong></span> <span class='ocrx_word' id='word_1_84' title='bbox 1003 1441 1125 1503; x_wconf 90' lang='lat' dir='ltr'><strong>unione</strong></span> <span class='ocrx_word' id='word_1_85' title='bbox 1150 1451 1349 1504; x_wconf 82' lang='lat' dir='ltr'><strong>constantem</strong></span> <span class='ocrx_word' id='word_1_86' title='bbox 1381 1441 1402 1500; x_wconf 87' lang='lat' dir='ltr'><strong>in</strong></span> 
     </span>
     <span class='ocr_line' id='line_1_12' title="bbox 304 1537 1402 1622; baseline -0.002 -20"><span class='ocrx_word' id='word_1_87' title='bbox 304 1539 605 1603; x_wconf 84' lang='lat' dir='ltr'><strong>exiliumPrusam</strong></span> <span class='ocrx_word' id='word_1_88' title='bbox 629 1539 664 1602; x_wconf 93' lang='lat' dir='ltr'><strong>in</strong></span> <span class='ocrx_word' id='word_1_89' title='bbox 687 1537 883 1622; x_wconf 89' lang='lat' dir='ltr'><strong>Bithyniam</strong></span> <span class='ocrx_word' id='word_1_90' title='bbox 912 1539 1011 1619; x_wconf 85' lang='lat' dir='ltr'><strong>misit,</strong></span> <span class='ocrx_word' id='word_1_91' title='bbox 1052 1537 1108 1602; x_wconf 91' lang='lat' dir='ltr'><strong>ubi</strong></span> <span class='ocrx_word' id='word_1_92' title='bbox 1140 1537 1196 1602; x_wconf 92' lang='lat' dir='ltr'><strong>hic</strong></span> <span class='ocrx_word' id='word_1_93' title='bbox 1231 1559 1317 1602; x_wconf 90' lang='lat' dir='ltr'><strong>anno</strong></span> <span class='ocrx_word' id='word_1_94' title='bbox 1342 1537 1402 1600; x_wconf 75' lang='grc'>12111</span> 
     </span>
     <span class='ocr_line' id='line_1_13' title="bbox 304 1635 1402 1719; baseline -0.005 -18"><span class='ocrx_word' id='word_1_95' title='bbox 304 1637 397 1703; x_wconf 90' lang='lat' dir='ltr'><strong>obiit.</strong></span> <span class='ocrx_word' id='word_1_96' title='bbox 437 1673 479 1684; x_wconf 90' lang='lat'><strong>—</strong></span> <span class='ocrx_word' id='word_1_97' title='bbox 517 1637 680 1701; x_wconf 89' lang='lat' dir='ltr'><strong>Martinus</strong></span> <span class='ocrx_word' id='word_1_98' title='bbox 710 1636 759 1700; x_wconf 92' lang='lat' dir='ltr'><strong>IV</strong></span> <span class='ocrx_word' id='word_1_99' title='bbox 797 1636 852 1701; x_wconf 90' lang='lat' dir='ltr'><strong>die</strong></span> <span class='ocrx_word' id='word_1_100' title='bbox 885 1636 946 1700; x_wconf 84' lang='grc' dir='ltr'><strong>29ο</strong></span> <span class='ocrx_word' id='word_1_101' title='bbox 970 1635 1081 1699; x_wconf 89' lang='lat' dir='ltr'><strong>Martii</strong></span> <span class='ocrx_word' id='word_1_102' title='bbox 1114 1637 1194 1700; x_wconf 89' lang='lat' dir='ltr'><strong>anni</strong></span> <span class='ocrx_word' id='word_1_103' title='bbox 1222 1637 1318 1716; x_wconf 74' lang='grc'>1285,</span> <span class='ocrx_word' id='word_1_104' title='bbox 1353 1646 1402 1719; x_wconf 78' lang='lat' dir='ltr'><strong>post</strong></span> 
     </span>
     <span class='ocr_line' id='line_1_14' title="bbox 304 1732 1402 1821; baseline 0.001 -23"><span class='ocrx_word' id='word_1_105' title='bbox 304 1735 534 1821; x_wconf 88' lang='lat' dir='ltr'><strong>pontificatum</strong></span> <span class='ocrx_word' id='word_1_106' title='bbox 570 1744 712 1820; x_wconf 85' lang='lat' dir='ltr'><strong>quatuor</strong></span> <span class='ocrx_word' id='word_1_107' title='bbox 746 1745 876 1800; x_wconf 87' lang='lat' dir='ltr'><strong>tantum</strong></span> <span class='ocrx_word' id='word_1_108' title='bbox 913 1755 1095 1815; x_wconf 88' lang='lat' dir='ltr'><strong>annorum,</strong></span> <span class='ocrx_word' id='word_1_109' title='bbox 1140 1734 1298 1798; x_wconf 88' lang='lat' dir='ltr'><strong>Perusiae</strong></span> <span class='ocrx_word' id='word_1_110' title='bbox 1333 1732 1402 1799; x_wconf 78' lang='lat' dir='ltr'><strong>obiit</strong></span> 
     </span>
     <span class='ocr_line' id='line_1_15' title="bbox 305 1830 1402 1918; baseline -0.004 -22"><span class='ocrx_word' id='word_1_111' title='bbox 305 1832 488 1918; x_wconf 88' lang='lat' dir='ltr'><strong>eodemque</strong></span> <span class='ocrx_word' id='word_1_112' title='bbox 521 1832 593 1896; x_wconf 93' lang='lat' dir='ltr'><strong>loco</strong></span> <span class='ocrx_word' id='word_1_113' title='bbox 625 1830 772 1918; x_wconf 82' lang='lat' dir='ltr'><strong>sepultus</strong></span> <span class='ocrx_word' id='word_1_114' title='bbox 796 1841 854 1913; x_wconf 87' lang='lat' dir='ltr'><strong>est,</strong></span> <span class='ocrx_word' id='word_1_115' title='bbox 886 1842 985 1916; x_wconf 90' lang='lat' dir='ltr'><strong>atque</strong></span> <span class='ocrx_word' id='word_1_116' title='bbox 1010 1830 1178 1895; x_wconf 81' lang='lat' dir='ltr'><strong>miraculis</strong></span> <span class='ocrx_word' id='word_1_117' title='bbox 1203 1830 1354 1897; x_wconf 87' lang='lat' dir='ltr'><strong>claruisse</strong></span> <span class='ocrx_word' id='word_1_118' title='bbox 1373 1851 1402 1892; x_wconf 82' lang='lat' dir='ltr'><strong>se</strong></span> 
     </span>
     <span class='ocr_line' id='line_1_16' title="bbox 304 1928 1047 2016; baseline -0.001 -22"><span class='ocrx_word' id='word_1_119' title='bbox 304 1930 491 2016; x_wconf 90' lang='lat' dir='ltr'><strong>pulchrum,</strong></span> <span class='ocrx_word' id='word_1_120' title='bbox 516 1939 666 1996; x_wconf 85' lang='lat' dir='ltr'><strong>auctores</strong></span> <span class='ocrx_word' id='word_1_121' title='bbox 690 1931 805 1993; x_wconf 85' lang='lat' dir='ltr'><strong>coaevi</strong></span> <span class='ocrx_word' id='word_1_122' title='bbox 830 1928 1047 2016; x_wconf 84' lang='lat' dir='ltr'><strong>perhibent.¹)</strong></span> 
     </span>
     <span class='ocr_line' id='line_1_17' title="bbox 398 2025 1402 2113; baseline -0.004 -21"><span class='ocrx_word' id='word_1_123' title='bbox 398 2029 470 2094; x_wconf 87' lang='lat'>130.</span> <span class='ocrx_word' id='word_1_124' title='bbox 494 2030 572 2094; x_wconf 86' lang='lat' dir='ltr'><strong>Jam</strong></span> <span class='ocrx_word' id='word_1_125' title='bbox 588 2035 662 2113; x_wconf 89' lang='lat' dir='ltr'><strong>post</strong></span> <span class='ocrx_word' id='word_1_126' title='bbox 685 2036 752 2091; x_wconf 91' lang='lat' dir='ltr'><strong>tres</strong></span> <span class='ocrx_word' id='word_1_127' title='bbox 768 2027 839 2091; x_wconf 90' lang='lat' dir='ltr'><strong>dies</strong></span> <span class='ocrx_word' id='word_1_128' title='bbox 863 2027 1014 2092; x_wconf 91' lang='lat' dir='ltr'><strong>unanimi</strong></span> <span class='ocrx_word' id='word_1_129' title='bbox 1028 2025 1259 2092; x_wconf 86' lang='lat' dir='ltr'><strong>Cardinalium</strong></span> <span class='ocrx_word' id='word_1_130' title='bbox 1276 2025 1402 2106; x_wconf 82' lang='lat' dir='ltr'><strong>suffragio</strong></span> 
     </span>
     <span class='ocr_line' id='line_1_18' title="bbox 135 2121 1402 2218; baseline -0.005 -27"><span class='ocrx_word' id='word_1_131' title='bbox 135 2139 296 2179; x_wconf 69' lang='lat' dir='ltr'><strong>Honoriuslv·</strong></span> <span class='ocrx_word' id='word_1_132' title='bbox 308 2128 342 2190; x_wconf 94' lang='lat' dir='ltr'><strong>in</strong></span> <span class='ocrx_word' id='word_1_133' title='bbox 367 2127 502 2190; x_wconf 90' lang='lat' dir='ltr'><strong>Martini</strong></span> <span class='ocrx_word' id='word_1_134' title='bbox 527 2126 575 2190; x_wconf 93' lang='lat' dir='ltr'><strong>IV</strong></span> <span class='ocrx_word' id='word_1_135' title='bbox 607 2145 829 2188; x_wconf 89' lang='lat' dir='ltr'><strong>successorem</strong></span> <span class='ocrx_word' id='word_1_136' title='bbox 862 2125 984 2189; x_wconf 91' lang='lat' dir='ltr'><strong>electus</strong></span> <span class='ocrx_word' id='word_1_137' title='bbox 1015 2124 1079 2188; x_wconf 90' lang='lat' dir='ltr'><strong>fuit</strong></span> <span class='ocrx_word' id='word_1_138' title='bbox 1108 2124 1258 2190; x_wconf 87' lang='lat' dir='ltr'><strong>Jacobus</strong></span> <span class='ocrx_word' id='word_1_139' title='bbox 1282 2121 1402 2218; x_wconf 64' lang='lat' dir='ltr'><strong>Sabella</strong></span> 
     </span>
     <span class='ocr_line' id='line_1_19' title="bbox 306 2220 1402 2384; baseline -0.005 -96"><span class='ocrx_word' id='word_1_140' title='bbox 306 2223 485 2304; x_wconf 86' lang='lat' dir='ltr'><strong>Romanus,</strong></span> <span class='ocrx_word' id='word_1_141' title='bbox 510 2224 681 2288; x_wconf 92' lang='lat' dir='ltr'><strong>Diaconus</strong></span> <span class='ocrx_word' id='word_1_142' title='bbox 697 2220 894 2303; x_wconf 85' lang='lat' dir='ltr'><strong>Cardinalis,</strong></span> <span class='ocrx_word' id='word_1_143' title='bbox 919 2224 976 2308; x_wconf 91' lang='lat' dir='ltr'><strong>qui</strong></span> <span class='ocrx_word' id='word_1_144' title='bbox 995 2223 1158 2286; x_wconf 71' lang='lat' dir='ltr'><strong>Honorius</strong></span> <span class='ocrx_word' id='word_1_145' title='bbox 1173 2222 1230 2286; x_wconf 91' lang='lat' dir='ltr'><strong>IV</strong></span> <span class='ocrx_word' id='word_1_146' title='bbox 1248 2221 1402 2384; x_wconf 52' lang='lat' dir='ltr'><strong>appellatpp</strong></span> 
     </span>
     <span class='ocr_line' id='line_1_20' title="bbox 306 2319 1368 2407; baseline -0.004 -21"><span class='ocrx_word' id='word_1_147' title='bbox 306 2331 365 2387; x_wconf 90' lang='lat' dir='ltr'><strong>est.</strong></span> <span class='ocrx_word' id='word_1_148' title='bbox 403 2322 485 2386; x_wconf 87' lang='lat' dir='ltr'><strong>Erat</strong></span> <span class='ocrx_word' id='word_1_149' title='bbox 510 2323 562 2384; x_wconf 89' lang='lat' dir='ltr'><strong>vir</strong></span> <span class='ocrx_word' id='word_1_150' title='bbox 584 2319 701 2395; x_wconf 83' lang='lat' dir='ltr'><strong>litteris</strong></span> <span class='ocrx_word' id='word_1_151' title='bbox 724 2320 810 2385; x_wconf 92' lang='lat' dir='ltr'><strong>bene</strong></span> <span class='ocrx_word' id='word_1_152' title='bbox 834 2321 993 2400; x_wconf 89' lang='lat' dir='ltr'><strong>eruditus,</strong></span> <span class='ocrx_word' id='word_1_153' title='bbox 1019 2321 1076 2407; x_wconf 92' lang='lat' dir='ltr'><strong>qui</strong></span> <span class='ocrx_word' id='word_1_154' title='bbox 1100 2342 1159 2406; x_wconf 90' lang='lat' dir='ltr'><strong>per</strong></span> <span class='ocrx_word' id='word_1_155' title='bbox 1181 2343 1290 2386; x_wconf 88' lang='lat' dir='ltr'><strong>annos</strong></span> <span class='ocrx_word' id='word_1_156' title='bbox 1313 2319 1368 2384; x_wconf 88' lang='lat' dir='ltr'><strong>nul</strong></span> 
     </span>
     <span class='ocr_line' id='line_1_21' title="bbox 305 2417 1401 2505; baseline -0.007 -20"><span class='ocrx_word' id='word_1_157' title='bbox 305 2423 340 2485; x_wconf 94' lang='lat' dir='ltr'><strong>in</strong></span> <span class='ocrx_word' id='word_1_158' title='bbox 364 2422 505 2505; x_wconf 90' lang='lat' dir='ltr'><strong>negotiis</strong></span> <span class='ocrx_word' id='word_1_159' title='bbox 530 2419 763 2484; x_wconf 88' lang='lat' dir='ltr'><strong>ecclesiasticis</strong></span> <span class='ocrx_word' id='word_1_160' title='bbox 787 2429 896 2504; x_wconf 90' lang='lat' dir='ltr'><strong>partes</strong></span> <span class='ocrx_word' id='word_1_161' title='bbox 928 2419 1100 2497; x_wconf 87' lang='lat' dir='ltr'><strong>habuerat,</strong></span> <span class='ocrx_word' id='word_1_162' title='bbox 1132 2417 1190 2482; x_wconf 89' lang='lat' dir='ltr'><strong>sed</strong></span> <span class='ocrx_word' id='word_1_163' title='bbox 1224 2431 1330 2484; x_wconf 85' lang='lat' dir='ltr'><strong>aetate</strong></span> <span class='ocrx_word' id='word_1_164' title='bbox 1353 2419 1401 2502; x_wconf 81' lang='lat' dir='ltr'><strong>jan</strong></span> 
     </span>
     <span class='ocr_line' id='line_1_22' title="bbox 306 2515 1401 2605; baseline 0.005 -24"><span class='ocrx_word' id='word_1_165' title='bbox 306 2519 404 2583; x_wconf 85' lang='lat' dir='ltr'><strong>valde</strong></span> <span class='ocrx_word' id='word_1_166' title='bbox 428 2528 614 2605; x_wconf 87' lang='lat' dir='ltr'><strong>provectus,</strong></span> <span class='ocrx_word' id='word_1_167' title='bbox 646 2528 679 2581; x_wconf 87' lang='lat' dir='ltr'><strong>et</strong></span> <span class='ocrx_word' id='word_1_168' title='bbox 702 2517 894 2581; x_wconf 86' lang='lat' dir='ltr'><strong>infirmitate</strong></span> <span class='ocrx_word' id='word_1_169' title='bbox 918 2528 1142 2603; x_wconf 87' lang='lat' dir='ltr'><strong>consumptus.</strong></span> <span class='ocrx_word' id='word_1_170' title='bbox 1190 2518 1257 2582; x_wconf 85' lang='lat' dir='ltr'><strong>Hic</strong></span> <span class='ocrx_word' id='word_1_171' title='bbox 1279 2517 1346 2604; x_wconf 68' lang='lat' dir='ltr'><strong>fruit</strong></span> <span class='ocrx_word' id='word_1_172' title='bbox 1365 2515 1401 2600; x_wconf 78' lang='lat' dir='ltr'><strong>rit,</strong></span> 
     </span>
     <span class='ocr_line' id='line_1_23' title="bbox 305 2609 1401 2703; baseline -0.006 -22"><span class='ocrx_word' id='word_1_173' title='bbox 305 2619 353 2681; x_wconf 90' lang='lat' dir='ltr'><strong>ait</strong></span> <span class='ocrx_word' id='word_1_174' title='bbox 365 2618 500 2681; x_wconf 86' lang='lat' dir='ltr'><strong>Martini</strong></span> <span class='ocrx_word' id='word_1_175' title='bbox 514 2615 629 2680; x_wconf 90' lang='lat' dir='ltr'><strong>Poloni</strong></span> <span class='ocrx_word' id='word_1_176' title='bbox 647 2617 866 2697; x_wconf 87' lang='lat' dir='ltr'><strong>continuator,</strong></span> <span class='ocrx_word' id='word_1_177' title='bbox 891 2617 1017 2680; x_wconf 81' lang='lat' dir='ltr'><strong>omniuo</strong></span> <span class='ocrx_word' id='word_1_178' title='bbox 1035 2625 1227 2703; x_wconf 81' lang='lat' dir='ltr'><strong>temperatus</strong></span> <span class='ocrx_word' id='word_1_179' title='bbox 1251 2627 1282 2680; x_wconf 85' lang='lat' dir='ltr'><strong>et</strong></span> <span class='ocrx_word' id='word_1_180' title='bbox 1302 2609 1401 2698; x_wconf 73' lang='lat' dir='ltr'><strong>mopusl</strong></span> 
     </span>
     <span class='ocr_line' id='line_1_24' title="bbox 306 2709 1397 2802; baseline -0.007 -23"><span class='ocrx_word' id='word_1_181' title='bbox 306 2716 504 2792; x_wconf 80' lang='lat' dir='ltr'><strong>discretione,</strong></span> <span class='ocrx_word' id='word_1_182' title='bbox 531 2714 702 2800; x_wconf 83' lang='lat' dir='ltr'><strong>impeditus</strong></span> <span class='ocrx_word' id='word_1_183' title='bbox 728 2725 832 2778; x_wconf 80' lang='lat' dir='ltr'><strong>tamea</strong></span> <span class='ocrx_word' id='word_1_184' title='bbox 854 2731 985 2799; x_wconf 75' lang='lat' dir='ltr'><strong>corpore</strong></span> <span class='ocrx_word' id='word_1_185' title='bbox 1008 2715 1043 2777; x_wconf 85' lang='lat' dir='ltr'><strong>ia</strong></span> <span class='ocrx_word' id='word_1_186' title='bbox 1063 2712 1201 2802; x_wconf 84' lang='lat' dir='ltr'><strong>pedihus</strong></span> <span class='ocrx_word' id='word_1_187' title='bbox 1224 2723 1255 2776; x_wconf 89' lang='lat' dir='ltr'><strong>et</strong></span> <span class='ocrx_word' id='word_1_188' title='bbox 1278 2709 1397 2776; x_wconf 73' lang='lat' dir='ltr'><strong>mutilus</strong></span> 
     </span>
     <span class='ocr_line' id='line_1_25' title="bbox 306 2811 1400 2899; baseline -0.01 -20"><span class='ocrx_word' id='word_1_189' title='bbox 306 2813 439 2879; x_wconf 77' lang='lat' dir='ltr'><strong>libenter</strong></span> <span class='ocrx_word' id='word_1_190' title='bbox 475 2813 587 2898; x_wconf 83' lang='lat' dir='ltr'><strong>ubique</strong></span> <span class='ocrx_word' id='word_1_191' title='bbox 620 2834 732 2899; x_wconf 83' lang='lat' dir='ltr'><strong>pacem</strong></span> <span class='ocrx_word' id='word_1_192' title='bbox 769 2813 963 2898; x_wconf 72' lang='lat' dir='ltr'><strong>qttaerens.²)</strong></span> <span class='ocrx_word' id='word_1_193' title='bbox 1018 2811 1237 2876; x_wconf 92' lang='lat' dir='ltr'><strong>Prudentiam</strong></span> <span class='ocrx_word' id='word_1_194' title='bbox 1270 2833 1356 2875; x_wconf 85' lang='lat' dir='ltr'><strong>suurn</strong></span> <span class='ocrx_word' id='word_1_195' title='bbox 1385 2827 1400 2886; x_wconf 76' lang='grc'>0</span> 
     </span>
     <span class='ocr_line' id='line_1_26' title="bbox 306 2909 1398 2994; baseline -0.007 -18"><span class='ocrx_word' id='word_1_196' title='bbox 306 2911 538 2976; x_wconf 89' lang='lat' dir='ltr'><strong>discretionem</strong></span> <span class='ocrx_word' id='word_1_197' title='bbox 565 2912 599 2974; x_wconf 90' lang='lat' dir='ltr'><strong>in</strong></span> <span class='ocrx_word' id='word_1_198' title='bbox 614 2909 856 2994; x_wconf 85' lang='lat' dir='ltr'><strong>gubernatione</strong></span> <span class='ocrx_word' id='word_1_199' title='bbox 880 2931 990 2974; x_wconf 88' lang='lat' dir='ltr'><strong>rerum</strong></span> <span class='ocrx_word' id='word_1_200' title='bbox 1016 2909 1252 2976; x_wconf 85' lang='lat' dir='ltr'><strong>manifestavit.</strong></span> <span class='ocrx_word' id='word_1_201' title='bbox 1300 2909 1398 2974; x_wconf 82' lang='lat' dir='ltr'><strong>Senatu</strong></span> 
     </span>
     <span class='ocr_line' id='line_1_27' title="bbox 305 3006 1399 3095; baseline -0.009 -21"><span class='ocrx_word' id='word_1_202' title='bbox 305 3012 389 3074; x_wconf 90' lang='lat' dir='ltr'><strong>riam</strong></span> <span class='ocrx_word' id='word_1_203' title='bbox 415 3010 610 3095; x_wconf 87' lang='lat' dir='ltr'><strong>dignitatem</strong></span> <span class='ocrx_word' id='word_1_204' title='bbox 635 3007 775 3072; x_wconf 90' lang='lat' dir='ltr'><strong>contulit</strong></span> <span class='ocrx_word' id='word_1_205' title='bbox 799 3009 891 3072; x_wconf 89' lang='lat' dir='ltr'><strong>fratri</strong></span> <span class='ocrx_word' id='word_1_206' title='bbox 916 3029 975 3071; x_wconf 91' lang='lat' dir='ltr'><strong>suo</strong></span> <span class='ocrx_word' id='word_1_207' title='bbox 1000 3006 1209 3093; x_wconf 90' lang='lat' dir='ltr'><strong>Pandulpho,</strong></span> <span class='ocrx_word' id='word_1_208' title='bbox 1235 3011 1292 3095; x_wconf 92' lang='lat' dir='ltr'><strong>qui</strong></span> <span class='ocrx_word' id='word_1_209' title='bbox 1315 3023 1399 3070; x_wconf 78' lang='lat' dir='ltr'><strong>sever</strong></span> 
     </span>
     <span class='ocr_line' id='line_1_28' title="bbox 307 3101 1399 3195; baseline -0.008 -22"><span class='ocrx_word' id='word_1_210' title='bbox 307 3131 382 3173; x_wconf 92' lang='lat' dir='ltr'><strong>cum</strong></span> <span class='ocrx_word' id='word_1_211' title='bbox 402 3109 533 3195; x_wconf 90' lang='lat' dir='ltr'><strong>justitia</strong></span> <span class='ocrx_word' id='word_1_212' title='bbox 552 3129 592 3171; x_wconf 91' lang='lat' dir='ltr'><strong>ea</strong></span> <span class='ocrx_word' id='word_1_213' title='bbox 608 3105 742 3170; x_wconf 90' lang='lat' dir='ltr'><strong>functus</strong></span> <span class='ocrx_word' id='word_1_214' title='bbox 767 3116 832 3186; x_wconf 81' lang='lat' dir='ltr'><strong>est3</strong></span> <span class='ocrx_word' id='word_1_215' title='bbox 857 3127 996 3189; x_wconf 88' lang='lat' dir='ltr'><strong>regnum</strong></span> <span class='ocrx_word' id='word_1_216' title='bbox 1013 3103 1166 3190; x_wconf 82' lang='lat' dir='ltr'><strong>Apuliae,</strong></span> <span class='ocrx_word' id='word_1_217' title='bbox 1191 3105 1282 3192; x_wconf 91' lang='lat' dir='ltr'><strong>quod</strong></span> <span class='ocrx_word' id='word_1_218' title='bbox 1298 3101 1399 3194; x_wconf 79' lang='lat' dir='ltr'><strong>regeba,</strong></span> 
     </span>
     <span class='ocr_line' id='line_1_29' title="bbox 308 3201 1399 3288; baseline -0.008 -17"><span class='ocrx_word' id='word_1_219' title='bbox 308 3207 388 3272; x_wconf 93' lang='lat' dir='ltr'><strong>dum</strong></span> <span class='ocrx_word' id='word_1_220' title='bbox 413 3203 550 3270; x_wconf 82' lang='lat' dir='ltr'><strong>Carolus</strong></span> <span class='ocrx_word' id='word_1_221' title='bbox 567 3204 601 3268; x_wconf 90' lang='lat' dir='ltr'><strong>II</strong></span> <span class='ocrx_word' id='word_1_222' title='bbox 625 3206 659 3268; x_wconf 93' lang='lat' dir='ltr'><strong>in</strong></span> <span class='ocrx_word' id='word_1_223' title='bbox 684 3204 871 3288; x_wconf 87' lang='lat' dir='ltr'><strong>Arragonia</strong></span> <span class='ocrx_word' id='word_1_224' title='bbox 895 3205 1048 3288; x_wconf 84' lang='lat' dir='ltr'><strong>captivus</strong></span> <span class='ocrx_word' id='word_1_225' title='bbox 1066 3203 1280 3285; x_wconf 86' lang='lat' dir='ltr'><strong>detineretur,</strong></span> <span class='ocrx_word' id='word_1_226' title='bbox 1304 3201 1399 3286; x_wconf 69' lang='lat' dir='ltr'><strong>legibu&#39;</strong></span> 
     </span>
     <span class='ocr_line' id='line_1_30' title="bbox 307 3295 1395 3389; baseline -0.007 -21"><span class='ocrx_word' id='word_1_227' title='bbox 307 3305 441 3389; x_wconf 91' lang='lat' dir='ltr'><strong>optimis</strong></span> <span class='ocrx_word' id='word_1_228' title='bbox 465 3303 648 3384; x_wconf 81' lang='lat' dir='ltr'><strong>ordinavit3</strong></span> <span class='ocrx_word' id='word_1_229' title='bbox 685 3303 719 3365; x_wconf 92' lang='lat' dir='ltr'><strong>in</strong></span> <span class='ocrx_word' id='word_1_230' title='bbox 750 3299 849 3365; x_wconf 87' lang='lat' dir='ltr'><strong>ltalia</strong></span> <span class='ocrx_word' id='word_1_231' title='bbox 879 3323 938 3386; x_wconf 89' lang='lat' dir='ltr'><strong>pro</strong></span> <span class='ocrx_word' id='word_1_232' title='bbox 967 3323 1049 3387; x_wconf 89' lang='lat' dir='ltr'><strong>pace</strong></span> <span class='ocrx_word' id='word_1_233' title='bbox 1081 3301 1312 3366; x_wconf 87' lang='lat' dir='ltr'><strong>constituenda</strong></span> <span class='ocrx_word' id='word_1_234' title='bbox 1338 3295 1395 3362; x_wconf 80' lang='lat' dir='ltr'><strong>inde</strong></span> 
     </span>
     <span class='ocr_line' id='line_1_31' title="bbox 307 3393 1396 3467; baseline -0.01 0"><span class='ocrx_word' id='word_1_235' title='bbox 307 3403 392 3467; x_wconf 85' lang='lat' dir='ltr'><strong>fosse</strong></span> <span class='ocrx_word' id='word_1_236' title='bbox 426 3401 600 3466; x_wconf 89' lang='lat' dir='ltr'><strong>laboravit.</strong></span> <span class='ocrx_word' id='word_1_237' title='bbox 643 3399 779 3465; x_wconf 88' lang='lat' dir='ltr'><strong>Studuit</strong></span> <span class='ocrx_word' id='word_1_238' title='bbox 802 3410 912 3463; x_wconf 89' lang='lat' dir='ltr'><strong>tamen</strong></span> <span class='ocrx_word' id='word_1_239' title='bbox 945 3401 1093 3463; x_wconf 85' lang='lat' dir='ltr'><strong>censuris</strong></span> <span class='ocrx_word' id='word_1_240' title='bbox 1121 3398 1251 3464; x_wconf 87' lang='lat' dir='ltr'><strong>Siculos</strong></span> <span class='ocrx_word' id='word_1_241' title='bbox 1281 3398 1321 3462; x_wconf 86' lang='lat' dir='ltr'><strong>ad</strong></span> <span class='ocrx_word' id='word_1_242' title='bbox 1350 3393 1396 3458; x_wconf 81' lang='lat' dir='ltr'><strong>obs</strong></span> 
     </span>
     <span class='ocr_line' id='line_1_32' title="bbox 307 3491 1395 3593; baseline -0.01 -28"><span class='ocrx_word' id='word_1_243' title='bbox 307 3501 468 3593; x_wconf 72' lang='lat' dir='ltr'><strong>dientiam</strong></span> <span class='ocrx_word' id='word_1_244' title='bbox 494 3498 604 3564; x_wconf 86' lang='lat' dir='ltr'><strong>Caroli</strong></span> <span class='ocrx_word' id='word_1_245' title='bbox 620 3499 654 3563; x_wconf 90' lang='lat' dir='ltr'><strong>Il</strong></span> <span class='ocrx_word' id='word_1_246' title='bbox 679 3497 838 3582; x_wconf 86' lang='lat' dir='ltr'><strong>redigere,</strong></span> <span class='ocrx_word' id='word_1_247' title='bbox 870 3499 1108 3583; x_wconf 88' lang='lat' dir='ltr'><strong>episcoposque</strong></span> <span class='ocrx_word' id='word_1_248' title='bbox 1136 3497 1193 3582; x_wconf 91' lang='lat' dir='ltr'><strong>qui</strong></span> <span class='ocrx_word' id='word_1_249' title='bbox 1218 3495 1346 3561; x_wconf 89' lang='lat' dir='ltr'><strong>Petrum</strong></span> <span class='ocrx_word' id='word_1_250' title='bbox 1365 3491 1395 3556; x_wconf 79' lang='lat' dir='ltr'><strong>lt</strong></span> 
     </span>
     <span class='ocr_line' id='line_1_33' title="bbox 308 3591 1394 3683; baseline -0.01 -19"><span class='ocrx_word' id='word_1_251' title='bbox 308 3599 384 3664; x_wconf 90' lang='lat' dir='ltr'><strong>cobi</strong></span> <span class='ocrx_word' id='word_1_252' title='bbox 407 3599 495 3683; x_wconf 88' lang='lat' dir='ltr'><strong>regis</strong></span> <span class='ocrx_word' id='word_1_253' title='bbox 519 3599 725 3683; x_wconf 82' lang='lat' dir='ltr'><strong>Arragonise</strong></span> <span class='ocrx_word' id='word_1_254' title='bbox 750 3595 853 3660; x_wconf 90' lang='lat' dir='ltr'><strong>lilium</strong></span> <span class='ocrx_word' id='word_1_255' title='bbox 879 3605 1130 3676; x_wconf 82' lang='lat' dir='ltr'><strong>coronaverunt,</strong></span> <span class='ocrx_word' id='word_1_256' title='bbox 1155 3595 1316 3680; x_wconf 90' lang='lat' dir='ltr'><strong>deposuit.</strong></span> <span class='ocrx_word' id='word_1_257' title='bbox 1356 3591 1394 3653; x_wconf 75' lang='lat' dir='ltr'><strong>s&#39;e</strong></span> 
     </span>
     <span class='ocr_line' id='line_1_34' title="bbox 302 3688 1397 3783; baseline -0.012 -21"><span class='ocrx_word' id='word_1_258' title='bbox 302 3698 376 3783; x_wconf 87' lang='lat' dir='ltr'><strong>jam</strong></span> <span class='ocrx_word' id='word_1_259' title='bbox 400 3706 473 3783; x_wconf 90' lang='lat' dir='ltr'><strong>post</strong></span> <span class='ocrx_word' id='word_1_260' title='bbox 495 3696 668 3761; x_wconf 90' lang='lat' dir='ltr'><strong>biennium</strong></span> <span class='ocrx_word' id='word_1_261' title='bbox 694 3695 861 3758; x_wconf 89' lang='lat' dir='ltr'><strong>Honorius</strong></span> <span class='ocrx_word' id='word_1_262' title='bbox 874 3693 933 3776; x_wconf 94' lang='lat' dir='ltr'><strong>IV,</strong></span> <span class='ocrx_word' id='word_1_263' title='bbox 950 3693 1004 3758; x_wconf 87' lang='lat' dir='ltr'><strong>die</strong></span> <span class='ocrx_word' id='word_1_264' title='bbox 1028 3693 1066 3758; x_wconf 87' lang='lat'><strong>3⁰</strong></span> <span class='ocrx_word' id='word_1_265' title='bbox 1083 3692 1208 3778; x_wconf 85' lang='lat' dir='ltr'><strong>Aprilis</strong></span> <span class='ocrx_word' id='word_1_266' title='bbox 1223 3693 1317 3772; x_wconf 76' lang='grc'>1281,</span> <span class='ocrx_word' id='word_1_267' title='bbox 1339 3688 1397 3752; x_wconf 86' lang='lat' dir='ltr'><strong>dicu</strong></span> 
     </span>
     <span class='ocr_line' id='line_1_35' title="bbox 308 3791 1394 3881; baseline -0.006 -22"><span class='ocrx_word' id='word_1_268' title='bbox 308 3817 500 3881; x_wconf 90' lang='lat' dir='ltr'><strong>supremum</strong></span> <span class='ocrx_word' id='word_1_269' title='bbox 524 3795 616 3858; x_wconf 91' lang='lat' dir='ltr'><strong>obiit.</strong></span> <span class='ocrx_word' id='word_1_270' title='bbox 662 3793 737 3857; x_wconf 88' lang='lat' dir='ltr'><strong>Non</strong></span> <span class='ocrx_word' id='word_1_271' title='bbox 762 3791 859 3878; x_wconf 90' lang='lat' dir='ltr'><strong>plane</strong></span> <span class='ocrx_word' id='word_1_272' title='bbox 875 3791 989 3877; x_wconf 91' lang='lat' dir='ltr'><strong>liquet,</strong></span> <span class='ocrx_word' id='word_1_273' title='bbox 1016 3791 1106 3856; x_wconf 88' lang='lat' dir='ltr'><strong>unde</strong></span> <span class='ocrx_word' id='word_1_274' title='bbox 1129 3792 1255 3855; x_wconf 88' lang='lat' dir='ltr'><strong>factum</strong></span> <span class='ocrx_word' id='word_1_275' title='bbox 1278 3791 1319 3854; x_wconf 88' lang='lat' dir='ltr'><strong>sit</strong></span> <span class='ocrx_word' id='word_1_276' title='bbox 1338 3804 1394 3871; x_wconf 79' lang='lat' dir='ltr'><strong>quor</strong></span> 
     </span>
     <span class='ocr_line' id='line_1_36' title="bbox 310 3889 1393 3978; baseline -0.013 -20"><span class='ocrx_word' id='word_1_277' title='bbox 310 3892 504 3958; x_wconf 87' lang='lat' dir='ltr'><strong>Cardinales</strong></span> <span class='ocrx_word' id='word_1_278' title='bbox 528 3895 635 3978; x_wconf 88' lang='lat' dir='ltr'><strong>ipsum</strong></span> <span class='ocrx_word' id='word_1_279' title='bbox 661 3891 830 3955; x_wconf 90' lang='lat' dir='ltr'><strong>infirmum</strong></span> <span class='ocrx_word' id='word_1_280' title='bbox 855 3905 888 3954; x_wconf 91' lang='lat' dir='ltr'><strong>et</strong></span> <span class='ocrx_word' id='word_1_281' title='bbox 910 3889 1140 3974; x_wconf 86' lang='lat' dir='ltr'><strong>grandaevum</strong></span> <span class='ocrx_word' id='word_1_282' title='bbox 1170 3899 1239 3952; x_wconf 88' lang='lat' dir='ltr'><strong>tarn</strong></span> <span class='ocrx_word' id='word_1_283' title='bbox 1264 3889 1324 3951; x_wconf 90' lang='lat' dir='ltr'><strong>cito</strong></span> <span class='ocrx_word' id='word_1_284' title='bbox 1346 3901 1393 3946; x_wconf 80' lang='lat' dir='ltr'><strong>uns</strong></span> 
     </span>
     <span class='ocr_line' id='line_1_37' title="bbox 309 3986 1396 4075; baseline -0.014 -18"><span class='ocrx_word' id='word_1_285' title='bbox 309 3993 444 4057; x_wconf 86' lang='lat' dir='ltr'><strong>nimiter</strong></span> <span class='ocrx_word' id='word_1_286' title='bbox 455 3991 631 4074; x_wconf 79' lang='lat' dir='ltr'><strong>elegerint3</strong></span> <span class='ocrx_word' id='word_1_287' title='bbox 656 3986 749 4071; x_wconf 81' lang='lat' dir='ltr'><strong>forte,</strong></span> <span class='ocrx_word' id='word_1_288' title='bbox 773 3987 862 4074; x_wconf 92' lang='lat' dir='ltr'><strong>quod</strong></span> <span class='ocrx_word' id='word_1_289' title='bbox 880 3988 1076 4074; x_wconf 88' lang='lat' dir='ltr'><strong>prudentem</strong></span> <span class='ocrx_word' id='word_1_290' title='bbox 1094 3989 1202 4051; x_wconf 87' lang='lat' dir='ltr'><strong>virum</strong></span> <span class='ocrx_word' id='word_1_291' title='bbox 1227 3997 1396 4075; x_wconf 77' lang='lat' dir='ltr'><strong>amassem</strong></span> 
     </span>
     <span class='ocr_line' id='line_1_38' title="bbox 309 4071 1395 4169; baseline -0.014 -16"><span class='ocrx_word' id='word_1_292' title='bbox 309 4088 480 4169; x_wconf 89' lang='lat' dir='ltr'><strong>haberent,</strong></span> <span class='ocrx_word' id='word_1_293' title='bbox 514 4089 674 4154; x_wconf 81' lang='lat' dir='ltr'><strong>factiones</strong></span> <span class='ocrx_word' id='word_1_294' title='bbox 699 4090 809 4152; x_wconf 88' lang='lat' dir='ltr'><strong>varias</strong></span> <span class='ocrx_word' id='word_1_295' title='bbox 833 4085 896 4151; x_wconf 91' lang='lat' dir='ltr'><strong>sibi</strong></span> <span class='ocrx_word' id='word_1_296' title='bbox 922 4086 1167 4151; x_wconf 85' lang='lat' dir='ltr'><strong>conciliaverat.</strong></span> <span class='ocrx_word' id='word_1_297' title='bbox 1221 4071 1395 4168; x_wconf 84' lang='lat' dir='ltr'><strong>Gregoriil</strong></span> 
     </span>
    </p>
   </div>
   <div class='ocr_carea' id='block_1_3' title="bbox 311 4201 958 4299">
    <p class='ocr_par' dir='ltr' id='par_1_3' title="bbox 311 4201 958 4299">
     <span class='ocr_line' id='line_1_39' title="bbox 311 4201 958 4299; baseline 0.009 -23"><span class='ocrx_word' id='word_1_298' title='bbox 311 4201 654 4299; x_wconf 27' lang='lat' dir='ltr'><strong>—-¹)quud-Raynald.</strong></span> <span class='ocrx_word' id='word_1_299' title='bbox 673 4229 707 4282; x_wconf 87' lang='lat' dir='ltr'><strong>ad</strong></span> <span class='ocrx_word' id='word_1_300' title='bbox 726 4245 751 4284; x_wconf 91' lang='lat' dir='ltr'><strong>a.</strong></span> <span class='ocrx_word' id='word_1_301' title='bbox 772 4229 848 4282; x_wconf 73' lang='lat'>1285.</span> <span class='ocrx_word' id='word_1_302' title='bbox 869 4245 896 4284; x_wconf 87' lang='grc'><strong>0.</strong></span> <span class='ocrx_word' id='word_1_303' title='bbox 916 4229 958 4283; x_wconf 74' lang='lat'><strong>1⁴.</strong></span> 
     </span>
    </p>
   </div>
   <div class='ocr_carea' id='block_1_4' title="bbox 0 0 1423 4844">
    <p class='ocr_par' dir='ltr' id='par_1_4' title="bbox 0 0 1423 4844">
     <span class='ocr_line' id='line_1_40' title="bbox 0 0 1423 4844; baseline 0 0"><span class='ocrx_word' id='word_1_304' title='bbox 0 0 1423 4844; x_wconf 95' lang='lat' dir='ltr'><strong> </strong></span> 
     </span>
    </p>
   </div>
  </div>
 </body>
</html>
