2836 4848
279 452 333 504 414
471 449 600 504 XXVIII.
621 449 660 504 De
678 453 754 502 stetu
773 449 913 502 societatis
931 449 1022 503 christ.
1042 467 1111 506 suec.
1131 451 1210 506 XIII.

111 597 270 698 3¹:3¹³?ss
281 593 445 678 theologia
468 591 614 678 regebat,
643 601 676 656 et
699 601 769 656 erat
792 592 957 658 excellens
988 593 1041 658 ille
1065 615 1123 658 suo
1148 604 1311 681 tempore3
1343 597 1399 660 sed

120 723 260 771 pastorium.
281 703 395 756 contra
419 691 605 756 decentiam
630 690 705 754 talis
728 689 830 754 offleii
854 711 954 776 supra
978 691 1112 756 modum
1137 694 1346 758 incontinens
1370 706 1400 758 et

280 790 452 876 superbus.
499 789 565 853 Hie
589 811 664 852 cum
689 809 788 873 super
818 809 932 852 omnes
956 787 1106 853 doctores
1136 793 1282 856 civitatis
1311 792 1400 856 audi-

188 872 193 897 *
279 898 365 954 tores
389 887 535 969 haberet,
565 897 597 950 et
621 888 654 950 in
679 884 793 950 schola
816 907 926 949 coram
958 887 1113 951 omnibus
1144 888 1186 952 de
1218 888 1399 953 bumilitate

279 986 458 1050 altissimae
475 985 645 1050 doctrinae
663 981 784 1047 Christi
810 985 1046 1068 quaestionem,
1065 985 1290 1072 disputatione
1313 1009 1401 1072 prae

279 1083 403 1166 habits,
428 1084 630 1164 terminaret,
655 1083 689 1146 in
713 1081 779 1144 fine
800 1079 935 1145 tandem
960 1081 1057 1146 datus
1080 1085 1114 1147 in
1132 1085 1311 1169 reprobum
1335 1109 1401 1148 sen·

279 1203 352 1245 sum
377 1183 411 1245 in
436 1179 625 1244 execranda
649 1189 763 1244 eontra
781 1176 948 1242 Christum
971 1179 1198 1267 blasphemiae
1215 1182 1320 1247 verba
1335 1205 1401 1267 pro-

278 1281 378 1364 rupit.
424 1278 507 1342 Tres
530 1287 617 1358 sunt,
642 1278 759 1362 inquit,
785 1278 841 1362 qui
866 1277 1027 1341 mundum
1058 1281 1155 1344 sectis
1179 1283 1246 1346 suis
1272 1289 1306 1344 et
1330 1280 1402 1362 dog·

279 1376 424 1441 metibus
440 1376 677 1460 subjugarunt:
702 1373 844 1456 Moyses,
861 1373 960 1438 Jesus
976 1385 1008 1438 et
1024 1376 1240 1444 Mabometus.
1273 1378 1403 1462 Moyses

278 1479 385 1562 primo
409 1477 591 1542 Judaicum
614 1472 774 1558 populum
798 1471 986 1536 infatuavit.
1027 1473 1180 1541 Secundo
1195 1475 1297 1540 Jesus
1314 1475 1403 1540 Chri·

279 1585 348 1638 stus
371 1598 391 1638 a
414 1595 472 1637 suo
498 1573 631 1636 nomine
657 1567 872 1634 Christianos.
909 1569 1020 1634 Tertio
1053 1573 1209 1655 gentilem
1242 1574 1402 1659 populum

278 1673 496 1736 Mabometus.
544 1671 615 1733 Nee
639 1689 740 1744 mora,
771 1669 896 1732 eversis
920 1667 1025 1732 oeulis
1049 1690 1107 1754 pro
1141 1670 1291 1736 bumana
1326 1693 1402 1734 voce

279 1772 441 1855 mugitum
474 1769 593 1847 emisit,
625 1775 657 1829 ct
684 1765 843 1851 epilepsia
867 1768 976 1830 stetim
1002 1767 1101 1831 elisus
1125 1770 1159 1832 in
1184 1780 1321 1852 terram,
1354 1770 1401 1832 dio

277 1870 372 1933 tertio
397 1868 545 1953 ejusdem
571 1863 677 1930 morbi
702 1863 885 1927 vindictam
910 1867 1069 1949 aceepit.“
1118 1867 1201 1930 Boni
1234 1871 1402 1932 universa·

277 1967 317 2031 lis
341 1967 380 2033 L.
398 1967 440 2032 ll.
466 1989 493 2032 o.
518 1964 571 2030 48.
598 1985 629 2028 n.
653 1963 684 2028 b.
712 1961 948 2025 -Immerito
972 1973 1083 2028 autern
1109 1964 1260 2029 Gieseler
1286 1989 1332 2030 ex
1356 1967 1402 2028 his

278 2067 386 2146 infert,
411 2063 491 2129 talia
514 2083 581 2127 non
610 2062 735 2125 dixisse
758 2060 977 2143 Fridericum,
1002 2065 1058 2147 qui
1083 2063 1218 2126 alterius
1242 2063 1338 2128 dicta
1362 2089 1402 2127 ru-

277 2173 388 2249 petere
412 2160 594 2241 noluerit.¹)
634 2161 706 2223 Imo
730 2160 839 2244 potius
865 2158 1129 2225 concludendum
1155 2171 1213 2242 est,
1239 2163 1402 2247 ejusmodi

277 2263 411 2326 effatum
446 2257 677 2345 blasphemum
711 2259 744 2320 in
777 2279 833 2320 ore
856 2258 1033 2342 impiorum
1059 2257 1146 2323 illius
1169 2263 1292 2324 aetatis
1317 2261 1403 2326 haud

277 2361 323 2424 ita
356 2359 547 2444 infrequens
577 2356 687 2422 fuisse.
720 2394 764 2403 -
793 2353 1079 2420 Commemoratur
1111 2359 1209 2421 etiam
1245 2355 1338 2424 liber
1370 2359 1401 2420 dr

278 2459 377 2522 tribas
401 2454 634 2542 impostoribus,
660 2453 749 2541 quod
773 2475 856 2539 opus
881 2453 989 2518 medio
1013 2476 1097 2519 sevo
1121 2459 1284 2542 scriptum
1312 2457 1401 2522 multi

277 2555 505 2636 crediderunt;
530 2553 587 2618 sed
610 2552 696 2616 liber
719 2554 775 2638 qui
801 2561 910 2615 exstat
933 2552 1055 2616 saeculi
1073 2553 1157 2618 XVI
1180 2555 1292 2619 foetus
1318 2559 1403 2619 est.²l

276 2653 467 2718 Fridericus
490 2651 625 2736 quidem
650 2652 796 2734 negavit,
821 2673 855 2713 se
880 2672 919 2714 ea
943 2650 1067 2714 dixisse
1091 2674 1176 2737 quse
1195 2653 1259 2738 ipsi
1288 2677 1310 2717 a
1327 2653 1403 2718 Grs·

276 2753 367 2836 gorio
392 2749 443 2813 IX
468 2747 710 2813 tribuebantur.
761 2746 854 2821 Quod
877 2748 970 2826 absit,
1001 2747 1126 2830 scribit,
1150 2750 1189 2813 de
1212 2754 1339 2815 uostris
1362 2749 1403 2812 lo·

277 2850 338 2913 biis
355 2849 559 2935 processisse,
584 2871 652 2910 oum
666 2845 833 2931 manifeste
848 2847 1052 2928 confiteamur
1066 2849 1191 2912 unicum
1204 2849 1272 2912 Da·
1293 2849 1401 2931 filium.
1416 2909 1417 2930 ,

277 2945 342 3011 Sed
367 2947 438 3031 ejus
462 2943 573 3008 verbis
597 2966 662 3008 non
687 2954 736 3009 est
759 2943 947 3028 fidendum
973 2943 1077 3010 multe
1093 2947 1181 3010 onim
1207 2957 1290 3010 sunt
1314 2969 1401 3030 argu-

277 3055 398 3124 menta,
424 3065 500 3108 eum
524 3043 624 3107 fidem
648 3044 683 3107 in
700 3041 893 3126 religionem
917 3041 1133 3108 christianam
1158 3043 1337 3129 abjecisse,
1362 3045 1417 3108 id*

277 3166 340 3230 que
364 3145 462 3206 ctiam
480 3142 543 3227 ipsi
560 3139 798 3204 blubsmedani
823 3149 994 3207 testentur.
1036 3140 1101 3221 Qui
1118 3141 1292 3208 Friderico
1318 3143 1417 3206 enim*

277 3262 387 3304 comcs
418 3239 482 3302 fuit
509 3261 611 3324 quum
636 3237 876 3322 Hierosolymis
908 3248 1002 3319 essct,
1039 3242 1134 3325 eique
1161 3239 1261 3304 cedes
1297 3265 1417 3353 sacras,

276 3337 460 3402 Turoorum
475 3338 681 3416 monstravit,
705 3345 842 3400 testatus
856 3345 915 3416 est,
940 3335 1176 3422 Imperatorem
1192 3339 1400 3404 sermonibus
1416 3355 1417 3417 l

277 3437 345 3501 suis
370 3434 562 3516 ostendisse,
588 3457 622 3498 se
647 3456 714 3498 non
738 3443 891 3520 reputare
904 3456 1018 3498 voram
1042 3434 1234 3519 religionem
1251 3437 1399 3502 christis·

277 3556 365 3616 nam,
391 3554 529 3618 eamque
553 3531 697 3596 ludibrio
723 3531 920 3614 babuisse.³)

367 3641 419 3704 29.
467 3641 605 3703 interim
629 3638 820 3703 Fridericus
854 3637 977 3703 bellum
1010 3640 1045 3703 in
1068 3639 1268 3704 Pontificem
1305 3651 1339 3706 et
1369 3642 1398 3704 in

277 3738 428 3804 addictos
459 3739 487 3801 ei
522 3739 674 3800 civitates
704 3736 856 3801 acerbius
888 3738 1005 3819 gessit3
1043 3736 1212 3802 Romanae
1242 3740 1398 3804 ccclesiae

352 3998 373 4062 ι)
393 3995 427 4049 Κ.
448 3995 480 4049 G.
499 3995 530 4049 B.
551 3995 587 4050 II.
607 3995 688 4049 Abth.
708 3995 737 4047 Π
765 3994 789 4046 S.
811 3993 872 4048 129.

350 4077 372 4144 ⁹)
391 4077 461 4130 Vide
480 4075 531 4129 hsc
548 4076 581 4129 de
600 4092 629 4130 re
648 4074 753 4139 Helele,
773 4074 904 4141 Beitriige
923 4073 953 4126 B.
973 4073 1040 4128 1.·s.
1060 4075 1121 4129 339.

351 4157 373 4224 c)
393 4157 447 4210 Cir.
463 4157 594 4220 Remaud,
614 4155 740 4208 Extraits
759 4154 805 4206 des
818 4151 964 4207 historiens
982 4153 1077 4208 arabes
1090 4151 1197 4208 relstifs
1220 4169 1275 4206 anx
1289 4167 1395 4222 guerr-rs
1415 4151 1416 4230 l

277 4238 323 4292 des
343 4235 492 4293 Croiscdes.
530 4237 607 4289 Paris
627 4235 704 4290 1829.
724 4251 749 4303 p.
769 4235 830 4288 431.

822 4449 828 4486 l
