2844 4840
311 467 345 524 36
586 471 672 525 XXX.
691 471 732 526 De
749 470 914 526 Pontificatn
932 471 1067 526 Bonifatii
1086 471 1162 526 Vlll.

311 613 423 699 plures
445 616 537 679 vices
561 616 662 679 evasi.
710 615 801 701 Papa
827 614 1081 680 inumerabilem
1109 619 1283 702 pecuniam
1308 617 1344 681 ab
1365 619 1405 680 iis·

312 712 387 777 dem
403 715 538 798 recepit,
563 715 642 798 quia
666 712 719 778 die
740 735 779 777 ac
796 724 893 778 nocte
909 713 975 777 dno
993 712 1105 778 clerici
1121 714 1254 779 stabant
1269 717 1308 779 ad
1323 715 1405 779 altare

312 833 338 876 s.
361 810 456 876 Pauli
488 821 637 876 tenentes
668 813 701 875 in
726 831 839 876 eorum
863 811 1018 875 manibus
1047 811 1196 878 rastellos
1227 813 1406 878 castellanus

311 911 487 995 pecuniam
513 909 709 976 infinitam.“
762 908 845 974 Cum
877 909 1021 995 quadam
1047 909 1175 974 malitia
1206 913 1258 999 (ut
1284 913 1405 974 videtui

312 1007 389 1071 dein
403 1006 588 1071 concludit:
608 1003 735 1088 '„Unde
751 1009 857 1072 sciant
872 1005 1051 1072 Christiani
1070 1011 1212 1090 venturi,
1238 1009 1321 1096 quod
1334 1031 1404 1094 prae-

312 1105 421 1169 dictus
437 1105 623 1170 Bonifatius
644 1117 677 1169 et
692 1106 763 1192 ejus
780 1103 974 1171 Cardinales
991 1109 1025 1170 in
1040 1117 1210 1172 aeteruum
1227 1107 1403 1193 praedictam

312 1202 558 1288 Indulgentiam
583 1205 672 1268 omni
697 1225 783 1268 anuo
805 1205 977 1268 cautisime
996 1214 1135 1270 venturo
1159 1207 1366 1270 firmaverunt
1383 1219 1405 1266 et

312 1301 479 1366 decretam
502 1303 715 1384 fecerunt.“¹)
762 1302 856 1366 Haec
879 1311 991 1366 tamen
1015 1325 1100 1388 quae
1125 1303 1165 1367 de
1189 1303 1331 1369 collectis
1357 1301 1403 1364 the·

312 1402 418 1464 aauris
442 1400 632 1484 ingentibus
663 1401 832 1466 chronista
854 1401 955 1465 refert
983 1415 1184 1486 exaggerata
1215 1403 1312 1490 plane
1334 1416 1404 1464 sunt:

312 1509 478 1563 caeterum
511 1521 591 1563 vero
625 1497 808 1564 oblationes
836 1501 919 1564 istae
951 1500 1098 1585 profecto
1134 1523 1199 1565 non
1231 1502 1361 1584 exiguae
1382 1499 1403 1557 in

312 1596 526 1661 basilicarum
550 1597 725 1662 utilitatem
751 1620 771 1662 a
794 1597 955 1662 Pontifice
979 1598 1105 1662 utiliter
1127 1609 1160 1662 et
1182 1600 1239 1684 pie
1254 1619 1403 1684 expensae

313 1693 507 1780 Colligimus
530 1693 687 1759 videlicet
711 1717 752 1760 ex
777 1693 954 1760 Cardinale
978 1695 1105 1761 Jacobo
1130 1696 1172 1760 de
1191 1695 1404 1782 Stephanisria.

312 1792 494 1859 oblationes
518 1795 552 1858 in
576 1791 736 1857 altaribus
759 1815 801 1859 ss.
819 1793 907 1857 Petri
928 1804 961 1857 et
975 1794 1082 1876 Pauli,
1108 1817 1209 1882 quum
1235 1794 1308 1859 aliis
1330 1791 1404 1855 annis

312 1901 421 1956 essent
444 1891 561 1956 30:304
576 1891 785 1974 florenorum,
809 1893 989 1956 centesimo
1010 1891 1065 1956 illo
1083 1913 1169 1958 anno
1193 1893 1296 1956 fuisse
1312 1887 1404 1954 8000)

313 1989 521 2070 florenorum,
551 1988 618 2076 (vel
655 1988 838 2053 secundum
873 1989 973 2076 aliam
1009 1990 1080 2075 ejus
1115 1990 1293 2055 verborum
1331 1989 1403 2051 inter·

311 2088 527 2173 pretationem
561 2086 760 2168 touton).
819 2085 921 2151 Notat
949 2109 1038 2167 vero,
1075 2087 1157 2152 haec
1188 2087 1298 2153 oblata
1328 2085 1404 2148 fuisse

310 2213 330 2254 a
347 2186 559 2252 multitudine
574 2188 705 2250 minutis
721 2173 862 2268 mouetisj
888 2184 976 2250 unde
1000 2184 1187 2271 explicatur
1208 2184 1315 2266 facile,
1338 2177 1401 2267 quo-l

311 2288 460 2352 Ventura
489 2285 529 2350 do
554 2284 682 2348 clericis
711 2283 957 2348 rastellantibus
990 2285 1166 2369 pecuniam
1190 2285 1306 2359 refert3
1335 2295 1362 2343 et
1380 2279 1402 2338 in

311 2383 460 2450 subsidia
483 2381 695 2447 basilicarum
720 2383 816 2446 istam
841 2383 1017 2468 pecuniam
1042 2404 1223 2468 expensam
1250 2404 1317 2446 ease
1341 2397 1401 2441 con·

230 2520 248 2548 ι.
311 2495 480 2548 memorat.
529 2481 614 2567 Non,
649 2480 766 2565 inquit,
797 2501 836 2542 ex
858 2481 983 2565 mapalis
1005 2481 1080 2543 artri
1105 2480 1154 2544 uel
1178 2482 1303 2568 arpenti
1323 2475 1402 2550 aaa,

309 2582 365 2646 eod
387 2603 427 2644 ecc
450 2579 574 2644 naualia
601 2590 742 2642 motwtoe
769 2579 958 2665 prouinciae
990 2582 1138 2666 cujusque
1170 2581 1322 2656 minutiis,
1352 2573 1403 2634 ΗΜ

308 2702 372 2744 aon
395 2679 531 2742 omnium
550 2675 736 2755 oblationes,
756 2697 908 2761 pronastro
922 2673 970 2738 oel
977 2686 1169 2761 paupertate
1188 2675 1401 2763 praepedient«.

310 2778 442 2865 injectae
466 2778 538 2843 siut.
573 2776 692 2838 Deuote
715 2771 824 2837 oblatu
847 2773 955 2836 deuote
978 2773 1215 2860 dispensantur,
1241 2773 1348 2838 casua
1367 2787 1401 2826 aa·

309 2875 440 2958 salibus,
460 2873 609 2961 proediis
632 2895 671 2936 ecc
695 2895 733 2936 ea
752 2873 892 2957 pecunia
915 2873 984 2958 ipso
1000 2893 1117 2935 tiammo
1131 2871 1281 2956 Poutsssea
1297 2867 1410 2959 jrtlrnta

309 2973 352 3037 ad
371 2977 430 3062 jue
452 2983 482 3036 ct
501 2973 731 3059 proprietatem
755 2968 959 3034 basilicarum
986 2969 1221 3055 comparandis,
1254 2991 1290 3033 ac
1312 2959 1401 3029 deivida

309 3093 348 3136 ea
371 3074 512 3158 ipsorum
535 3068 689 3134 reditibus
711 3068 831 3133 divinia
854 3067 1139 3153 Apoetolorumque
1162 3067 1314 3154 stupendis
1334 3057 1399 3124 erlis·

309 3168 366 3234 bus
395 3166 611 3256 officiisque.¹)
667 3166 720 3231 Ex
753 3165 805 3230 bis
836 3164 1070 3230 convelluntur
1104 3164 1291 3230 chronistae
1321 3155 1409 3226 rerinl

310 3267 465 3352 maligna.
512 3265 578 3331 Sed
602 3265 706 3350 vides,
737 3285 837 3351 quam
861 3263 984 3350 injuste
1007 3262 1175 3328 interdurn
1199 3259 1399 3328 accusationes

308 3367 343 3430 in
358 3365 537 3430 Pontifices
561 3363 721 3445 ferantur3
746 3385 786 3427 ac
809 3364 837 3426 si
856 3363 1019 3426 avaritias
1043 3370 1219 3427 accusatus
1242 3361 1305 3424 fnit
1325 3351 1397 3422 Boni·

307 3463 416 3546 fatius,
441 3483 507 3527 non
532 3472 582 3528 est
603 3483 663 3526 cur
685 3460 849 3547 ejusmodi
864 3460 1026 3524 conviciis
1050 3458 1103 3524 vel
1128 3459 1298 3524 minimam
1321 3453 1408 3520 odoni

308 3560 531 3642 habeamus.³)

395 3660 449 3725 38.
488 3659 644 3724 Bonifatii
669 3656 752 3721 VIII
780 3657 850 3742 jam
874 3657 1026 3742 superius
1050 3660 1096 3736 (u.
1126 3655 1179 3736 18)
1206 3652 1344 3718 breviter
1363 3649 1394 3708 in·

307 3759 439 3822 nuirnus
463 3756 528 3822 alia
551 3767 654 3842 gesta.
708 3753 773 3818 Sed
797 3764 984 3818 restantes
1008 3751 1303 3828 commemoranda,
1332 3763 1407 3846 quael

380 3945 399 4010 ι)
418 3943 498 4011 Apud
515 3941 657 4034 Muratori
676 3939 825 4008 Scriptores
844 3955 894 3995 rer.
914 3939 973 3996 ital.
994 3949 1014 3995 t.
1033 3939 1080 3994 XI.
1102 3969 1135 3980 -
1154 3939 1187 3999 V,
1206 3937 1287 4000 Tecti,
1305 3935 1354 3992 le
1395 3952 1400 3961 ·

378 4021 400 4170 :i
418 4022 574 4170 idbupllllidls’
590 4025 619 4155 ln
630 4037 686 4154 bue
705 4105 798 4168 satyra
816 4099 963 4154 stantiam
980 4097 1115 4154 Bonifatii
1133 4099 1227 4168 arguit
1245 4093 1337 4152 acerbis
1352 4087 1394 4143 illl!

305 4181 408 4238 verbis:
435 4183 473 4250 „0
496 4181 612 4250 pessima
637 4180 756 4235 avaritia
781 4211 813 4221 -
834 4179 896 4236 Sete
913 4179 1082 4248 induplioata
1101 4209 1135 4220 -
1154 4181 1256 4235 Benene
1277 4182 1345 4230 unu
1360 4181 1393 4236 li·

305 4263 385 4318 cunin
404 4293 437 4303 -
457 4262 516 4317 Non
535 4275 623 4316 essere
641 4261 770 4316 satiats.“
