2828 4842
281 443 333 496 264
548 438 649 494 XXVI.
669 439 709 494 De
728 439 895 494 Pontificatu
913 440 1066 496 Innocentii
1085 440 1137 496 111.

282 583 452 648 Ecclesiae
489 581 620 666 legibus
647 584 747 648 etiam
785 585 902 668 poenis
940 583 1088 668 adigeret
1126 607 1252 670 regem,
1292 587 1317 652 si
1351 568 1398 651 rel

283 684 419 748 sisteret.

116 815 265 856 ιιιιιιιιιιιιι
372 799 425 862 47.
452 795 536 862 Cum
552 796 727 861 Rainerius
751 796 841 882 apud
857 819 969 882 regem
986 797 1143 882 Legionis
1166 797 1250 863 nihil
1274 817 1399 912 prorsas

112 879 264 929 ””””””
284 897 417 961 monitis
441 897 509 960 suis
533 894 733 980 profecisset,
758 905 875 960 certam
898 896 927 958 ei
950 896 1032 960 diem
1048 898 1224 984 ossipnaoit
1247 906 1277 958 et
1292 874 1399 970 lacteas·l

283 1004 313 1058 et
335 1017 402 1058 cam
426 1015 495 1057 enm
517 995 612 1056 etiam
644 992 732 1057 altra
764 994 929 1057 terminum
962 1005 1181 1080 carpentasset,
1212 995 1246 1056 ia
1278 1015 1341 1055 eam
1366 1013 1390 1053 se

282 1091 507 1155 contumaciter
530 1089 745 1154 absentantem
765 1095 862 1179 prate
888 1090 1033 1176 formam
1062 1092 1210 1156 mandati
1239 1085 1393 1177 apostolici

282 1189 611 1254 accommaaieatioais
620 1189 806 1252 sententiam
810 1187 1035 1275 promnlpom't,
1046 1199 1075 1253 et
1083 1211 1211 1274 repnam
1220 1179 1400 1273 Lepionensel

281 1286 450 1352 interdicto
473 1285 617 1371 penerali
639 1283 801 1350 conclmit.
848 1287 888 1349 In
909 1297 1112 1350 memoratam
1134 1310 1206 1351 aero
1230 1309 1330 1371 repom
1346 1283 1392 1350 Ca·

281 1385 391 1450 stellae
416 1409 452 1450 ac
476 1395 593 1448 terram
615 1405 709 1447 snam
733 1385 768 1446 in
791 1383 879 1447 anilo
897 1386 1065 1470 processit,
1098 1407 1167 1448 com
1189 1385 1274 1448 ideae
1296 1406 1350 1448 res
1369 1405 1392 1444 se

281 1483 445 1548 mandatis
468 1485 535 1572 ejas
559 1492 740 1569 seponeret,
774 1493 803 1546 et
827 1483 910 1567 qnod
933 1483 1086 1568 reciperet
1108 1483 1217 1567 filiam
1245 1505 1342 1562 snam,
1373 1481 1401 1542 si*

281 1583 343 1646 sibi
365 1581 559 1658 redderetur,
583 1590 779 1665 proponeret
803 1581 962 1660 assertive,
996 1579 1140 1665 obiipaas
1163 1603 1194 1644 se
1220 1581 1329 1644 adhoc
1349 1599 1395 1664 per

283 1679 409 1744 litteras
430 1699 507 1742 snos
530 1701 647 1741 samma
666 1677 812 1761 Pontifici
835 1678 1085 1760 destinandos.¹)
1116 1679 1169 1744 Ex
1185 1689 1279 1765 parte
1294 1697 1393 1762 regum

283 1778 359 1842 dein
384 1775 655 1861 archiepiscopus
679 1775 858 1840 Toletanus
881 1774 1004 1862 aliique
1020 1775 1084 1840 duo
1102 1777 1250 1862 episcopi
1269 1775 1402 1838 Romam*

284 1875 375 1938 missi
400 1882 485 1954 sunt,
512 1883 548 1937 ut
571 1872 853 1959 dispensationem
878 1873 1093 1938 sollicitarent
1116 1896 1175 1960 pro
1198 1873 1402 1938 matrimonio

282 1972 445 2058 Alphonsi
463 1981 496 2035 et
510 1971 743 2054 Berengariae,
768 1993 810 2035 ex
827 1993 893 2059 qua
916 1993 1003 2035 anno
1024 1973 1108 2037 1198
1133 1995 1157 2037 s.
1175 1969 1395 2036 Ferdinandas

284 2081 380 2136 natus
410 2079 468 2135 est.
474 2070 498 2153 1)
545 2069 611 2134 Sed
636 2091 708 2134 eam
732 2069 947 2133 Innocentius
977 2071 1137 2154 gravibus
1161 2093 1202 2134 ex
1226 2068 1403 2134 rationibus

284 2168 471 2234 nullatenus
495 2167 677 2233 concedere
700 2166 816 2232 voluit.
863 2167 959 2232 'Pone
984 2167 1025 2232 de
1050 2169 1225 2233 interdicto
1251 2145 1403 2232 solvendol

282 2266 382 2350 legati
407 2276 555 2350 egerunt.
606 2266 747 2329 Tandem
771 2289 854 2344 aero,
879 2265 1027 2330 scribit
1019 2289 1090 2352 ipse
1113 2265 1372 2345 Innocentius,'
1360 2287 1395 2324 m-

284 2364 457 2450 tcllipentes
480 2363 745 2450 Arciiepiscopas
784 2374 813 2426 et
843 2365 997 2450 Episcopi
1032 2367 1205 2446 accinerati,
1237 2363 1322 2450 qssod
1347 2383 1404 2462 nors,

282 2463 384 2526 solnm
413 2460 645 2546 indnlpentiam
675 2485 770 2547 snper
800 2463 855 2525 leae
886 2486 906 2525 a
936 2485 1054 2526 samma
1086 2463 1244 2547 Pontifice,
1279 2461 1334 2526 sed
1355 2461 1397 2520 sir

284 2562 379 2624 etiam
404 2570 536 2644 possent
566 2559 763 2623 audientiam
794 2561 975 2645 impetrare,
1013 2561 1213 2624 interdictam
1242 2561 1280 2624 in
1297 2571 1397 2622 ter-ron

284 2658 362 2721 dicti
393 2657 476 2742 repis
500 2657 646 2742 Lepioais
676 2657 841 2743 prolatam
869 2681 890 2720 a
917 2659 1054 2721 Domino
1088 2659 1182 2744 Papo
1205 2658 1396 2744 postulavere

284 2755 411 2832 remitti,
442 2767 627 2834 asserentes,
662 2755 745 2840 qnod
769 2779 808 2818 es
832 2777 867 2817 eo
892 2755 1011 2842 triplex
1035 2758 1094 2820 toti
1115 2779 1209 2842 repno
1236 2753 1398 2842 periculam

285 2853 325 2917 ab
348 2853 522 2930 haereticis,
547 2851 729 2932 Saracenis,
755 2864 785 2916 et
804 2850 996 2917 Cleristionis
1019 2855 1115 2918 etiam
1139 2853 1332 2917 imminebat.
1359 2851 1398 2914 ill

284 2951 469 3016 haereticis:
500 2952 575 3036 qaia
603 2975 695 3038 paam
722 2973 781 3036 per
808 2951 1009 3014 interdictam
1038 2952 1142 3038 ipsam
1169 2951 1281 3016 cleosa
1314 2959 1399 3014 essent

285 3051 321 3112 ia
338 3047 488 3135 partibas
511 3047 579 3112 illie
603 3073 662 3113 ora
682 3059 859 3136 posteram,
891 3072 955 3112 aon
973 3059 1128 3135 poterant
1146 3047 1257 3132 fideles
1276 3073 1339 3135 per
1359 3067 1399 3107 ecs

286 3159 397 3211 contra
419 3149 591 3212 haereticos
612 3149 741 3226 insani,
773 3157 802 3210 et
834 3147 878 3210 ad
901 3148 1110 3210 resistendam
1139 3149 1184 3210 eis
1212 3147 1399 3232 aliquatenus

285 3245 458 3332 informari
466 3269 478 3324 ,·
508 3246 591 3309 ande
616 3269 683 3310 cam
707 3268 746 3308 erc
769 3245 834 3323 loe,
860 3256 924 3309 tam
948 3247 1023 3330 qnia
1046 3268 1105 3308 rea
1129 3245 1340 3329 Lepioaensie,
1368 3239 1398 3302 ol

304 3419 311 3422 -
334 3419 499 3426 ——..-«

362 3505 381 3570 ¹)
401 3503 487 3558 Gesta
505 3520 531 3557 n.
552 3502 594 3556 58.

359 3583 382 3651 ²)
402 3583 569 3651 Damberger
592 3583 621 3636 Β.
647 3581 696 3637 ΙΧ.
721 3583 746 3636 S.
772 3583 824 3637 386
848 3579 876 3638 ff.
909 3597 1018 3636 causam
1048 3579 1275 3635 matrimonialem
1303 3575 1398 3632 rniaoris

286 3665 415 3717 momenti
434 3661 517 3717 faisse
536 3662 684 3729 existimat,
707 3662 754 3717 sed
766 3663 943 3716 interdictum
955 3661 988 3715 ob
1002 3661 1080 3715 varia
1099 3659 1154 3714 alia
1172 3660 1294 3724 crimine,
1314 3657 1397 3726 spolia·

286 3743 388 3798 tionem
415 3744 587 3798 ecclesiaram
614 3749 644 3796 et
670 3741 868 3811 oppressionem
896 3740 1056 3808 praesulum,
1084 3739 1172 3794 latum
1195 3755 1254 3794 csse
1276 3739 1397 3806 opinatm.

287 3824 523 3893 Dispensationem
541 3828 634 3878 censet
652 3822 771 3877 indebite
799 3823 833 3876 ab
856 3821 987 3889 episeopis
1016 3835 1168 3876 concessam
1196 3819 1288 3883 luisse,
1319 3823 1397 3885 postes

286 3921 351 3960 sero
370 3921 386 3958 a
405 3905 480 3972 Papa
499 3909 635 3972 negatam,
663 3903 733 3969 quod
761 3903 928 3957 conditiones
952 3901 1079 3968 quasdem
1104 3917 1183 3970 reges
1209 3899 1320 3967 implere
1338 3895 1398 3950 nola-

287 3983 368 4038 erint.
380 4015 413 4024 -
425 3985 457 4038 In
467 3999 496 4037 re
506 3983 618 4038 obscura
637 3983 800 4052 conjecturis
814 3983 892 4037 varia
905 3982 1044 4048 nituntur,
1064 3986 1200 4035 caeterum
1213 3997 1260 4048 pro
1273 3975 1397 4044 disciplina

287 4064 389 4118 aetatis
411 4079 559 4133 regumque
583 4063 694 4117 libidine
722 4069 751 4118 et
779 4061 941 4130 arrogantia
968 4061 1117 4116 fraenanda
1144 4061 1232 4128 ipsam
1259 4059 1292 4113 de
1310 4053 1396 4122 nuptia

288 4145 429 4213 negotium
447 4161 495 4212 per
513 4160 541 4198 se
560 4143 751 4212 gravissimum
769 4149 837 4203 arat,
863 4149 891 4196 et
915 4143 1030 4210 epistola
1048 4142 1201 4196 Innocentii
1225 4157 1286 4195 mox
1304 4134 1397 4192 citanda

287 4225 449 4280 connubium
469 4226 651 4280 incestuosam
669 4229 702 4278 at
720 4224 853 4278 motivum
871 4223 1012 4278 interdicti
1030 4221 1147 4277 exhibet
