2844 4840
325 447 467 502 Processns
486 455 581 501 contra
599 447 772 516 Templarios.

517 825 625 888 IL·

85 984 137 1046 De
151 1000 348 1063 processu
371 989 518 1048 contra
542 949 801 1063 camerarios
824 985 1027 1050 iawtitarto.

91 1161 133 1226 13.
169 1161 245 1226 Jam
269 1161 445 1226 veniamus
468 1159 512 1223 ad
537 1161 721 1224 maximum
746 1158 828 1225 illud
853 1162 1022 1244 negotium
1047 1160 1109 1225 sub

23 1255 169 1322 t'lementis
209 1259 404 1344 pontificatu
447 1269 636 1343 peractum,
689 1257 846 1322 videlicet
887 1258 931 1323 ad
974 1279 1109 1322 causam

22 1357 138 1438 equitum
168 1355 442 1442 Templariorum.
498 1355 543 1420 Ut
574 1377 652 1419 vero
684 1355 747 1419 hac
782 1357 815 1420 in
853 1379 886 1420 re
921 1379 964 1420 ex
994 1355 1110 1420 ordine

22 1453 248 1536 progrediamur,
287 1453 467 1517 referemus
502 1454 648 1538 primum
680 1451 845 1536 historice,
883 1475 949 1540 qua
983 1454 1110 1517 ratione

22 1549 160 1634 inquisitio
192 1562 306 1616 contra
330 1551 537 1637 Templarios
572 1552 723 1616 instituta
747 1561 779 1616 et
802 1554 909 1633 facta,
944 1563 1043 1638 atque
1076 1553 1110 1614 in

22 1643 140 1714 Concilio
177 1649 360 1714 Viennensi
399 1649 478 1714 ordo
519 1650 580 1714 iste
618 1648 761 1714 abolitus
797 1651 856 1732 sit;
907 1651 985 1715 dein
1032 1671 1110 1714 vero

21 1747 254 1812 examinabimus
300 1749 526 1834 quaestionem
574 1747 615 1812 de
661 1749 777 1812 reitate
824 1748 877 1813 vel
921 1749 1113 1814 innocentia

21 1841 264 1929 Templariorum.

89 1965 132 2026 11.
178 1961 269 2027 Ordo
304 1959 570 2045 Templariorum
614 1983 643 2024 a.
678 1961 764 2025 1118
802 1961 845 2027 ad
885 1961 1111 2026 defensionem
1131 1969 1273 2042 0¹³⁰‚Teffl-

19 2055 113 2122 Terrae
125 2061 266 2125 Sanctae
289 2061 459 2124 institutus
474 2073 552 2140 erat,
577 2069 677 2144 atque
694 2081 736 2122 ex
753 2058 930 2145 equitibus,
954 2060 1112 2125 fratribus
1136 2033 1269 2082 ”mm
1386 2064 1388 2076 '

19 2157 209 2222 servientibus
233 2167 266 2223 et
289 2155 518 2222 sacerdotibus
552 2154 733 2242 capellanis
757 2159 947 2240 constabat3
986 2161 1114 2244 equites

19 2265 41 2314 et
71 2256 248 2321 sacerdotes
282 2277 325 2320 ex
360 2254 529 2320 nobilibus
565 2264 660 2320 erant
699 2255 835 2320 familiis
870 2259 943 2321 orti.
990 2256 1114 2320 Versus

20 2351 123 2416 initium
160 2353 283 2418 saeculi
314 2349 396 2418 XIV
436 2352 492 2417 hic
520 2351 611 2419 Ordo
642 2354 684 2418 ad
716 2355 885 2439 fastigium
917 2367 1115 2441 pervenerat

19 2454 227 2535 prosperitatis,
261 2463 424 2538 quatenus
457 2463 527 2515 tum
563 2473 744 2537 permagna
768 2465 839 2517 erat
861 2453 933 2538 ejus
956 2455 1114 2538 potentia,

18 2561 67 2610 um
89 2572 232 2614 summae
257 2551 361 2635 ipsius
385 2549 524 2613 divitiae
549 2561 581 2613 et
604 2548 856 2616 latifundiorum
881 2553 1114 2636 possessiones.

19 2643 142 2712 llembra
157 2648 296 2713 Ordinis
319 2670 357 2712 eo
374 2659 521 2732 tempore
538 2648 669 2711 circiter
685 2647 878 2732 quindecim
895 2647 999 2713 millia
1015 2648 1115 2712 fuisse

20 2745 158 2830 ridentur,
192 2746 369 2832 pluresque
401 2757 497 2810 erant
526 2747 731 2830 provinciae,
764 2748 799 2810 in
822 2769 905 2832 quas
929 2746 1044 2810 eudem
1069 2745 1116 2810 di·

18 2843 257 2926 uribuebsntur3
281 2867 359 2930 prae
384 2845 523 2908 coeteris
548 2844 731 2929 provinciis
754 2855 864 2909 eutem
889 2843 1115 2910 Gallicarum

19 2959 128 3006 numero
159 2944 308 3029 equitum
340 2951 410 3006 tum
436 2941 699 3026 possessionibus
722 2940 915 3008 excellebat.
963 2940 1116 3007 Occasio-

19 3057 73 3102 nem
105 3063 180 3106 vero
222 3041 447 3126 inquisitionis
486 3039 709 3104 instituendae
748 3051 864 3104 contra
899 3038 1115 3124 Templarios,

19 3139 174 3204 secundum
208 3141 383 3224 scriptores
414 3138 504 3202 illius
535 3139 664 3218 aetatis,
697 3137 852 3224 Philippo
877 3138 1040 3202 dederunt
1063 3136 1117 3201 de·

19 3239 217 3302 nuntiationes
256 3237 299 3302 ab
337 3236 465 3323 aliquot
502 3235 671 3322 equitibus
709 3258 824 3300 versus
862 3257 988 3300 annum
1031 3236 1117 3300 1305

19 3329 109 3417 laetae,
143 3335 267 3423 quibus
297 3333 457 3400 Ordinem
493 3336 601 3419 ipsum
637 3333 679 3398 de
711 3335 841 3419 magnis
874 3345 1118 3398 accusaverunt

20 3433 198 3501 criminibus.
257 3433 295 3498 Iu
330 3435 409 3499 Vita
446 3431 627 3497 Clementis
665 3436 773 3514 (sexta
808 3431 897 3516 apud
921 3429 1117 3512 Balutinm),

20 3531 90 3614 eujus
119 3543 236 3598 auctor
265 3542 314 3596 est
346 3530 535 3596 Amalrious
563 3530 604 3595 de
632 3529 788 3614 Augeriis
820 3530 1026 3610 Biterrensis,
1066 3550 1118 3594 res

20 3625 50 3688 ita
68 3631 218 3696 refertur:
246 3630 428 3715 „Tempore
452 3628 552 3713 hujus
577 3626 757 3692 Clementis
772 3627 884 3712 Papae
908 3627 1057 3711 contigit,
1082 3638 1119 3690 ut

20 3723 106 3796 fertur.
130 3728 220 3815 quod
246 3731 280 3791 in
304 3727 447 3814 quodam
474 3735 580 3791 castro
597 3727 688 3809 regio
705 3724 847 3790 diocesis
861 3724 1045 3790 Tolosanae
1061 3747 1119 3810 por

20 3823 150 3891 officiales
174 3827 256 3890 dicti
281 3827 367 3909 regis
392 3824 555 3889 Franciae
588 3823 723 3909 quidam
749 3824 883 3887 nomine
907 3823 1053 3909 Squinus
1077 3821 1118 3885 de

21 3917 146 3988 Floriano
186 3925 273 3987 civis
306 3924 505 3988 Biterrensis
544 3943 620 3986 cunr
660 3921 804 4007 quodam
842 3921 942 3986 fratre
981 3921 1119 3986 militiae

21 4021 107 4106 templi
129 4033 282 4108 apostata
305 4043 363 4107 pro
388 4023 457 4086 suis
481 4020 653 4085 maleficiis
678 4019 764 4104 capti
790 4021 924 4084 fuerunt
943 4030 974 4084 et
992 4019 1027 4084 in
1043 4019 1118 4083 forti

21 4139 124 4186 carcere
146 4119 248 4186 ambo
280 4121 314 4185 in
345 4118 444 4184 simul
468 4119 565 4205 positi
595 4119 787 4182 extiterunt.
834 4115 985 4203 Cumque
1009 4117 1119 4182 dictus

21 4211 138 4300 &quinus
161 4233 195 4284 et
219 4219 290 4304 ejus
314 4219 424 4282 socius
447 4215 657 4301 Templarius
688 4224 823 4300 propter
845 4214 1009 4280 maleficia
1032 4236 1118 4302 quoe
