2964 4838
305 445 359 498 tbi
485 445 611 502 xxxvl.
638 445 678 498 De
696 449 773 498 statu
791 444 928 499 Ecclesiae
948 452 1081 514 vergente
1099 446 1173 504 Saea
1194 447 1250 501 XV.

307 612 342 652 se
366 589 525 653 Indianos
554 587 692 668 liberos,
729 610 794 653 uon
820 609 898 652 vero
932 587 1098 674 subjectos
1130 613 1201 654 esse
1230 603 1407 678 supponunt,
1456 655 1457 664 ,

307 709 448 773 eamque
491 686 678 751 libertatem
732 686 856 751 Paulus
894 685 946 750 111
980 709 1009 750 a.
1046 689 1131 752 1537
1175 689 1295 774 duplici
1323 690 1408 753 Brevi
1456 675 1457 748 i

308 783 492 870 (Paetorale
523 784 662 871 officiam
692 784 724 851 d.
755 784 786 850 d.
812 785 873 848 23⁰
896 784 977 870 Maji
1009 795 1043 848 et
1078 787 1204 850 Veritas
1232 789 1303 874 spec
1329 787 1356 851 d.
1381 786 1406 852 d.
1456 785 1457 818 ³

308 883 346 946 ‘2⁰
369 883 477 965 Junii)
502 884 543 946 iis
566 882 764 962 vindicavit,
789 881 878 946 nullo
903 883 1001 947 modo
1025 885 1237 966 existimans,
1260 907 1292 948 se
1314 883 1410 948 llnllae
1456 885 1457 960 g

309 979 494 1044 Alexandri
524 980 574 1044 VI
605 979 842 1045 contradicere.
890 977 988 1060 Quod
1019 983 1046 1045 si
1080 979 1127 1047 illi
1158 985 1216 1068 qui
1250 979 1407 1068 conquiru-

308 1079 402 1142 dores
432 1087 595 1143 vocantur·
636 1079 802 1144 interdum
834 1078 985 1142 lecemnt
1015 1079 1058 1144 ad
1089 1081 1242 1144 nationes
1277 1079 1413 1144 barbaras

308 1175 601 1262 proclamationes,
638 1178 760 1263 quibus
783 1177 830 1240 eis
854 1175 1054 1241 intimabant
1081 1177 1177 1242 titulo
1200 1178 1335 1242 dominii
1355 1178 1409 1241 nni·

309 1273 448 1338 versalia
483 1275 521 1340 R.
546 1273 717 1339 Pontificis
752 1283 784 1338 et
819 1274 1006 1338 donationis
1040 1275 1083 1339 ab
1118 1278 1191 1361 ipso
1227 1275 1413 1362 principibus

309 1371 417 1436 factae
440 1374 529 1457 ipsas
551 1374 657 1436 teneri
681 1372 724 1437 ad
748 1373 1012 1453 submissionem,
1037 1373 1200 1458 ejusmodi
1225 1375 1341 1459 agendi
1361 1394 1410 1436 no·

312 1468 374 1534 dus
398 1469 494 1556 plene
518 1469 713 1538 arbitrarius
737 1482 815 1552 erat,
840 1492 901 1536 nec
925 1493 945 1534 a
968 1471 1130 1536 Pontifice
1153 1471 1358 1557 approbatus.

401 1587 455 1652 tt.
477 1566 590 1650 ¹Modo
616 1589 765 1672 exposito
786 1584 944 1673 plerique,
970 1587 1017 1652 uti
1033 1587 1190 1666 diximus,
1215 1575 1341 1652 Bullsru
1357 1583 1410 1649 Ale·

162 1678 273 1708 ΜΨ·
312 1683 431 1747 xandri
458 1685 509 1748 VI
535 1685 611 1771 jure
636 1687 751 1750 merito
776 1696 957 1771 exponunt.
1003 1685 1110 1750 Erant
1136 1685 1275 1772 quidem
1299 1707 1333 1750 eo
1353 1695 1410 1746 ten-

312 1804 391 1868 pore
415 1781 520 1870 aliqui
543 1781 687 1867 theologi
719 1794 752 1846 et
774 1783 860 1869 juris
885 1785 981 1868 periti
1006 1785 1063 1869 qui
1088 1783 1288 1865 censebant,
1322 1783 1406 1847 ilone-

313 1901 393 1943 nurn
411 1879 606 1944 Pontificem
633 1880 811 1966 disponere
825 1901 921 1966 posse
946 1879 986 1944 dc
1000 1884 1112 1966 regnis
1129 1881 1325 1966 infidelium,
1346 1877 1404 1966 quod

319 1979 496 2064 praecipue
519 1979 647 2042 ratione
677 1978 933 2064 praedicationis
956 1979 1168 2064 evangelicae
1199 1977 1402 2046 admittebrnt:

322 2077 374 2142 vel
405 2075 555 2140 infideles
585 2077 767 2142 universim
799 2098 864 2142 non
889 2076 1012 2141 habere
1043 2099 1138 2163 posse
1166 2077 1348 2143 dominium
1367 2071 1399 2136 eli·

312 2175 401 2264 quod
426 2175 621 2260 legitimum.
660 2174 800 2260 Propter
815 2177 959 2239 rationes
978 2185 1088 2239 tamen
1104 2174 1223 2240 allatas
1249 2186 1282 2240 et
1297 2173 1407 2240 maxine

313 2273 355 2339 ob
379 2271 510 2338 Bullam
536 2271 705 2337 Lusitanis
729 2273 770 2338 de
795 2273 910 2338 Africa
934 2272 1058 2360 datam,
1082 2295 1274 2353 censemus,
1299 2271 1406 2337 Alexan·

313 2371 411 2436 drum
441 2393 480 2434 ea
504 2371 659 2456 opinione
691 2393 756 2437 nou
781 2371 883 2436 luisse
914 2371 1090 2439 imbutum.
1137 2372 1202 2438 Sed
1230 2376 1327 2438 etiarn
1348 2367 1409 2433 sivi

313 2469 389 2535 talis
419 2469 584 2556 opinionis
608 2491 765 2534 erroneae
798 2469 1011 2534 donationem
1036 2470 1126 2536 illam
1150 2472 1303 2550 lecisset,
1336 2467 1409 2530 neni·

313 2570 396 2633 feste
424 2568 502 2632 iude
534 2579 647 2632 contra
671 2567 940 2632 infallibilitatem
966 2569 1171 2656 pontificiam
1203 2567 1289 2634 nihil
1320 2561 1411 2630 deduci

315 2675 437 2754 posset,
463 2688 566 2751 quum
588 2687 652 2730 non
669 2675 787 2750 agatur
810 2665 852 2729 de
877 2665 1070 2730 definitione
1095 2665 1296 2752 dogmatica.
1331 2661 1410 2726 Pessi·

315 2763 478 2828 bilitatem
493 2763 635 2851 alicujus
650 2765 769 2828 erroris
784 2765 817 2828 in
829 2761 1021 2828 Alexandro
1033 2763 1081 2828 VI
1100 2763 1251 2829 admittit
1263 2759 1416 2846 Gregorius

316 2865 357 2928 de
371 2861 526 2927 Valentia
541 2861 707 2926 scribens:
733 2859 946 2942 „Alexander
955 2861 1014 2942 VI,
1029 2862 1070 2950 (si
1087 2863 1121 2926 in
1139 2883 1177 2927 eo
1194 2863 1284 2927 facto
1300 2859 1412 2948 particu-

315 2961 391 3042 lari,
427 2961 469 3024 ad
494 2981 588 3044 reges
618 2957 690 3024 illos
714 2969 842 3024 tantum
874 2971 907 3023 et
928 2958 972 3024 ad
1003 2957 1075 3026 illes
1100 2961 1226 3026 insulas
1258 2958 1417 3046 pertinente

316 3057 468 3142 erravit),
499 3058 605 3122 solum
631 3053 793 3123 noncessit
816 3057 881 3126 illis
904 3057 1039 3142 regibus
1057 3059 1114 3143 jus
1138 3045 1306 3144 quoddam
1329 3073 1413 3138 super·

316 3156 543 3223 intendentiae
568 3145 601 3220 et
624 3157 798 3242 patrocinii
815 3155 848 3220 in
864 3155 1015 3221 infideles
1031 3155 1113 3236 illos,
1139 3165 1313 3243 postquam
1328 3149 1417 3218 deuio

318 3257 414 3324 modo
439 3268 549 3320 essent
571 3255 614 3319 ad
638 3255 737 3319 fidem
759 3257 920 3322 conversi.
961 3255 1032 3320 Nec
1054 3256 1142 3320 enim
1167 3257 1277 3342 potnit
1292 3247 1418 3318 infideles

317 3355 389 3420 illos
421 3355 568 3418 dominio
599 3373 657 3416 suo
689 3353 821 3439 privare
851 3345 1025 3440 propterea
1057 3351 1179 3446 solum,
1215 3351 1305 3440 quod
1332 3360 1415 3413 essen

317 3453 529 3532 infideles.“¹)
1183 3465 1188 3471 ·

410 3549 604 3615 Alexander
626 3550 679 3612 VI
714 3559 863 3613 mortuus
887 3559 936 3613 est
959 3550 1014 3614 die
1041 3550 1099 3614 18⁰
1122 3549 1267 3633 Augusti
1290 3570 1319 3610 a.
1342 3541 1417 3609 ttul-

317 3653 405 3716 Eum
431 3650 632 3713 exstinctum
656 3647 758 3710 fuisse
782 3647 1011 3734 imprudenter
1033 3657 1166 3734 sumpto
1188 3665 1326 3724 veneno,
1348 3635 1413 3726 qnod

319 3745 555 3813 Cardinalibns
579 3743 779 3833 quibusdam
796 3743 918 3809 Caesar
931 3745 1053 3832 Borgia
1067 3753 1303 3832 praeparasset,
1326 3733 1412 3804 l'abnle

318 3855 377 3914 est.
426 3844 563 3911 Constat
593 3845 682 3908 enim
707 3865 748 3908 ex
773 3843 887 3909 diariis
911 3841 999 3908 illius
1022 3845 1179 3930 temporis
1209 3835 1414 3920 manuscriptis

346 3995 350 4000 .
372 3991 515 4000 ...μω-ιιι...-
526 3993 532 3998 .

395 4077 416 4148 Ι)
435 4075 465 4136 Τ,
486 4076 537 4130 111.
557 4077 597 4130 De
616 4092 655 4143 sp.
676 4077 700 4129 1.
719 4077 744 4128 9.
766 4075 809 4130 10.
828 4091 853 4144 p.
873 4075 898 4132 7.
917 4089 942 4142 p.
963 4073 1017 4129 540
1036 4073 1070 4129 sd
1089 4075 1114 4130 2.
1136 4105 1167 4115 -
1187 4071 1241 4130 Glr.
1261 4071 1293 4126 de
1312 4073 1362 4122 tots
1376 4061 1413 4116 isc

319 4157 592 4305 qppaeptqonpgcpviltd
611 4156 747 4210 Cattolice
766 4172 789 4209 a.
804 4155 882 4212 1865.
902 4171 928 4213 v.
944 4159 975 4220 1,,
996 4160 1025 4210 et
1038 4153 1249 4224 Hergenrlltber,
1268 4151 1358 4206 Kivcbe
1371 4139 1409 4196 ml
