<?xml version="1.0" encoding="UTF-8"?>
<!DOCTYPE html PUBLIC "-//W3C//DTD XHTML 1.0 Transitional//EN"
    "http://www.w3.org/TR/xhtml1/DTD/xhtml1-transitional.dtd">
<html xmlns="http://www.w3.org/1999/xhtml" xml:lang="en" lang="en">
 <head>
  <title>
</title>
<meta http-equiv="Content-Type" content="text/html;charset=utf-8" />
  <meta name='ocr-system' content='tesseract 3.04.00' />
  <meta name='ocr-capabilities' content='ocr_page ocr_carea ocr_par ocr_line ocrx_word'/>
</head>
<body>
  <div class='ocr_page' id='page_1' title='image "./dissertationess00junggoog_0767.png"; bbox 0 0 2868 4844; ppageno 0'>
   <div class='ocr_carea' id='block_1_1' title="bbox 305 449 1232 506">
    <p class='ocr_par' dir='ltr' id='par_1_1' title="bbox 305 449 1232 506">
     <span class='ocr_line' id='line_1_1' title="bbox 305 449 1232 506; baseline 0 -2"><span class='ocrx_word' id='word_1_1' title='bbox 305 451 359 504; x_wconf 77' lang='lat'><strong><em>23⁴</em></strong></span> <span class='ocrx_word' id='word_1_2' title='bbox 505 451 621 504; x_wconf 77' lang='lat' dir='ltr'>XXXII.</span> <span class='ocrx_word' id='word_1_3' title='bbox 643 451 682 505; x_wconf 87' lang='lat' dir='ltr'><strong><em>De</em></strong></span> <span class='ocrx_word' id='word_1_4' title='bbox 699 449 877 504; x_wconf 82' lang='lat' dir='ltr'><strong><em>Pontificibus</em></strong></span> <span class='ocrx_word' id='word_1_5' title='bbox 897 450 1036 505; x_wconf 72' lang='lat' dir='ltr'><strong><em>avenione</em></strong></span> <span class='ocrx_word' id='word_1_6' title='bbox 1054 451 1232 506; x_wconf 75' lang='lat' dir='ltr'><strong><em>ammonas.</em></strong></span> 
     </span>
    </p>
   </div>
   <div class='ocr_carea' id='block_1_2' title="bbox 129 591 1421 4108">
    <p class='ocr_par' dir='ltr' id='par_1_2' title="bbox 129 591 1421 4108">
     <span class='ocr_line' id='line_1_2' title="bbox 129 591 1404 695; baseline -0.005 -37"><span class='ocrx_word' id='word_1_7' title='bbox 129 591 285 695; x_wconf 39' lang='lat' dir='ltr'><strong><em>mmz</em></strong></span> <span class='ocrx_word' id='word_1_8' title='bbox 304 595 381 680; x_wconf 89' lang='lat' dir='ltr'><strong><em>quia</em></strong></span> <span class='ocrx_word' id='word_1_9' title='bbox 405 597 437 657; x_wconf 90' lang='lat' dir='ltr'><strong><em>in</em></strong></span> <span class='ocrx_word' id='word_1_10' title='bbox 462 597 556 658; x_wconf 81' lang='lat' dir='ltr'><strong><em>terrie</em></strong></span> <span class='ocrx_word' id='word_1_11' title='bbox 579 605 738 657; x_wconf 74' lang='lat' dir='ltr'><strong><em>morantes</em></strong></span> <span class='ocrx_word' id='word_1_12' title='bbox 760 615 867 658; x_wconf 83' lang='lat' dir='ltr'><strong><em>eorum</em></strong></span> <span class='ocrx_word' id='word_1_13' title='bbox 879 595 1015 680; x_wconf 88' lang='lat' dir='ltr'><strong><em>qradum</em></strong></span> <span class='ocrx_word' id='word_1_14' title='bbox 1030 594 1210 684; x_wconf 76' lang='lat' dir='ltr'><strong><em>hujusmodi</em></strong></span> <span class='ocrx_word' id='word_1_15' title='bbox 1221 596 1404 680; x_wconf 74' lang='lat' dir='ltr'><strong><em>promotionis</em></strong></span> 
     </span>
     <span class='ocr_line' id='line_1_3' title="bbox 288 684 1406 778; baseline -0.002 -22"><span class='ocrx_word' id='word_1_16' title='bbox 288 684 477 775; x_wconf 61' lang='lat' dir='ltr'><strong><em>&#39;babuimun</em></strong></span> <span class='ocrx_word' id='word_1_17' title='bbox 518 703 582 756; x_wconf 73' lang='lat' dir='ltr'><strong><em>trem</em></strong></span> <span class='ocrx_word' id='word_1_18' title='bbox 615 694 692 778; x_wconf 88' lang='lat' dir='ltr'><strong><em>quia</em></strong></span> <span class='ocrx_word' id='word_1_19' title='bbox 727 692 839 756; x_wconf 80' lang='lat' dir='ltr'><strong><em>solitae</em></strong></span> <span class='ocrx_word' id='word_1_20' title='bbox 878 693 922 756; x_wconf 91' lang='lat' dir='ltr'><strong><em>ad</em></strong></span> <span class='ocrx_word' id='word_1_21' title='bbox 960 713 1012 756; x_wconf 84' lang='lat' dir='ltr'><strong><em>eos</em></strong></span> <span class='ocrx_word' id='word_1_22' title='bbox 1050 693 1211 756; x_wconf 71' lang='lat' dir='ltr'><strong><em>amicitiae</em></strong></span> <span class='ocrx_word' id='word_1_23' title='bbox 1240 691 1406 778; x_wconf 80' lang='lat' dir='ltr'><strong><em>specialibus</em></strong></span> 
     </span>
     <span class='ocr_line' id='line_1_4' title="bbox 304 789 1405 877; baseline -0.002 -23"><span class='ocrx_word' id='word_1_24' title='bbox 304 789 469 877; x_wconf 79' lang='lat' dir='ltr'><strong><em>affectibus</em></strong></span> <span class='ocrx_word' id='word_1_25' title='bbox 493 791 693 867; x_wconf 87' lang='lat' dir='ltr'><strong><em>ducebamur,</em></strong></span> <span class='ocrx_word' id='word_1_26' title='bbox 718 789 879 876; x_wconf 73' lang='lat' dir='ltr'><strong><em>aliquibus</em></strong></span> <span class='ocrx_word' id='word_1_27' title='bbox 901 813 974 854; x_wconf 90' lang='lat' dir='ltr'><strong><em>oero</em></strong></span> <span class='ocrx_word' id='word_1_28' title='bbox 998 813 1039 854; x_wconf 79' lang='lat' dir='ltr'><strong><em>esc</em></strong></span> <span class='ocrx_word' id='word_1_29' title='bbox 1062 801 1191 854; x_wconf 86' lang='lat' dir='ltr'><strong><em>assueta</em></strong></span> <span class='ocrx_word' id='word_1_30' title='bbox 1216 791 1302 856; x_wconf 84' lang='lat' dir='ltr'><strong><em>Rom.</em></strong></span> <span class='ocrx_word' id='word_1_31' title='bbox 1320 791 1405 854; x_wconf 84' lang='lat' dir='ltr'><strong><em>Ponti·</em></strong></span> 
     </span>
     <span class='ocr_line' id='line_1_5' title="bbox 293 885 1408 974; baseline -0.003 -23"><span class='ocrx_word' id='word_1_32' title='bbox 293 887 393 972; x_wconf 72' lang='lat' dir='ltr'><strong><em>finum</em></strong></span> <span class='ocrx_word' id='word_1_33' title='bbox 415 889 621 966; x_wconf 86' lang='lat' dir='ltr'><strong><em>liberalitate,</em></strong></span> <span class='ocrx_word' id='word_1_34' title='bbox 645 911 736 974; x_wconf 88' lang='lat' dir='ltr'><strong><em>quam</em></strong></span> <span class='ocrx_word' id='word_1_35' title='bbox 760 885 796 950; x_wconf 89' lang='lat' dir='ltr'><strong><em>in</em></strong></span> <span class='ocrx_word' id='word_1_36' title='bbox 820 891 886 951; x_wconf 87' lang='lat' dir='ltr'><strong><em>suis</em></strong></span> <span class='ocrx_word' id='word_1_37' title='bbox 909 909 1052 951; x_wconf 75' lang='lat' dir='ltr'><strong><em>eaercere</em></strong></span> <span class='ocrx_word' id='word_1_38' title='bbox 1076 899 1151 951; x_wconf 86' lang='lat' dir='ltr'><strong><em>sunt</em></strong></span> <span class='ocrx_word' id='word_1_39' title='bbox 1174 887 1260 951; x_wconf 89' lang='lat' dir='ltr'><strong><em>soliti</em></strong></span> <span class='ocrx_word' id='word_1_40' title='bbox 1281 889 1408 951; x_wconf 80' lang='lat' dir='ltr'><strong><em>nouitati·</em></strong></span> 
     </span>
     <span class='ocr_line' id='line_1_6' title="bbox 304 984 1408 1072; baseline -0.002 -22"><span class='ocrx_word' id='word_1_41' title='bbox 304 984 370 1066; x_wconf 78' lang='lat' dir='ltr'><strong><em>beer,</em></strong></span> <span class='ocrx_word' id='word_1_42' title='bbox 401 985 539 1050; x_wconf 85' lang='lat' dir='ltr'><strong><em>volentes</em></strong></span> <span class='ocrx_word' id='word_1_43' title='bbox 571 985 700 1050; x_wconf 71' lang='lat' dir='ltr'><strong><em>lionoris</em></strong></span> <span class='ocrx_word' id='word_1_44' title='bbox 731 996 762 1048; x_wconf 91' lang='lat' dir='ltr'><strong><em>et</em></strong></span> <span class='ocrx_word' id='word_1_45' title='bbox 790 984 999 1050; x_wconf 87' lang='lat' dir='ltr'><strong><em>liberalitatis</em></strong></span> <span class='ocrx_word' id='word_1_46' title='bbox 1028 985 1198 1072; x_wconf 81' lang='lat' dir='ltr'><strong><em>affluentia</em></strong></span> <span class='ocrx_word' id='word_1_47' title='bbox 1229 985 1408 1072; x_wconf 78' lang='lat' dir='ltr'><strong><em>complacere.</em></strong></span> 
     </span>
     <span class='ocr_line' id='line_1_7' title="bbox 303 1083 1409 1172; baseline -0.003 -24"><span class='ocrx_word' id='word_1_48' title='bbox 303 1085 347 1148; x_wconf 86' lang='lat' dir='ltr'><strong><em>ad</em></strong></span> <span class='ocrx_word' id='word_1_49' title='bbox 370 1107 475 1148; x_wconf 89' lang='lat' dir='ltr'><strong><em>eorum</em></strong></span> <span class='ocrx_word' id='word_1_50' title='bbox 497 1086 697 1170; x_wconf 85' lang='lat' dir='ltr'><strong><em>importunas</em></strong></span> <span class='ocrx_word' id='word_1_51' title='bbox 720 1095 823 1148; x_wconf 86' lang='lat' dir='ltr'><strong><em>tamen</em></strong></span> <span class='ocrx_word' id='word_1_52' title='bbox 846 1094 876 1148; x_wconf 89' lang='lat' dir='ltr'><strong><em>st</em></strong></span> <span class='ocrx_word' id='word_1_53' title='bbox 898 1083 1129 1172; x_wconf 85' lang='lat' dir='ltr'><strong><em>multiplicatas</em></strong></span> <span class='ocrx_word' id='word_1_54' title='bbox 1158 1106 1286 1169; x_wconf 86' lang='lat' dir='ltr'><strong><em>precum</em></strong></span> <span class='ocrx_word' id='word_1_55' title='bbox 1306 1085 1409 1146; x_wconf 73' lang='lat' dir='ltr'><strong><em>instar¹</em></strong></span> 
     </span>
     <span class='ocr_line' id='line_1_8' title="bbox 304 1179 1409 1269; baseline -0.005 -23"><span class='ocrx_word' id='word_1_56' title='bbox 304 1184 367 1246; x_wconf 90' lang='lat' dir='ltr'><strong><em>tias</em></strong></span> <span class='ocrx_word' id='word_1_57' title='bbox 398 1179 563 1247; x_wconf 71' lang='lat' dir='ltr'><strong><em>nonnullis</em></strong></span> <span class='ocrx_word' id='word_1_58' title='bbox 592 1181 716 1247; x_wconf 86' lang='lat' dir='ltr'><strong><em>clericis</em></strong></span> <span class='ocrx_word' id='word_1_59' title='bbox 739 1193 770 1247; x_wconf 90' lang='lat' dir='ltr'><strong><em>et</em></strong></span> <span class='ocrx_word' id='word_1_60' title='bbox 785 1184 938 1269; x_wconf 85' lang='lat' dir='ltr'><strong><em>personis</em></strong></span> <span class='ocrx_word' id='word_1_61' title='bbox 968 1179 1189 1247; x_wconf 83' lang='lat' dir='ltr'><strong><em>ecclesiasticis</em></strong></span> <span class='ocrx_word' id='word_1_62' title='bbox 1220 1179 1370 1265; x_wconf 86' lang='lat' dir='ltr'><strong><em>reliqiosis</em></strong></span> <span class='ocrx_word' id='word_1_63' title='bbox 1388 1191 1409 1242; x_wconf 84' lang='lat' dir='ltr'><strong><em>ct</em></strong></span> 
     </span>
     <span class='ocr_line' id='line_1_9' title="bbox 302 1278 1410 1366; baseline -0.005 -22"><span class='ocrx_word' id='word_1_64' title='bbox 302 1278 531 1358; x_wconf 67' lang='lat' dir='ltr'><strong><em>sacularibus,</em></strong></span> <span class='ocrx_word' id='word_1_65' title='bbox 555 1279 751 1344; x_wconf 68' lang='lat' dir='ltr'><strong><em>diuasomsm</em></strong></span> <span class='ocrx_word' id='word_1_66' title='bbox 775 1281 933 1359; x_wconf 81' lang='lat' dir='ltr'><strong><em>ordinum,</em></strong></span> <span class='ocrx_word' id='word_1_67' title='bbox 958 1279 1137 1366; x_wconf 83' lang='lat' dir='ltr'><strong><em>diqnitatis,</em></strong></span> <span class='ocrx_word' id='word_1_68' title='bbox 1160 1279 1410 1342; x_wconf 80' lang='lat' dir='ltr'><strong><em>eonditiannmet</em></strong></span> 
     </span>
     <span class='ocr_line' id='line_1_10' title="bbox 302 1377 1409 1468; baseline -0.005 -26"><span class='ocrx_word' id='word_1_69' title='bbox 302 1388 450 1456; x_wconf 83' lang='lat' dir='ltr'><strong><em>statuum,</em></strong></span> <span class='ocrx_word' id='word_1_70' title='bbox 463 1379 711 1464; x_wconf 72' lang='lat' dir='ltr'><strong><em>patriarchales,</em></strong></span> <span class='ocrx_word' id='word_1_71' title='bbox 728 1380 1015 1468; x_wconf 73' lang='lat' dir='ltr'><strong><em>archiepiscopales</em></strong></span> <span class='ocrx_word' id='word_1_72' title='bbox 1026 1390 1056 1444; x_wconf 90' lang='lat' dir='ltr'><strong><em>et</em></strong></span> <span class='ocrx_word' id='word_1_73' title='bbox 1067 1377 1265 1466; x_wconf 87' lang='lat' dir='ltr'><strong><em>episcopales</em></strong></span> <span class='ocrx_word' id='word_1_74' title='bbox 1272 1377 1409 1442; x_wconf 83' lang='lat' dir='ltr'><strong><em>eeclesias.</em></strong></span> 
     </span>
     <span class='ocr_line' id='line_1_11' title="bbox 303 1473 1409 1564; baseline -0.005 -24"><span class='ocrx_word' id='word_1_75' title='bbox 303 1499 342 1540; x_wconf 90' lang='lat' dir='ltr'><strong><em>uc</em></strong></span> <span class='ocrx_word' id='word_1_76' title='bbox 364 1479 557 1540; x_wconf 85' lang='lat' dir='ltr'><strong><em>monasteria</em></strong></span> <span class='ocrx_word' id='word_1_77' title='bbox 581 1477 734 1542; x_wconf 89' lang='lat' dir='ltr'><strong><em>distincta</em></strong></span> <span class='ocrx_word' id='word_1_78' title='bbox 752 1477 954 1564; x_wconf 79' lang='lat' dir='ltr'><strong><em>pastoribus,</em></strong></span> <span class='ocrx_word' id='word_1_79' title='bbox 986 1477 1041 1542; x_wconf 84' lang='lat' dir='ltr'><strong><em>neb</em></strong></span> <span class='ocrx_word' id='word_1_80' title='bbox 1072 1476 1271 1542; x_wconf 83' lang='lat' dir='ltr'><strong><em>commendas</em></strong></span> <span class='ocrx_word' id='word_1_81' title='bbox 1301 1473 1348 1539; x_wconf 88' lang='lat' dir='ltr'><strong><em>oel</em></strong></span> <span class='ocrx_word' id='word_1_82' title='bbox 1374 1497 1409 1537; x_wconf 81' lang='lat' dir='ltr'><strong><em>ru·</em></strong></span> 
     </span>
     <span class='ocr_line' id='line_1_12' title="bbox 297 1568 1410 1662; baseline -0.003 -26"><span class='ocrx_word' id='word_1_83' title='bbox 297 1568 441 1650; x_wconf 59' lang='lat' dir='ltr'><strong><em>&#39;stadiae</em></strong></span> <span class='ocrx_word' id='word_1_84' title='bbox 473 1597 527 1640; x_wconf 81' lang='lat' dir='ltr'><strong><em>seu</em></strong></span> <span class='ocrx_word' id='word_1_85' title='bbox 549 1599 644 1639; x_wconf 89' lang='lat' dir='ltr'><strong><em>curae</em></strong></span> <span class='ocrx_word' id='word_1_86' title='bbox 667 1575 716 1640; x_wconf 91' lang='lat' dir='ltr'><strong><em>uel</em></strong></span> <span class='ocrx_word' id='word_1_87' title='bbox 738 1577 908 1662; x_wconf 82' lang='lat' dir='ltr'><strong><em>quardiae,</em></strong></span> <span class='ocrx_word' id='word_1_88' title='bbox 939 1585 997 1640; x_wconf 86' lang='lat' dir='ltr'><strong><em>aut</em></strong></span> <span class='ocrx_word' id='word_1_89' title='bbox 1023 1575 1315 1640; x_wconf 79' lang='lat' dir='ltr'><strong><em>administrationis</em></strong></span> <span class='ocrx_word' id='word_1_90' title='bbox 1337 1571 1410 1636; x_wconf 77' lang='lat' dir='ltr'><strong><em>titulo</em></strong></span> 
     </span>
     <span class='ocr_line' id='line_1_13' title="bbox 302 1673 1411 1760; baseline -0.002 -25"><span class='ocrx_word' id='word_1_91' title='bbox 302 1673 463 1737; x_wconf 78' lang='lat' dir='ltr'><strong><em>nominare</em></strong></span> <span class='ocrx_word' id='word_1_92' title='bbox 490 1673 634 1751; x_wconf 85' lang='lat' dir='ltr'><strong><em>notabili,</em></strong></span> <span class='ocrx_word' id='word_1_93' title='bbox 666 1673 814 1738; x_wconf 71' lang='lat' dir='ltr'><strong><em>ducimus</em></strong></span> <span class='ocrx_word' id='word_1_94' title='bbox 840 1684 996 1760; x_wconf 88' lang='lat' dir='ltr'><strong><em>perpetuo</em></strong></span> <span class='ocrx_word' id='word_1_95' title='bbox 1020 1673 1064 1736; x_wconf 89' lang='lat' dir='ltr'><strong><em>ad</em></strong></span> <span class='ocrx_word' id='word_1_96' title='bbox 1088 1675 1185 1737; x_wconf 85' lang='lat' dir='ltr'><strong><em>citam</em></strong></span> <span class='ocrx_word' id='word_1_97' title='bbox 1209 1695 1263 1736; x_wconf 88' lang='lat' dir='ltr'><strong><em>seu</em></strong></span> <span class='ocrx_word' id='word_1_98' title='bbox 1287 1673 1330 1736; x_wconf 89' lang='lat' dir='ltr'><strong><em>ad</em></strong></span> <span class='ocrx_word' id='word_1_99' title='bbox 1352 1673 1411 1734; x_wconf 82' lang='lat' dir='ltr'><strong><em>certi</em></strong></span> 
     </span>
     <span class='ocr_line' id='line_1_14' title="bbox 302 1769 1410 1859; baseline 0.001 -26"><span class='ocrx_word' id='word_1_100' title='bbox 302 1773 453 1856; x_wconf 89' lang='lat' dir='ltr'><strong><em>temporis</em></strong></span> <span class='ocrx_word' id='word_1_101' title='bbox 475 1774 616 1858; x_wconf 86' lang='lat' dir='ltr'><strong><em>spatium</em></strong></span> <span class='ocrx_word' id='word_1_102' title='bbox 639 1773 869 1836; x_wconf 87' lang='lat' dir='ltr'><strong><em>committenda.</em></strong></span> <span class='ocrx_word' id='word_1_103' title='bbox 910 1771 1014 1859; x_wconf 84' lang='lat' dir='ltr'><strong><em>Super</em></strong></span> <span class='ocrx_word' id='word_1_104' title='bbox 1036 1772 1094 1848; x_wconf 86' lang='lat' dir='ltr'><strong><em>bis,</em></strong></span> <span class='ocrx_word' id='word_1_105' title='bbox 1118 1793 1162 1835; x_wconf 88' lang='lat' dir='ltr'><strong><em>un</em></strong></span> <span class='ocrx_word' id='word_1_106' title='bbox 1183 1771 1265 1835; x_wconf 91' lang='lat' dir='ltr'><strong><em>tales</em></strong></span> <span class='ocrx_word' id='word_1_107' title='bbox 1289 1769 1410 1834; x_wconf 67' lang='lat' dir='ltr'><strong><em>omem</em></strong></span> 
     </span>
     <span class='ocr_line' id='line_1_15' title="bbox 304 1869 1409 1956; baseline -0.002 -24"><span class='ocrx_word' id='word_1_108' title='bbox 304 1877 471 1954; x_wconf 86' lang='lat' dir='ltr'><strong><em>tantasque</em></strong></span> <span class='ocrx_word' id='word_1_109' title='bbox 493 1871 619 1954; x_wconf 83' lang='lat' dir='ltr'><strong><em>qratias</em></strong></span> <span class='ocrx_word' id='word_1_110' title='bbox 637 1891 698 1956; x_wconf 89' lang='lat' dir='ltr'><strong><em>per</em></strong></span> <span class='ocrx_word' id='word_1_111' title='bbox 720 1893 778 1934; x_wconf 84' lang='lat' dir='ltr'><strong><em>nos</em></strong></span> <span class='ocrx_word' id='word_1_112' title='bbox 798 1869 872 1952; x_wconf 75' lang='lat' dir='ltr'><strong><em>fieri</em></strong></span> <span class='ocrx_word' id='word_1_113' title='bbox 887 1870 1052 1948; x_wconf 87' lang='lat' dir='ltr'><strong><em>decuisset,</em></strong></span> <span class='ocrx_word' id='word_1_114' title='bbox 1075 1869 1241 1932; x_wconf 80' lang='lat' dir='ltr'><strong><em>uariorum</em></strong></span> <span class='ocrx_word' id='word_1_115' title='bbox 1260 1869 1409 1932; x_wconf 68' lang='lat' dir='ltr'><strong><em>arduom</em></strong></span> 
     </span>
     <span class='ocr_line' id='line_1_16' title="bbox 301 1967 1409 2054; baseline -0.003 -25"><span class='ocrx_word' id='word_1_116' title='bbox 301 1968 498 2052; x_wconf 71' lang='lat' dir='ltr'><strong><em>nepotianum</em></strong></span> <span class='ocrx_word' id='word_1_117' title='bbox 520 1967 758 2054; x_wconf 81' lang='lat' dir='ltr'><strong><em>multiplicitate</em></strong></span> <span class='ocrx_word' id='word_1_118' title='bbox 782 1968 940 2046; x_wconf 83' lang='lat' dir='ltr'><strong><em>distracti,</em></strong></span> <span class='ocrx_word' id='word_1_119' title='bbox 966 1987 1064 2052; x_wconf 89' lang='lat' dir='ltr'><strong><em>usque</em></strong></span> <span class='ocrx_word' id='word_1_120' title='bbox 1088 1967 1132 2030; x_wconf 92' lang='lat' dir='ltr'><strong><em>ad</em></strong></span> <span class='ocrx_word' id='word_1_121' title='bbox 1156 1976 1278 2052; x_wconf 84' lang='lat' dir='ltr'><strong><em>tempus</em></strong></span> <span class='ocrx_word' id='word_1_122' title='bbox 1300 1989 1357 2051; x_wconf 78' lang='lat' dir='ltr'><strong><em>qno</em></strong></span> <span class='ocrx_word' id='word_1_123' title='bbox 1377 1967 1409 2026; x_wconf 81' lang='lat' dir='ltr'><strong><em>in·</em></strong></span> 
     </span>
     <span class='ocr_line' id='line_1_17' title="bbox 298 2062 1409 2151; baseline -0.002 -25"><span class='ocrx_word' id='word_1_124' title='bbox 298 2062 451 2144; x_wconf 72' lang='lat' dir='ltr'><strong><em>firmitate</em></strong></span> <span class='ocrx_word' id='word_1_125' title='bbox 474 2066 556 2128; x_wconf 85' lang='lat' dir='ltr'><strong><em>satis</em></strong></span> <span class='ocrx_word' id='word_1_126' title='bbox 575 2065 761 2151; x_wconf 84' lang='lat' dir='ltr'><strong><em>periculosa</em></strong></span> <span class='ocrx_word' id='word_1_127' title='bbox 784 2066 904 2130; x_wconf 85' lang='lat' dir='ltr'><strong><em>nosbis</em></strong></span> <span class='ocrx_word' id='word_1_128' title='bbox 927 2063 1039 2128; x_wconf 88' lang='lat' dir='ltr'><strong><em>diebus</em></strong></span> <span class='ocrx_word' id='word_1_129' title='bbox 1051 2064 1197 2127; x_wconf 71' lang='lat' dir='ltr'><strong><em>aimtavit</em></strong></span> <span class='ocrx_word' id='word_1_130' title='bbox 1215 2063 1409 2149; x_wconf 80' lang='lat' dir='ltr'><strong><em>Omnipotens.</em></strong></span> 
     </span>
     <span class='ocr_line' id='line_1_18' title="bbox 302 2159 1421 2250; baseline 0.004 -28"><span class='ocrx_word' id='word_1_131' title='bbox 302 2163 498 2246; x_wconf 79' lang='lat' dir='ltr'><strong><em>nequivimus</em></strong></span> <span class='ocrx_word' id='word_1_132' title='bbox 520 2165 658 2248; x_wconf 86' lang='lat' dir='ltr'><strong><em>coqitare</em></strong></span> <span class='ocrx_word' id='word_1_133' title='bbox 694 2162 853 2250; x_wconf 87' lang='lat' dir='ltr'><strong><em>plenarie.</em></strong></span> <span class='ocrx_word' id='word_1_134' title='bbox 913 2162 1026 2228; x_wconf 86' lang='lat' dir='ltr'><strong><em>Verum</em></strong></span> <span class='ocrx_word' id='word_1_135' title='bbox 1057 2163 1093 2226; x_wconf 88' lang='lat' dir='ltr'><strong><em>in</em></strong></span> <span class='ocrx_word' id='word_1_136' title='bbox 1124 2159 1292 2226; x_wconf 87' lang='lat' dir='ltr'><strong><em>debilitate</em></strong></span> <span class='ocrx_word' id='word_1_137' title='bbox 1329 2163 1421 2248; x_wconf 69' lang='lat' dir='ltr'><strong><em>ipsiut</em></strong></span> 
     </span>
     <span class='ocr_line' id='line_1_19' title="bbox 302 2259 1411 2346; baseline 0.001 -24"><span class='ocrx_word' id='word_1_138' title='bbox 302 2259 515 2346; x_wconf 65' lang='lat' dir='ltr'><strong><em>aequitudinis</em></strong></span> <span class='ocrx_word' id='word_1_139' title='bbox 547 2262 728 2338; x_wconf 85' lang='lat' dir='ltr'><strong><em>constituti,</em></strong></span> <span class='ocrx_word' id='word_1_140' title='bbox 767 2285 788 2324; x_wconf 90' lang='lat' dir='ltr'><strong><em>o</em></strong></span> <span class='ocrx_word' id='word_1_141' title='bbox 827 2262 1022 2346; x_wconf 88' lang='lat' dir='ltr'><strong><em>neqotiorum</em></strong></span> <span class='ocrx_word' id='word_1_142' title='bbox 1044 2269 1206 2344; x_wconf 60' lang='lat' dir='ltr'><strong><em>meumque</em></strong></span> <span class='ocrx_word' id='word_1_143' title='bbox 1239 2259 1411 2324; x_wconf 69' lang='lat' dir='ltr'><strong><em>discussions</em></strong></span> 
     </span>
     <span class='ocr_line' id='line_1_20' title="bbox 302 2357 1411 2444; baseline -0.001 -22"><span class='ocrx_word' id='word_1_144' title='bbox 302 2358 422 2436; x_wconf 88' lang='lat' dir='ltr'><strong><em>semoti,</em></strong></span> <span class='ocrx_word' id='word_1_145' title='bbox 447 2357 492 2422; x_wconf 90' lang='lat' dir='ltr'><strong><em>ad</em></strong></span> <span class='ocrx_word' id='word_1_146' title='bbox 514 2359 569 2422; x_wconf 86' lang='lat' dir='ltr'><strong><em>boc</em></strong></span> <span class='ocrx_word' id='word_1_147' title='bbox 593 2359 649 2423; x_wconf 91' lang='lat' dir='ltr'><strong><em>sub</em></strong></span> <span class='ocrx_word' id='word_1_148' title='bbox 673 2359 822 2444; x_wconf 86' lang='lat' dir='ltr'><strong><em>diliqenti</em></strong></span> <span class='ocrx_word' id='word_1_149' title='bbox 837 2360 981 2423; x_wconf 71' lang='lat' dir='ltr'><strong><em>examine</em></strong></span> <span class='ocrx_word' id='word_1_150' title='bbox 998 2358 1175 2422; x_wconf 70' lang='lat' dir='ltr'><strong><em>diremimus</em></strong></span> <span class='ocrx_word' id='word_1_151' title='bbox 1190 2359 1291 2422; x_wconf 83' lang='lat' dir='ltr'><strong><em>aciem</em></strong></span> <span class='ocrx_word' id='word_1_152' title='bbox 1306 2367 1411 2422; x_wconf 77' lang='lat' dir='ltr'><strong><em>neam</em></strong></span> 
     </span>
     <span class='ocr_line' id='line_1_21' title="bbox 302 2453 1412 2544; baseline 0.003 -28"><span class='ocrx_word' id='word_1_153' title='bbox 302 2455 425 2538; x_wconf 86' lang='lat' dir='ltr'><strong><em>mentis,</em></strong></span> <span class='ocrx_word' id='word_1_154' title='bbox 458 2455 638 2542; x_wconf 88' lang='lat' dir='ltr'><strong><em>demumque</em></strong></span> <span class='ocrx_word' id='word_1_155' title='bbox 664 2459 891 2544; x_wconf 64' lang='lat' dir='ltr'><strong><em>praepedimus</em></strong></span> <span class='ocrx_word' id='word_1_156' title='bbox 913 2456 1083 2534; x_wconf 82' lang='lat' dir='ltr'><strong><em>euidenter,</em></strong></span> <span class='ocrx_word' id='word_1_157' title='bbox 1114 2456 1198 2538; x_wconf 89' lang='lat' dir='ltr'><strong><em>quad</em></strong></span> <span class='ocrx_word' id='word_1_158' title='bbox 1230 2453 1412 2520; x_wconf 74' lang='lat' dir='ltr'><strong><em>ecclesiane</em></strong></span> 
     </span>
     <span class='ocr_line' id='line_1_22' title="bbox 302 2553 1420 2642; baseline -0.003 -26"><span class='ocrx_word' id='word_1_159' title='bbox 302 2561 333 2616; x_wconf 91' lang='lat' dir='ltr'><strong><em>et</em></strong></span> <span class='ocrx_word' id='word_1_160' title='bbox 362 2557 624 2620; x_wconf 86' lang='lat' dir='ltr'><strong><em>monasteriorum</em></strong></span> <span class='ocrx_word' id='word_1_161' title='bbox 648 2555 823 2620; x_wconf 90' lang='lat' dir='ltr'><strong><em>eorumdem</em></strong></span> <span class='ocrx_word' id='word_1_162' title='bbox 852 2577 929 2620; x_wconf 88' lang='lat' dir='ltr'><strong><em>eura</em></strong></span> <span class='ocrx_word' id='word_1_163' title='bbox 964 2553 1145 2642; x_wconf 84' lang='lat' dir='ltr'><strong><em>neqliqitur,</em></strong></span> <span class='ocrx_word' id='word_1_164' title='bbox 1185 2553 1269 2616; x_wconf 88' lang='lat' dir='ltr'><strong><em>bona</em></strong></span> <span class='ocrx_word' id='word_1_165' title='bbox 1301 2566 1330 2616; x_wconf 90' lang='lat' dir='ltr'><strong><em>et</em></strong></span> <span class='ocrx_word' id='word_1_166' title='bbox 1350 2559 1420 2642; x_wconf 63' lang='lat' dir='ltr'><strong><em>Just</em></strong></span> 
     </span>
     <span class='ocr_line' id='line_1_23' title="bbox 302 2651 1413 2743; baseline -0.002 -29"><span class='ocrx_word' id='word_1_167' title='bbox 302 2651 505 2738; x_wconf 84' lang='lat' dir='ltr'><strong><em>dissipantur</em></strong></span> <span class='ocrx_word' id='word_1_168' title='bbox 539 2655 696 2740; x_wconf 82' lang='lat' dir='ltr'><strong><em>ipsorum,</em></strong></span> <span class='ocrx_word' id='word_1_169' title='bbox 735 2677 772 2716; x_wconf 88' lang='lat' dir='ltr'><strong><em>ao</em></strong></span> <span class='ocrx_word' id='word_1_170' title='bbox 805 2653 952 2743; x_wconf 82' lang='lat' dir='ltr'><strong><em>subjectis</em></strong></span> <span class='ocrx_word' id='word_1_171' title='bbox 987 2653 1032 2714; x_wconf 89' lang='lat' dir='ltr'><strong><em>sis</em></strong></span> <span class='ocrx_word' id='word_1_172' title='bbox 1061 2651 1209 2737; x_wconf 82' lang='lat' dir='ltr'><strong><em>personis</em></strong></span> <span class='ocrx_word' id='word_1_173' title='bbox 1242 2662 1274 2716; x_wconf 83' lang='lat' dir='ltr'><strong><em>et</em></strong></span> <span class='ocrx_word' id='word_1_174' title='bbox 1302 2651 1413 2737; x_wconf 78' lang='lat' dir='ltr'><strong><em>populis</em></strong></span> 
     </span>
     <span class='ocr_line' id='line_1_24' title="bbox 303 2748 1413 2838; baseline -0.003 -26"><span class='ocrx_word' id='word_1_175' title='bbox 303 2749 518 2836; x_wconf 85' lang='lat' dir='ltr'><strong><em>spiritualiter</em></strong></span> <span class='ocrx_word' id='word_1_176' title='bbox 538 2748 712 2838; x_wconf 88' lang='lat' dir='ltr'><strong><em>plurimum</em></strong></span> <span class='ocrx_word' id='word_1_177' title='bbox 735 2762 764 2814; x_wconf 88' lang='lat' dir='ltr'><strong><em>et</em></strong></span> <span class='ocrx_word' id='word_1_178' title='bbox 788 2749 1006 2838; x_wconf 87' lang='lat' dir='ltr'><strong><em>temporaliter</em></strong></span> <span class='ocrx_word' id='word_1_179' title='bbox 1039 2749 1220 2835; x_wconf 82' lang='lat' dir='ltr'><strong><em>deroqatur,</em></strong></span> <span class='ocrx_word' id='word_1_180' title='bbox 1252 2752 1354 2835; x_wconf 85' lang='lat' dir='ltr'><strong><em>eisque</em></strong></span> <span class='ocrx_word' id='word_1_181' title='bbox 1379 2771 1413 2809; x_wconf 75' lang='lat' dir='ltr'><strong><em>re</em></strong></span> 
     </span>
     <span class='ocr_line' id='line_1_25' title="bbox 303 2847 1411 2935; baseline -0.004 -25"><span class='ocrx_word' id='word_1_182' title='bbox 303 2847 452 2913; x_wconf 80' lang='lat' dir='ltr'><strong><em>desudant</em></strong></span> <span class='ocrx_word' id='word_1_183' title='bbox 487 2850 531 2913; x_wconf 89' lang='lat' dir='ltr'><strong><em>ad</em></strong></span> <span class='ocrx_word' id='word_1_184' title='bbox 559 2871 678 2914; x_wconf 79' lang='lat' dir='ltr'><strong><em>nouam</em></strong></span> <span class='ocrx_word' id='word_1_185' title='bbox 708 2871 788 2935; x_wconf 86' lang='lat' dir='ltr'><strong><em>qnae</em></strong></span> <span class='ocrx_word' id='word_1_186' title='bbox 820 2848 1007 2913; x_wconf 76' lang='lat' dir='ltr'><strong><em>dicebantur</em></strong></span> <span class='ocrx_word' id='word_1_187' title='bbox 1038 2847 1145 2910; x_wconf 88' lang='lat' dir='ltr'><strong><em>cedere</em></strong></span> <span class='ocrx_word' id='word_1_188' title='bbox 1176 2847 1221 2910; x_wconf 89' lang='lat' dir='ltr'><strong><em>ad</em></strong></span> <span class='ocrx_word' id='word_1_189' title='bbox 1245 2847 1411 2934; x_wconf 71' lang='lat' dir='ltr'><strong><em>passerem.</em></strong></span> 
     </span>
     <span class='ocr_line' id='line_1_26' title="bbox 303 2943 1388 3033; baseline -0.002 -25"><span class='ocrx_word' id='word_1_190' title='bbox 303 2967 342 3008; x_wconf 88' lang='lat' dir='ltr'><strong><em>ac</em></strong></span> <span class='ocrx_word' id='word_1_191' title='bbox 371 2947 486 3010; x_wconf 90' lang='lat' dir='ltr'><strong><em>nedum</em></strong></span> <span class='ocrx_word' id='word_1_192' title='bbox 513 2949 604 3033; x_wconf 81' lang='lat' dir='ltr'><strong><em>ipsis,</em></strong></span> <span class='ocrx_word' id='word_1_193' title='bbox 638 2948 695 3012; x_wconf 91' lang='lat' dir='ltr'><strong><em>sed</em></strong></span> <span class='ocrx_word' id='word_1_194' title='bbox 725 2950 820 3012; x_wconf 87' lang='lat' dir='ltr'><strong><em>etiam</em></strong></span> <span class='ocrx_word' id='word_1_195' title='bbox 854 2949 1018 3012; x_wconf 81' lang='lat' dir='ltr'><strong><em>Romanae</em></strong></span> <span class='ocrx_word' id='word_1_196' title='bbox 1048 2947 1146 3009; x_wconf 86' lang='lat' dir='ltr'><strong><em>matri</em></strong></span> <span class='ocrx_word' id='word_1_197' title='bbox 1175 2943 1325 3010; x_wconf 85' lang='lat' dir='ltr'><strong><em>ecelesiae</em></strong></span> <span class='ocrx_word' id='word_1_198' title='bbox 1355 2995 1388 3008; x_wconf 89' lang='lat'><strong><em>..</em></strong></span> 
     </span>
     <span class='ocr_line' id='line_1_27' title="bbox 302 3041 1419 3132; baseline -0.005 -24"><span class='ocrx_word' id='word_1_199' title='bbox 302 3047 455 3130; x_wconf 75' lang='lat' dir='ltr'><strong><em>praviora</em></strong></span> <span class='ocrx_word' id='word_1_200' title='bbox 478 3046 552 3109; x_wconf 88' lang='lat' dir='ltr'><strong><em>inde</em></strong></span> <span class='ocrx_word' id='word_1_201' title='bbox 567 3045 688 3131; x_wconf 84' lang='lat' dir='ltr'><strong><em>futuro</em></strong></span> <span class='ocrx_word' id='word_1_202' title='bbox 713 3049 862 3110; x_wconf 86' lang='lat' dir='ltr'><strong><em>timentur</em></strong></span> <span class='ocrx_word' id='word_1_203' title='bbox 878 3045 1038 3132; x_wconf 71' lang='lat' dir='ltr'><strong><em>periendo.</em></strong></span> <span class='ocrx_word' id='word_1_204' title='bbox 1087 3043 1241 3108; x_wconf 85' lang='lat' dir='ltr'><strong><em>Nolentes</em></strong></span> <span class='ocrx_word' id='word_1_205' title='bbox 1263 3045 1361 3128; x_wconf 86' lang='lat' dir='ltr'><strong><em>iqitur</em></strong></span> <span class='ocrx_word' id='word_1_206' title='bbox 1378 3041 1419 3112; x_wconf 67' lang='lat' dir='ltr'><strong><em>ml</em></strong></span> 
     </span>
     <span class='ocr_line' id='line_1_28' title="bbox 304 3141 1411 3230; baseline -0.002 -27"><span class='ocrx_word' id='word_1_207' title='bbox 304 3153 351 3205; x_wconf 85' lang='lat' dir='ltr'><strong><em>tot</em></strong></span> <span class='ocrx_word' id='word_1_208' title='bbox 373 3154 403 3205; x_wconf 88' lang='lat' dir='ltr'><strong><em>et</em></strong></span> <span class='ocrx_word' id='word_1_209' title='bbox 427 3146 527 3208; x_wconf 86' lang='lat' dir='ltr'><strong><em>tantis</em></strong></span> <span class='ocrx_word' id='word_1_210' title='bbox 550 3143 729 3230; x_wconf 86' lang='lat' dir='ltr'><strong><em>dispendiis</em></strong></span> <span class='ocrx_word' id='word_1_211' title='bbox 753 3144 886 3210; x_wconf 83' lang='lat' dir='ltr'><strong><em>ulterius</em></strong></span> <span class='ocrx_word' id='word_1_212' title='bbox 916 3165 1045 3207; x_wconf 86' lang='lat' dir='ltr'><strong><em>causam</em></strong></span> <span class='ocrx_word' id='word_1_213' title='bbox 1073 3141 1264 3228; x_wconf 79' lang='lat' dir='ltr'><strong><em>relinquere,</em></strong></span> <span class='ocrx_word' id='word_1_214' title='bbox 1295 3143 1350 3204; x_wconf 83' lang='lat' dir='ltr'><strong><em>sed</em></strong></span> <span class='ocrx_word' id='word_1_215' title='bbox 1377 3163 1411 3200; x_wconf 70' lang='lat' dir='ltr'><strong><em>ro·</em></strong></span> 
     </span>
     <span class='ocr_line' id='line_1_29' title="bbox 304 3239 1411 3330; baseline -0.005 -26"><span class='ocrx_word' id='word_1_216' title='bbox 304 3239 404 3304; x_wconf 88' lang='lat' dir='ltr'><strong><em>lentes</em></strong></span> <span class='ocrx_word' id='word_1_217' title='bbox 422 3243 532 3328; x_wconf 83' lang='lat' dir='ltr'><strong><em>potius</em></strong></span> <span class='ocrx_word' id='word_1_218' title='bbox 557 3253 768 3330; x_wconf 85' lang='lat' dir='ltr'><strong><em>opportunum</em></strong></span> <span class='ocrx_word' id='word_1_219' title='bbox 791 3253 821 3306; x_wconf 89' lang='lat' dir='ltr'><strong><em>et</em></strong></span> <span class='ocrx_word' id='word_1_220' title='bbox 844 3241 983 3306; x_wconf 91' lang='lat' dir='ltr'><strong><em>debitum</em></strong></span> <span class='ocrx_word' id='word_1_221' title='bbox 1005 3242 1041 3304; x_wconf 88' lang='lat' dir='ltr'><strong><em>in</em></strong></span> <span class='ocrx_word' id='word_1_222' title='bbox 1063 3241 1120 3304; x_wconf 86' lang='lat' dir='ltr'><strong><em>baa</em></strong></span> <span class='ocrx_word' id='word_1_223' title='bbox 1140 3249 1237 3326; x_wconf 87' lang='lat' dir='ltr'><strong><em>parte</em></strong></span> <span class='ocrx_word' id='word_1_224' title='bbox 1259 3240 1411 3304; x_wconf 74' lang='lat' dir='ltr'><strong><em>remedium</em></strong></span> 
     </span>
     <span class='ocr_line' id='line_1_30' title="bbox 305 3338 1410 3427; baseline -0.005 -25"><span class='ocrx_word' id='word_1_225' title='bbox 305 3338 463 3417; x_wconf 86' lang='lat' dir='ltr'><strong><em>adbibere,</em></strong></span> <span class='ocrx_word' id='word_1_226' title='bbox 497 3363 602 3404; x_wconf 88' lang='lat' dir='ltr'><strong><em>omnes</em></strong></span> <span class='ocrx_word' id='word_1_227' title='bbox 627 3353 657 3404; x_wconf 86' lang='lat' dir='ltr'><strong><em>et</em></strong></span> <span class='ocrx_word' id='word_1_228' title='bbox 678 3340 824 3425; x_wconf 89' lang='lat' dir='ltr'><strong><em>sinqalas</em></strong></span> <span class='ocrx_word' id='word_1_229' title='bbox 841 3340 1070 3426; x_wconf 85' lang='lat' dir='ltr'><strong><em>promissiones</em></strong></span> <span class='ocrx_word' id='word_1_230' title='bbox 1092 3339 1271 3427; x_wconf 75' lang='lat' dir='ltr'><strong><em>hujusmodi</em></strong></span> <span class='ocrx_word' id='word_1_231' title='bbox 1290 3361 1349 3424; x_wconf 78' lang='lat' dir='ltr'><strong><em>prr</em></strong></span> <span class='ocrx_word' id='word_1_232' title='bbox 1369 3362 1410 3398; x_wconf 69' lang='lat' dir='ltr'><strong><em>nos</em></strong></span> 
     </span>
     <span class='ocr_line' id='line_1_31' title="bbox 304 3435 1418 3526; baseline -0.005 -26"><span class='ocrx_word' id='word_1_233' title='bbox 304 3437 356 3520; x_wconf 87' lang='lat' dir='ltr'><strong><em>(ut</em></strong></span> <span class='ocrx_word' id='word_1_234' title='bbox 373 3439 612 3524; x_wconf 86' lang='lat' dir='ltr'><strong><em>praemittitur)</em></strong></span> <span class='ocrx_word' id='word_1_235' title='bbox 635 3437 764 3524; x_wconf 86' lang='lat' dir='ltr'><strong><em>factos,</em></strong></span> <span class='ocrx_word' id='word_1_236' title='bbox 795 3437 1034 3524; x_wconf 88' lang='lat' dir='ltr'><strong><em>quibuscumque</em></strong></span> <span class='ocrx_word' id='word_1_237' title='bbox 1058 3441 1271 3526; x_wconf 86' lang='lat' dir='ltr'><strong><em>cujuscumque</em></strong></span> <span class='ocrx_word' id='word_1_238' title='bbox 1295 3435 1418 3498; x_wconf 59' lang='lat' dir='ltr'><strong><em>ordinis:</em></strong></span> 
     </span>
     <span class='ocr_line' id='line_1_32' title="bbox 304 3531 1412 3618; baseline 0.001 -22"><span class='ocrx_word' id='word_1_239' title='bbox 304 3534 474 3618; x_wconf 85' lang='lat' dir='ltr'><strong><em>diqaitatis</em></strong></span> <span class='ocrx_word' id='word_1_240' title='bbox 497 3545 554 3599; x_wconf 88' lang='lat' dir='ltr'><strong><em>aut</em></strong></span> <span class='ocrx_word' id='word_1_241' title='bbox 577 3546 688 3614; x_wconf 70' lang='lat' dir='ltr'><strong><em>status,</em></strong></span> <span class='ocrx_word' id='word_1_242' title='bbox 713 3537 768 3601; x_wconf 90' lang='lat' dir='ltr'><strong><em>sed</em></strong></span> <span class='ocrx_word' id='word_1_243' title='bbox 791 3537 886 3599; x_wconf 89' lang='lat' dir='ltr'><strong><em>etiam</em></strong></span> <span class='ocrx_word' id='word_1_244' title='bbox 910 3533 1047 3598; x_wconf 83' lang='lat' dir='ltr'><strong><em>Sanctae</em></strong></span> <span class='ocrx_word' id='word_1_245' title='bbox 1073 3537 1161 3598; x_wconf 77' lang='lat' dir='ltr'><strong><em>Rosa.</em></strong></span> <span class='ocrx_word' id='word_1_246' title='bbox 1178 3531 1338 3597; x_wconf 60' lang='lat' dir='ltr'><strong><em>helesiae</em></strong></span> <span class='ocrx_word' id='word_1_247' title='bbox 1352 3532 1412 3597; x_wconf 72' lang='lat' dir='ltr'><strong><em>Car</em></strong></span> 
     </span>
     <span class='ocr_line' id='line_1_33' title="bbox 304 3631 1411 3720; baseline -0.004 -24"><span class='ocrx_word' id='word_1_248' title='bbox 304 3631 479 3714; x_wconf 89' lang='lat' dir='ltr'><strong><em>diualibus,</em></strong></span> <span class='ocrx_word' id='word_1_249' title='bbox 519 3655 707 3720; x_wconf 85' lang='lat' dir='ltr'><strong><em>quocumque</em></strong></span> <span class='ocrx_word' id='word_1_250' title='bbox 730 3633 821 3698; x_wconf 91' lang='lat' dir='ltr'><strong><em>modo</em></strong></span> <span class='ocrx_word' id='word_1_251' title='bbox 851 3633 902 3696; x_wconf 85' lang='lat' dir='ltr'><strong><em>ael</em></strong></span> <span class='ocrx_word' id='word_1_252' title='bbox 933 3642 1069 3719; x_wconf 85' lang='lat' dir='ltr'><strong><em>tempore</em></strong></span> <span class='ocrx_word' id='word_1_253' title='bbox 1098 3631 1213 3718; x_wconf 87' lang='lat' dir='ltr'><strong><em>saetae</em></strong></span> <span class='ocrx_word' id='word_1_254' title='bbox 1246 3641 1411 3696; x_wconf 79' lang='lat' dir='ltr'><strong><em>noscantur.</em></strong></span> 
     </span>
     <span class='ocr_line' id='line_1_34' title="bbox 305 3729 1412 3818; baseline -0.003 -26"><span class='ocrx_word' id='word_1_255' title='bbox 305 3731 495 3794; x_wconf 84' lang='lat' dir='ltr'><strong><em>auctoritate</em></strong></span> <span class='ocrx_word' id='word_1_256' title='bbox 520 3729 707 3818; x_wconf 70' lang='lat' dir='ltr'><strong><em>Apostolica</em></strong></span> <span class='ocrx_word' id='word_1_257' title='bbox 730 3755 770 3796; x_wconf 79' lang='lat' dir='ltr'><strong><em>ea</em></strong></span> <span class='ocrx_word' id='word_1_258' title='bbox 791 3753 876 3796; x_wconf 86' lang='lat' dir='ltr'><strong><em>mune</em></strong></span> <span class='ocrx_word' id='word_1_259' title='bbox 906 3753 945 3794; x_wconf 80' lang='lat' dir='ltr'><strong><em>ea</em></strong></span> <span class='ocrx_word' id='word_1_260' title='bbox 968 3740 1054 3794; x_wconf 89' lang='lat' dir='ltr'><strong><em>certa</em></strong></span> <span class='ocrx_word' id='word_1_261' title='bbox 1083 3731 1217 3795; x_wconf 82' lang='lat' dir='ltr'><strong><em>seientia</em></strong></span> <span class='ocrx_word' id='word_1_262' title='bbox 1237 3751 1412 3794; x_wconf 69' lang='lat' dir='ltr'><strong><em>revocarem</em></strong></span> 
     </span>
     <span class='ocr_line' id='line_1_35' title="bbox 305 3827 1411 3908; baseline 0 -18"><span class='ocrx_word' id='word_1_263' title='bbox 305 3849 466 3892; x_wconf 86' lang='lat' dir='ltr'><strong><em>cassamus</em></strong></span> <span class='ocrx_word' id='word_1_264' title='bbox 489 3839 519 3892; x_wconf 88' lang='lat' dir='ltr'><strong><em>ct</em></strong></span> <span class='ocrx_word' id='word_1_265' title='bbox 542 3827 757 3908; x_wconf 85' lang='lat' dir='ltr'><strong><em>annullamus,</em></strong></span> <span class='ocrx_word' id='word_1_266' title='bbox 782 3840 812 3893; x_wconf 87' lang='lat' dir='ltr'><strong><em>et</em></strong></span> <span class='ocrx_word' id='word_1_267' title='bbox 835 3829 1029 3893; x_wconf 86' lang='lat' dir='ltr'><strong><em>decernimus</em></strong></span> <span class='ocrx_word' id='word_1_268' title='bbox 1046 3827 1222 3892; x_wconf 88' lang='lat' dir='ltr'><strong><em>decaetero</em></strong></span> <span class='ocrx_word' id='word_1_269' title='bbox 1237 3849 1300 3892; x_wconf 90' lang='lat' dir='ltr'><strong><em>non</em></strong></span> <span class='ocrx_word' id='word_1_270' title='bbox 1316 3827 1411 3890; x_wconf 70' lang='lat' dir='ltr'><strong><em>baben</em></strong></span> 
     </span>
     <span class='ocr_line' id='line_1_36' title="bbox 305 3921 1417 4012; baseline -0.009 -20"><span class='ocrx_word' id='word_1_271' title='bbox 305 3924 446 4010; x_wconf 86' lang='lat' dir='ltr'><strong><em>aliquam</em></strong></span> <span class='ocrx_word' id='word_1_272' title='bbox 476 3926 600 3991; x_wconf 88' lang='lat' dir='ltr'><strong><em>roboris</em></strong></span> <span class='ocrx_word' id='word_1_273' title='bbox 632 3927 855 4012; x_wconf 78' lang='lat' dir='ltr'><strong><em>finnitatem.¹)</em></strong></span> <span class='ocrx_word' id='word_1_274' title='bbox 895 3965 938 3975; x_wconf 91' lang='lat'><em>-</em></span> <span class='ocrx_word' id='word_1_275' title='bbox 976 3925 1113 3992; x_wconf 83' lang='lat' dir='ltr'><strong><em>Errores</em></strong></span> <span class='ocrx_word' id='word_1_276' title='bbox 1149 3937 1216 3991; x_wconf 82' lang='lat' dir='ltr'><strong><em>tam</em></strong></span> <span class='ocrx_word' id='word_1_277' title='bbox 1254 3921 1417 4011; x_wconf 76' lang='lat' dir='ltr'><strong><em>splendide</em></strong></span> 
     </span>
     <span class='ocr_line' id='line_1_37' title="bbox 305 4023 1417 4108; baseline -0.004 -21"><span class='ocrx_word' id='word_1_278' title='bbox 305 4023 472 4088; x_wconf 84' lang='lat' dir='ltr'><strong><em>emendati</em></strong></span> <span class='ocrx_word' id='word_1_279' title='bbox 497 4023 589 4090; x_wconf 84' lang='lat' dir='ltr'><strong><em>laudi</em></strong></span> <span class='ocrx_word' id='word_1_280' title='bbox 614 4027 715 4090; x_wconf 86' lang='lat' dir='ltr'><strong><em>etiam</em></strong></span> <span class='ocrx_word' id='word_1_281' title='bbox 740 4035 875 4090; x_wconf 85' lang='lat' dir='ltr'><strong><em>vertunt</em></strong></span> <span class='ocrx_word' id='word_1_282' title='bbox 898 4035 931 4090; x_wconf 87' lang='lat' dir='ltr'><strong><em>et</em></strong></span> <span class='ocrx_word' id='word_1_283' title='bbox 953 4023 1087 4108; x_wconf 79' lang='lat' dir='ltr'><strong><em>gloriae.</em></strong></span> <span class='ocrx_word' id='word_1_284' title='bbox 1129 4025 1181 4089; x_wconf 80' lang='lat' dir='ltr'><strong><em>An</em></strong></span> <span class='ocrx_word' id='word_1_285' title='bbox 1207 4044 1281 4088; x_wconf 78' lang='lat' dir='ltr'><strong><em>vcro</em></strong></span> <span class='ocrx_word' id='word_1_286' title='bbox 1307 4023 1417 4105; x_wconf 60' lang='lat' dir='ltr'><strong><em>inipa</em></strong></span> 
     </span>
    </p>
   </div>
   <div class='ocr_carea' id='block_1_3' title="bbox 415 4163 465 4170">
    <p class='ocr_par' dir='ltr' id='par_1_3' title="bbox 415 4163 465 4170">
     <span class='ocr_line' id='line_1_38' title="bbox 415 4163 465 4170; baseline 0 0"><span class='ocrx_word' id='word_1_287' title='bbox 415 4163 465 4170; x_wconf 78' lang='lat'><strong><em>—-—</em></strong></span> 
     </span>
    </p>
   </div>
   <div class='ocr_carea' id='block_1_4' title="bbox 382 4201 1367 4298">
    <p class='ocr_par' dir='ltr' id='par_1_4' title="bbox 382 4201 1367 4298">
     <span class='ocr_line' id='line_1_39' title="bbox 382 4201 1367 4298; baseline -0.01 -10"><span class='ocrx_word' id='word_1_288' title='bbox 382 4231 401 4288; x_wconf 63' lang='lat'><strong><em>¹)</em></strong></span> <span class='ocrx_word' id='word_1_289' title='bbox 421 4229 536 4284; x_wconf 78' lang='lat' dir='ltr'><strong><em>Extrev.</em></strong></span> <span class='ocrx_word' id='word_1_290' title='bbox 556 4245 648 4286; x_wconf 74' lang='lat' dir='ltr'><strong><em>mmm.</em></strong></span> <span class='ocrx_word' id='word_1_291' title='bbox 668 4229 699 4284; x_wconf 79' lang='lat' dir='ltr'><strong><em>a.</em></strong></span> <span class='ocrx_word' id='word_1_292' title='bbox 721 4231 771 4286; x_wconf 89' lang='lat'>111.</span> <span class='ocrx_word' id='word_1_293' title='bbox 791 4229 822 4285; x_wconf 76' lang='lat' dir='ltr'><strong><em>a.</em></strong></span> <span class='ocrx_word' id='word_1_294' title='bbox 842 4229 878 4286; x_wconf 90' lang='lat'><strong><em>11.</em></strong></span> <span class='ocrx_word' id='word_1_295' title='bbox 898 4201 931 4284; x_wconf 76' lang='lat' dir='ltr'><strong><em>ee</em></strong></span> <span class='ocrx_word' id='word_1_296' title='bbox 950 4229 1111 4297; x_wconf 61' lang='lat' dir='ltr'><strong><em>„nonnas</em></strong></span> <span class='ocrx_word' id='word_1_297' title='bbox 1130 4234 1160 4284; x_wconf 79' lang='lat' dir='ltr'><strong><em>e</em></strong></span> <span class='ocrx_word' id='word_1_298' title='bbox 1176 4225 1271 4298; x_wconf 69' lang='lat' dir='ltr'><strong><em>agat.</em></strong></span> <span class='ocrx_word' id='word_1_299' title='bbox 1292 4241 1315 4280; x_wconf 79' lang='lat' dir='ltr'><strong><em>e.</em></strong></span> <span class='ocrx_word' id='word_1_300' title='bbox 1334 4225 1367 4278; x_wconf 84' lang='lat'><strong><em>11.</em></strong></span> 
     </span>
    </p>
   </div>
   <div class='ocr_carea' id='block_1_5' title="bbox 0 0 1443 4844">
    <p class='ocr_par' dir='ltr' id='par_1_5' title="bbox 0 0 1443 4844">
     <span class='ocr_line' id='line_1_40' title="bbox 0 0 1443 4844; baseline 0 0"><span class='ocrx_word' id='word_1_301' title='bbox 0 0 1443 4844; x_wconf 95' lang='lat' dir='ltr'><strong><em> </em></strong></span> 
     </span>
    </p>
   </div>
  </div>
 </body>
</html>
