2868 4844
440 508 480 560 De
500 506 619 560 Concilio
639 505 746 559 Pisano.
1098 502 1152 556 285

44 653 261 730 Bellsrminus,
286 651 336 716 De
365 649 515 715 Concilio
539 649 574 714 l.
600 649 625 714 I.
651 673 676 713 c.
708 649 795 732 VIII,
820 649 883 711 ait:
917 645 1073 711 Generole
1096 671 1152 710 nec

43 750 249 838 approbatum,
274 771 329 814 nec
344 747 547 834 reprobatum
569 747 695 812 uidetur
718 767 783 810 csse
802 743 976 810 Concilium
990 743 1150 808 Pisanum.
1254 763 1256 774 ¹

44 849 235 934 Frequenter
258 849 369 933 itaque
393 845 461 910 dici
485 844 567 910 solet
590 845 718 909 dubium
733 843 967 924 oecumenicum,
992 865 1094 930 quum
1110 841 1152 908 de

42 946 101 1028 ejus
126 945 237 1010 valore
261 945 474 1030 disceptetur,
507 944 555 1006 uti
579 943 725 1007 advertit
742 941 933 1005 Muznnrelli
958 941 1007 1004 De
1031 951 1150 1006 auctor.

44 1045 103 1107 RB.
121 1043 182 1108 PP.
207 1053 285 1106 tom.
311 1041 355 1107 II.
387 1063 414 1108 c.
443 1041 501 1104 ll:
534 1041 685 1106 Pisanum
716 1039 882 1103 concilium
904 1040 1048 1130 rejicitur
1069 1039 1153 1103 inter·

41 1141 126 1204 dubia
148 1140 287 1205 concilia
310 1139 516 1215 oecumenica,
541 1148 657 1224 etpost
665 1137 827 1225 plurimus
850 1139 1048 1222 quaestiones
1069 1137 1153 1202 inter

42 1239 171 1302 doctores
202 1237 241 1302 de
274 1241 342 1325 epus
372 1235 512 1322 lepitimo
544 1237 766 1299 convocatione
799 1245 829 1298 et
860 1235 948 1300 coitu
972 1235 1073 1299 adlsuc
1097 1235 1152 1299 sub

35 1335 130 1422 judice
155 1335 197 1400 lis
221 1345 275 1400 est.
290 1372 332 1380 -
350 1331 526 1419 Objective
551 1345 659 1397 tumen
685 1343 718 1396 et
741 1334 776 1396 in
800 1354 834 1396 se
859 1331 938 1396 illud
965 1331 1150 1398 Concilium

40 1443 87 1495 ont
109 1433 360 1498 oecumenicum
385 1431 457 1512 fuit,
488 1440 546 1494 eut
576 1452 641 1494 non
675 1429 746 1510 fuit,
783 1429 932 1514 adeoque
957 1432 1072 1494 meritc
1097 1430 1152 1494 hic

41 1542 173 1596 nostram
198 1530 396 1596 sententium
421 1530 537 1614 paucis
560 1528 715 1592 evolvere
739 1550 922 1613 possumus.

117 1664 169 1728 49.
220 1662 403 1728 Censemus
425 1663 536 1746 igitur,
570 1659 755 1726 Concilium
782 1661 937 1726 Pisanum
963 1659 1152 1726 nullatenus
1176 1675 1308 1716 Αιιῦοιιοί-

39 1761 129 1825 fcisse
142 1760 331 1826 Concilium
355 1761 618 1824 oecumenicum.
659 1759 703 1822 Et
727 1781 762 1821 re
786 1758 921 1844 quidem
938 1779 1016 1822 vera
1033 1759 1069 1822 1⁰
1085 1779 1150 1824 non
1174 1741 1314 1842 leiim

39 1857 94 1921 suit
120 1859 373 1922 oecumenicum
407 1859 637 1922 convocatione.
685 1857 817 1920 Etenim
851 1877 917 1920 non
947 1879 967 1920 n
991 1855 1152 1920 Pontificc

40 1955 188 2030 Romano,
226 1956 284 2020 sed
318 1980 337 2018 u
367 1954 602 2020 Osrdinelibus
638 1954 703 2018 fuit
736 1963 974 2028 convocatum
1015 1963 1153 2038 uterque

39 2064 139 2117 antem
157 2053 429 2119 contendentium
448 2053 489 2116 de
506 2064 640 2139 papatu,
669 2055 755 2118 inter
771 2074 853 2138 quos
869 2064 957 2116 certe
972 2073 1059 2116 unus
1083 2063 1153 2116 erat

38 2149 196 2236 legitimus
218 2152 384 2232 Pontifex,
417 2153 488 2236 ejus
513 2153 744 2216 convocationi
768 2152 897 2215 restitit.
933 2187 961 2196 -
1012 2149 1050 2212 2⁰
1077 2149 1152 2214 Non

38 2249 95 2312 fnit
122 2252 374 2315 oecumenicum
407 2248 625 2314 celebratione.
678 2249 812 2314 Etenim
843 2271 904 2314 nee
936 2270 994 2334 per
1027 2271 1061 2312 se
1090 2270 1152 2313 nec

38 2367 90 2429 per
112 2347 236 2432 legatus
259 2348 368 2412 adfuit
396 2347 564 2431 legitimus
590 2347 755 2426 Pontifex,
789 2347 940 2432 quisquis
970 2345 1023 2410 ille
1055 2347 1153 2410 inerit

37 2465 74 2506 ex
84 2443 229 2526 duobus3
254 2444 348 2509 multi
367 2446 513 2530 episcopi
530 2443 646 2510 edesse
658 2454 849 2525 renuerunt,
864 2465 903 2510 ec
915 2443 1074 2528 Gregorio
1084 2443 1152 2508 ΧΠ

39 2562 151 2624 magne
175 2565 252 2628 pars
276 2542 403 2623 Italiae,
427 2553 460 2608 et
484 2542 595 2628 plures
617 2544 786 2628 principes
810 2541 1010 2608 Germaniae
1033 2541 1152 2606 adhue·

36 2638 160 2721 nebent3
190 2640 370 2706 Benedicto
406 2662 482 2705 vero
514 2639 689 2725 Hispania.
736 2639 792 2704 Sic
825 2642 981 2705 universe
1003 2639 1154 2704 Ecclesia

36 2737 65 2799 in
90 2737 142 2802 illc
156 2737 306 2803 Concilio
332 2759 399 2802 non
414 2749 485 2802 erut
500 2738 678 2802 sufficienti
696 2740 824 2802 ratione
838 2749 1093 2822 repraesentate.
1109 2776 1152 2786 —

35 2835 69 2895 3⁰
91 2835 159 2898 Nec
183 2836 247 2900 fuit
277 2838 528 2900 oecumenicum
559 2835 766 2900 conclusione.
814 2836 946 2900 Etenim
977 2851 1051 2900 ectu
1082 2837 1152 2922 ejus

35 2929 118 2995 hund
149 2933 284 2997 fuerunt
307 2933 501 2998 confirmata
533 2956 593 3019 per
616 2934 811 2998 Pontificem
845 2946 933 2998 certe
956 2933 1151 3018 legitimum,

35 3042 64 3091 ct
86 3029 218 3096 decreta
241 3053 282 3095 ec
304 3032 391 3096 fecto
406 3055 426 3096 a
443 3032 583 3097 dimidia
597 3033 664 3098 fere
680 3043 771 3117 parte
786 3033 997 3118 episcopatus
1011 3031 1150 3118 dispersi

35 3129 205 3212 repudiata
229 3133 348 3210 sunt.¹)

116 3259 170 3326 50.
219 3261 295 3325 Alie
320 3283 398 3326 vero
423 3265 571 3347 quaestio
596 3285 635 3326 ea
659 3273 717 3341 est,
753 3273 863 3327 utrum
889 3261 1076 3328 Concilium
1101 3263 1152 3326 Pi-

35 3381 147 3424 sanum
172 3360 287 3424 saltem
312 3361 413 3424 fuerit
435 3371 602 3426 concentus
626 3361 790 3447 lepitimus.
822 3361 867 3426 Ut
887 3360 1031 3426 adhunc
1055 3383 1152 3446 quae-

33 3457 168 3522 stionem
193 3457 432 3543 respondeatur
454 3459 789 3524 animadvertendum
814 3471 873 3542 est,
898 3462 925 3524 si
940 3481 1057 3524 revere
1075 3457 1152 3523 Cer·

35 3551 157 3620 ‹linsles
188 3555 439 3638 existimabunt,
473 3567 648 3642 utrumque
681 3579 721 3620 cx
754 3557 1025 3643 competitoribus
1055 3555 1151 3639 nolle,

35 3654 79 3714 uti
101 3663 212 3718 temen
232 3655 423 3740 juramento
448 3656 652 3737 promiserat,
686 3655 796 3718 medin
827 3667 905 3740 apte
928 3655 971 3720 ed
996 3657 1151 3718 unionem

34 3747 198 3831 adhibere,
224 3754 304 3838 ipsis
328 3751 417 3817 haud
435 3751 541 3815 videri
560 3753 617 3838 jus
643 3753 799 3836 denegari
824 3773 919 3839 posse
943 3753 1151 3817 convocandi

34 3849 201 3935 episcopos
234 3850 276 3915 ed
310 3861 526 3928 conventum,
566 3861 603 3914 ut
638 3851 679 3915 de
714 3853 934 3916 exstinctione
966 3849 1152 3915 schismatis

35 3944 261 4013 deliberarent.
309 3947 422 4028 Quum
456 3969 532 4013 vero
565 3949 611 4013 ite
641 3951 809 4013 censuisse
838 3949 1015 4014 videantur
1039 3947 1152 4012 Cerdi-

35 4041 129 4124 nonies,
169 4066 230 4130 per
264 4067 297 4108 se
331 4049 526 4110 convocatio
561 4059 755 4124 conventus,
795 4051 906 4132 (quem
942 4055 1052 4110 temen
1085 4067 1151 4109 non

105 4284 127 4346 ¹)
147 4283 216 4338 l'ide
235 4283 338 4348 Helen,
359 4286 387 4339 C.
408 4283 449 4346 G.‚
469 4283 498 4336 B.
520 4286 534 4338 Ι
561 4285 731 4352 Einleitung‚
751 4281 817 4338 zani
837 4285 884 4338 der
904 4283 1049 4340 Concilien.
