2840 4840
297 473 331 528 62
571 473 658 530 XXX.
679 473 717 528 De
736 471 902 527 Pontificatu
920 471 1054 526 Bonifatii
1073 471 1152 528 VIII.

297 626 371 695 ctot,
396 627 425 679 et
443 617 539 703 prior
563 619 605 681 sit
628 627 773 704 tempore,
800 626 829 679 et
844 620 948 707 major
961 616 1126 702 dionitcte,
1150 618 1185 680 in
1208 616 1262 680 illo
1283 619 1392 702 suique

298 717 411 778 ueteris
433 717 635 779 instrumenti
651 714 776 802 populo
800 714 968 800 manifesto
988 713 1183 795 declaratur,
1207 716 1259 782 ubi
1274 717 1390 802 pdmum

298 835 319 876 u
342 814 411 876 Deo
436 814 645 878 sacerdotium
668 814 847 878 institutum
870 824 925 892 est,
952 823 1069 898 posteo
1100 833 1173 876 sero
1191 837 1252 901 per
1273 811 1393 876 sucerdo-

298 913 375 976 tium
390 912 521 1001 jubente
549 912 618 976 Deo
650 912 769 997 repclis
791 922 936 998 potestas
966 922 1013 976 est
1042 911 1206 978 ordinata.
1265 911 1341 976 Unde
1367 911 1392 970 iu

298 1009 441 1074 Ecclesia
464 1010 566 1074 adbuc
589 1009 797 1074 sacerdotalis
820 1009 962 1094 dipnitas
979 1019 1167 1096 potestatem
1191 1009 1319 1097 repetem
1339 1029 1395 1070 ecn-

297 1121 408 1191 secrat,
434 1121 463 1173 et
487 1110 688 1192 scenctificcns
708 1133 770 1195 per
793 1107 1046 1187 benedictionem,
1072 1118 1102 1172 et
1116 1109 1268 1196 somnone
1285 1129 1339 1194 per
1358 1107 1396 1166 in·

297 1210 498 1275 stitutionem.
548 1205 585 1272 Si
607 1229 688 1294 erpo,
714 1217 749 1270 ut
763 1207 842 1270 dicit
857 1206 1038 1292 Apostolus,
1063 1209 1119 1292 qui
1140 1206 1293 1271 benedicit
1312 1207 1398 1292 major

296 1317 351 1386 est,
376 1317 406 1369 et
429 1308 531 1370 minor
554 1309 609 1393 qui
631 1305 826 1370 benedicitur
849 1305 963 1390 (Hebr.
991 1305 1061 1384 Vll,
1088 1307 1134 1392 7),
1158 1315 1280 1371 constat
1301 1303 1397 1387 absque

296 1408 381 1470 omui
411 1405 617 1483 dubitatione,
651 1405 735 1491 quod
765 1415 890 1468 terreno
915 1415 1071 1490 potestus,
1105 1428 1186 1491 quoe
1210 1428 1231 1468 a
1254 1399 1399 1489 spirituli

296 1504 540 1568 benedictionem
570 1504 697 1588 accipit,
724 1506 798 1590 jure
831 1501 968 1588 inferior
996 1505 1202 1568 escistinsetur.
1211 1505 1235 1582 ¹)
1287 1497 1400 1566 Similis

295 1599 394 1688 plane
427 1601 527 1666 habet
552 1599 744 1665 Alexander
766 1599 932 1678 Halensis,
966 1602 1023 1687 qui
1057 1601 1124 1664 iere
1160 1602 1233 1686 ipsa
1265 1597 1401 1682 Hugonis

296 1698 400 1763 verba
423 1699 561 1778 affert.¹)
608 1697 772 1782 Aegidius
791 1697 960 1763 Romanus
984 1709 1105 1780 autem,
1130 1721 1173 1763 ex
1197 1720 1262 1784 quo
1285 1707 1401 1760 contex-

295 1809 348 1862 tus
364 1796 618 1862 constitutionis
635 1795 828 1861 immediate
845 1797 1039 1882 desumptus
1056 1806 1218 1878 censetur,
1242 1799 1286 1860 its
1300 1793 1402 1858 habet:

299 1894 392 1969 Quod
415 1893 597 1982 spiritualis
627 1905 770 1977 potestas
793 1895 957 1958 instituere
980 1894 1072 1958 babet
1096 1906 1253 1959 temonem
1278 1904 1403 1980 potestn-

295 2003 365 2071 tem,
389 2004 419 2056 et
442 1994 472 2056 si
494 2002 620 2056 terreno
637 2001 784 2078 potestus
807 1991 889 2055 bonu
905 2013 969 2056 uon
984 1991 1103 2078 siser-it,
1127 1989 1309 2080 spiritualis
1327 2001 1404 2077 petr·

294 2101 360 2156 stas
385 2114 453 2154 cuns
472 2091 592 2177 poterit
606 2089 799 2177 judicare.³)
832 2089 988 2154 Advertit
1012 2089 1148 2176 quidem
1173 2091 1248 2156 Em.
1272 2089 1405 2172 Hergen·

293 2187 405 2254 rbther
435 2189 521 2252 inter
544 2187 610 2251 alia
643 2185 783 2269 (Kirohe
808 2210 838 2252 u.
865 2187 959 2252 Steat
982 2187 1033 2254 ed.
1061 2191 1089 2254 1.
1115 2209 1147 2274 p.
1172 2189 1249 2254 302.
1273 2197 1347 2252 nota
1369 2185 1405 2248 tr.

294 2308 397 2375 quum
428 2284 491 2351 hoc
520 2284 592 2349 loco
626 2294 736 2350 textus
769 2283 884 2350 Bullae
923 2285 1048 2350 directe
1083 2295 1116 2349 et
1149 2285 1340 2351 immediate
1371 2303 1406 2344 ex

293 2384 436 2470 Aegidio
460 2383 609 2448 Romano
634 2383 809 2469 decerptus
833 2385 884 2466 sit,
917 2403 1049 2448 sensum
1075 2382 1252 2448 verborum
1281 2401 1344 2447 non
1369 2379 1412 2451 di,

293 2484 367 2548 rimi
399 2505 442 2547 ex
470 2492 628 2546 contextu
660 2481 813 2566 Hugonis
841 2503 861 2545 o
885 2504 909 2547 s.
935 2481 1084 2564 Victore3
1115 2483 1149 2546 iu
1180 2491 1275 2545 textu
1306 2487 1412 2544 auten

293 2581 428 2663 Aegidii
452 2581 576 2666 optime
601 2581 764 2643 instituere
789 2581 873 2646 sumi
899 2601 994 2665 posse
1018 2603 1076 2666 pro
1094 2581 1321 2645 instructione.
1350 2578 1407 2642 Ad·

293 2681 456 2743 mitterem
474 2675 619 2763 quidem,
645 2697 710 2741 non
728 2679 942 2764 peremptorie
963 2675 1052 2742 huno
1069 2699 1202 2743 sensum
1219 2676 1334 2760 refelli,
1359 2677 1408 2739 sed

293 2796 395 2863 quum
421 2774 593 2858 Aegidius,
618 2775 665 2838 uti
691 2785 724 2839 et
747 2774 939 2840 Alexander
953 2775 1120 2858 Helensis,
1146 2799 1205 2840 sua
1230 2775 1409 2860 desumpse

292 2875 335 2938 rit
351 2895 392 2937 ex
409 2873 562 2957 Hugoue,
587 2873 702 2936 merito
720 2873 927 2958 supponitur,
952 2872 1045 2937 illum
1061 2876 1160 2938 etiam
1177 2873 1295 2938 eodem
1320 2895 1409 2937 sensu

294 2973 357 3036 ista
380 2971 482 3034 verba
506 2969 708 3054 adhibuisse,
737 2983 769 3036 et
792 2970 881 3036 hunc
905 2971 1006 3036 fuisse
1031 2971 1133 3037 veluti
1159 2993 1292 3036 sensum
1318 2973 1409 3035 tradi·

292 3067 449 3133 tionalem
473 3067 551 3132 inde
575 3090 595 3132 a
619 3067 748 3132 duobus
772 3068 921 3135 saeculis.

383 3167 435 3232 66.
460 3165 514 3229 Ad
539 3167 973 3250 creussentotionisindolem
996 3167 1085 3254 quod
1109 3169 1237 3244 attinet,
1261 3167 1410 3232 Pontifex

293 3263 546 3351 praecellentem
572 3263 766 3348 dignitatem
792 3267 962 3349 potestatis
984 3265 1165 3351 spiritualis
1186 3264 1333 3329 ostendit
1357 3267 1410 3350 pri·

293 3383 384 3426 mum
409 3380 451 3426 ex
474 3370 594 3425 natura
617 3363 674 3444 rei,
700 3364 775 3449 quia
799 3363 987 3449 spiritualia
1003 3363 1195 3450 temporalia
1215 3363 1410 3428 cancellar.

292 3459 382 3525 Dein
405 3469 657 3544 argumentetur
680 3481 722 3524 ex
745 3460 1010 3526 institutionibus
1035 3461 1136 3547 juris,
1169 3473 1201 3525 et
1233 3482 1276 3524 ex
1307 3483 1411 3526 rerum

292 3556 542 3644 gubernatione,
567 3577 669 3642 quum
690 3559 892 3644 principium
917 3557 1088 3644 spirituale
1105 3557 1291 3623 materialia
1316 3574 1412 3644 regat.

291 3653 411 3740 Populi
435 3654 593 3719 videlicet
615 3653 785 3720 Ecclesiae
816 3656 963 3721 decimas
994 3656 1141 3736 solvunt,
1173 3657 1346 3741 prinsipes
1376 3655 1412 3720 ab

292 3753 444 3819 Ecclesia
461 3753 713 3836 benedicuntur,
731 3755 981 3819 sanctificantur
996 3765 1029 3819 et
1045 3753 1087 3818 ab
1105 3754 1258 3819 Ecclesia
1273 3757 1412 3840 insignis

367 4021 389 4087 ι)
408 4021 448 4075 De
466 4021 583 4076 Sacram.
604 4019 633 4074 L.
653 4018 704 4075 111.
724 4035 746 4073 c
765 4021 791 4074 4.

366 4099 630 4168 ²)Snmma‘ii1eol.
656 4099 685 4153 P.
704 4097 752 4154 IV.
779 4115 822 4167 qn.
848 4099 881 4158 X.
907 4098 1014 4154 membr.
1041 4101 1067 4155 5.
1093 4107 1145 4154 art.
1165 4101 1190 4154 2.
1223 4101 1265 4155 De
1288 4101 1412 4156 saeuus

292 4181 397 4246 missae,
417 4180 511 4235 serbo:
531 4187 560 4234 et
579 4195 643 4249 rege
662 4189 763 4238 nostro.
783 4181 834 4249 Ap.
853 4181 965 4236 Molitor
982 4181 1001 4238 l.
1021 4197 1042 4235 c.
1062 4197 1088 4250 p.
1110 4182 1169 4238 101.

365 4259 388 4330 8)
407 4261 446 4316 De
466 4259 556 4315 eccles.
575 4267 630 4329 pot.
652 4260 682 4314 L.
703 4260 724 4316 1.
746 4276 768 4315 o.
787 4263 813 4318 t.
