2902 4848
257 461 296 516 De
315 460 433 516 decretis
452 459 584 516 sessionis
603 466 717 527 quartae
737 469 765 515 ct
784 462 904 528 omnus.
1093 465 1147 520 313

34 605 214 672 nationibus
238 606 311 690 jam
344 605 561 690 proscriptus,
594 603 652 669 sed
684 606 829 686 generali
861 607 957 672 modo
989 605 1145 694 loquendi

33 705 157 786 indicat,
182 725 218 768 sc
240 704 323 768 cidit
345 705 507 789 accipere,
533 705 596 768 nisi
626 703 714 789 quod
739 704 962 770 conciliariter
984 717 1144 772 statutum

33 816 102 870 erat.

109 902 163 966 28.
186 902 226 964 In
253 899 401 966 Concilio
427 899 672 966 Constantiensi
698 900 792 986 plura
815 912 947 986 praetor
968 903 1308 1006 anlquUfflJssssssssffss

31 1011 58 1063 et
83 999 267 1084 juridicum
311 1021 435 1064 morem
473 997 697 1064 Conciliorum
740 1001 950 1084 acciderunt;
989 1002 1144 1068 nolumus
1310 995 1316 1006 ’

30 1107 129 1162 tamen
161 1097 253 1162 illam
285 1118 411 1178 vocem,
442 1094 658 1162 conciliariter
681 1097 817 1176 decretu,
851 1101 992 1164 nimium
1016 1123 1143 1186 urgere.

29 1193 86 1258 Sed
110 1205 249 1276 constat,
273 1196 454 1260 Martinam
481 1194 516 1258 id
532 1194 648 1260 saltem
664 1197 888 1281 requisivisse,
913 1209 1029 1264 utnon
1047 1199 1144 1264 modo

28 1292 236 1358 tumultuario
268 1303 301 1358 et
332 1292 532 1378 inordinato,
564 1315 625 1358 nec
648 1315 708 1378 per
731 1297 881 1362 nationes
911 1306 1052 1379 tantum,
1085 1298 1143 1362 sod

28 1393 56 1454 in
81 1390 178 1476 plena
202 1389 343 1455 Consilii
368 1392 513 1456 sessione
534 1391 681 1476 generali
713 1402 746 1457 et
777 1393 1040 1458 consentientibus
1068 1393 1144 1481 Car-

27 1489 201 1567 diuclibcs,
231 1489 400 1554 decretum
433 1489 622 1554 conlectum
654 1501 686 1554 et
717 1502 891 1576 acceptum
924 1503 1018 1559 essct.
1072 1493 1144 1558 Hoc

27 1589 98 1652 satis
121 1586 288 1672 colligitur
311 1587 418 1650 exiis
442 1609 526 1673 quae
550 1587 666 1652 scribit
689 1591 803 1653 Petrus
827 1589 868 1652 de
892 1589 1030 1656 Alliaoo.
1067 1592 1144 1656 Pro·

27 1707 146 1770 ponens
180 1684 276 1771 plura
310 1684 414 1750 (lubia
445 1685 555 1771 quoad
588 1685 722 1750 modurn
747 1688 868 1770 agendi
895 1686 1035 1753 Consilii
1062 1687 1144 1754 Con·

25 1787 219 1864 stentiensis,
244 1786 290 1847 ita
314 1783 431 1847 habet:
458 1784 597 1848 Primum
620 1783 758 1848 dubium.
807 1785 859 1850 Aa
881 1796 1018 1872 quatuor·
1040 1789 1143 1851 natio-

26 1905 72 1944 nes
94 1883 131 1946 ia
154 1882 209 1948 loc
233 1904 324 1946 sacro
351 1879 491 1947 Concilio
520 1883 565 1946 cic
588 1882 753 1965 cimborio,
780 1934 786 1948 .
813 1931 820 1948 .
845 1935 853 1950 .
878 1884 1004 1948 occluso
1032 1884 1144 1951 Cardi-

25 1979 140 2045 uuls'um
167 1977 315 2065 Colloyio,
332 1980 466 2065 faciunt
487 1979 633 2066 perscruta
661 1979 845 2060 Concilium,
870 2005 938 2046 oum
960 1984 1025 2048 sint
1042 1983 1144 2069 plura

27 2075 165 2142 Comata
182 2077 414 2164 particularia,
438 2077 531 2142 ualde
545 2078 758 2164 inaequaliter
772 2091 802 2143 ot
816 2081 1144 2167 improportioaals'ter

23 2177 121 2242 dirim
146 2187 176 2240 ot
199 2177 244 2241 ad
261 2187 391 2262 partem
414 2175 645 2242 deliber-cutia:
678 2201 757 2262 qaue
781 2178 980 2258 deliberatio,
1013 2178 1142 2246 sedum

22 2275 245 2340 deliberatione
262 2274 341 2338 dicti
361 2271 494 2358 cellapii
517 2284 547 2338 et
569 2297 633 2338 noa
648 2274 747 2361 facta
769 2277 805 2340 iu
828 2279 983 2342 commatri
1005 2281 1143 2343 sessione

22 2373 188 2437 collatione
210 2383 361 2454 votorum,
385 2372 511 2437 videtur
533 2373 641 2438 multis
673 2397 737 2438 nou
761 2396 825 2438 aare
849 2375 1005 2440 manenda
1028 2376 1142 2440 delibe-

23 2473 98 2534 rotie
135 2467 272 2536 Consilii
300 2469 458 2555 pancratis
491 2470 709 2534 conciliariter·
734 2470 842 2557 fucta.
857 2474 881 2554 ¹)
927 2473 1023 2538 Patet
1055 2473 1142 2540 hanc

22 2570 225 2650 sententiam,
265 2588 365 2654 quam
406 2567 469 2632 boc
502 2567 600 2634 modo
631 2569 752 2633 emittit
782 2571 900 2636 Petrus
932 2571 972 2634 de
1002 2571 1141 2655 Alliaco,

21 2668 214 2732 sententiam
248 2665 349 2730 fuisse
384 2664 625 2747 cardinalium,
658 2689 798 2752 quorum
825 2667 958 2754 juribus
984 2669 1142 2735 Constan-

21 2767 137 2830 tienses
169 2785 237 2828 non
268 2765 347 2828 satis
378 2764 583 2846 deferebant,
618 2765 769 2851 adeoque
799 2769 899 2832 ctiam
930 2768 1066 2832 Martini
1099 2769 1140 2851 V,

20 2875 111 2926 antea
144 2860 333 2928 Cardinalis
366 2861 499 2927 Ottonis
532 2861 733 2945 Columnae,
772 2867 828 2950 qui
868 2867 1142 2934 innovationibus

21 2963 124 3025 minus
150 2970 238 3024 certe
261 2960 399 3024 favebat
415 2959 521 3045 'quam
547 2960 704 3026 Alliacus.

102 3058 158 3122 29.
206 3057 300 3122 Haeo
329 3060 356 3121 si
391 3080 470 3143 prae
500 3057 604 3122 oculis
637 3057 811 3141 habentur,
841 3064 1055 3148 peremptorie
1088 3063 1142 3126 de-

19 3165 226 3237 monstratur,
251 3155 432 3222 Martinum
447 3157 477 3222 V
501 3157 628 3222 famosa
643 3157 699 3222 illa
715 3159 849 3224 decreta
865 3162 1015 3228 sessione,
1025 3163 1141 3247 quinta

18 3257 143 3318 sancita
174 3254 364 3320 nullatenus
395 3256 608 3342 approbasse.
661 3257 795 3322 Etenim
829 3260 992 3344 imprimis
1023 3259 1139 3324 eadem

19 3353 203 3416 nullatenus
227 3353 444 3418 corrdliaritcr
467 3355 556 3420 facta
580 3364 666 3436 sunt,
692 3356 750 3420 scd
776 3356 987 3422 nationaliter
1009 3365 1140 3422 tantum

17 3472 52 3512 ac
73 3449 307 3530 tumultuarie,
341 3449 575 3518 cardinalibus
599 3475 754 3538 expresse
779 3453 1084 3519 contradicentibus
1107 3465 1141 3519 et

18 3549 283 3632 protestantibus.
310 3583 352 3598 -·
376 3551 463 3616 Dein
481 3572 559 3616 vero
581 3552 918 3618 animadvertendum
936 3564 993 3634 est,
1019 3575 1057 3617 ea
1073 3574 1139 3618 non

17 3645 128 3712 habita
167 3647 270 3712 fuisse
300 3658 337 3712 nt
367 3648 577 3714 definitiones
608 3648 815 3733 dogmaticas
848 3652 936 3714 cirea
967 3652 1139 3715 materiam

17 3744 103 3821 iden
122 3746 291 3811 sederant
307 3746 454 3833 capitula
468 3747 632 3833 quaedam
646 3769 705 3832 per
717 3748 852 3812 modum
866 3748 1140 3814 constitutionum

17 3843 236 3927 synodalium,
262 3845 310 3908 uti
334 3844 377 3909 ab
402 3846 482 3930 ipsis
500 3845 810 3912 Constantiensibus
826 3846 1045 3932 appellantur.
1076 3846 1140 3913 His

17 3943 148 4026 quidem
161 3945 328 4032 principia
341 3943 505 4029 quaedam
518 3943 745 4026 adstruebant,
770 3945 892 4032 quibus
905 3943 1002 4008 modo
1016 3948 1139 4032 agendi

21 4087 228 4096 --....-.----

85 4165 107 4234 ¹)
128 4166 170 4220 De
187 4165 288 4220 Eccles.
308 4165 409 4222 concil.
429 4181 501 4234 gen,
526 4166 602 4222 Rom.
623 4167 711 4232 Pont,
739 4172 790 4220 ete.
815 4165 988 4222 auctoritato.
1026 4169 1059 4223 In
1078 4185 1140 4237 opp.

16 4243 123 4310 liemon,
144 4245 184 4301 ed.
206 4245 305 4313 Dupin.
326 4255 347 4302 t.
366 4245 403 4299 Il.
424 4262 449 4313 p.
468 4247 530 4301 940.
