2850 4834
299 489 388 542 Series
407 487 569 542 Pontificum
590 487 826 542 Avenionensinm.
1079 489 1129 543 159

23 631 155 696 Pontifex
179 634 249 718 ipse
273 633 377 695 vitam
403 631 540 695 duceret
563 629 662 695 valde
687 653 837 695 severam
861 655 901 696 ac
924 631 993 696 lere
1017 653 1127 696 mone-

24 729 141 810 chalem,
165 751 224 814 per
247 751 281 792 se
305 731 387 792 vitio
413 730 496 792 verti
521 749 587 792 non
612 730 729 814 potuit,
761 729 850 815 quod
873 751 932 816 pro
957 728 1127 794 Ecclesiae

23 825 253 890 necessitatibus
288 847 443 910 magnam
468 827 536 888 vim
569 827 732 910 pecuniae
757 825 942 910 colligeret3
980 837 1125 892 attamen

22 947 107 1010 quum
131 925 162 989 id
186 925 310 989 iaceret
333 925 497 1009 impositis
527 925 669 1002 annatis,
704 923 997 1010 multiplicatisque
1028 946 1126 988 reser-

22 1023 207 1104 vationibus,
239 1021 362 1087 multae
385 1031 520 1086 exortae
550 1032 627 1085 sunt
649 1021 817 1107 querelae,
852 1033 950 1110 atque
983 1045 1048 1086 non
1074 1023 1126 1087 de-

20 1121 144 1202 fuerunt,
177 1123 234 1207 qni
260 1121 331 1206 ejus
354 1119 475 1204 agendi
504 1121 666 1184 rationem
696 1122 805 1184 acrius
830 1130 1014 1206 carperent.
1060 1118 1127 1186 Sed

20 1219 188 1282 haedere
212 1218 351 1282 inferius
374 1217 557 1303 loquemur.

97 1317 143 1380 10.
191 1315 425 1402 Opportunum
449 1325 561 1379 autem
586 1317 649 1379 erit
672 1315 727 1380 hic
752 1315 898 1380 breviter
925 1317 1047 1381 referre
1071 1315 1125 1379 ad·
1145 1343 1254 1390 eumue
1268 1343 1297 1383 oa

20 1436 109 1492 tersa,
141 1435 226 1500 quae
259 1413 408 1478 Joanues
439 1415 472 1476 in
505 1416 732 1478 controversia
771 1415 808 1476 de
832 1417 952 1479 visione
983 1413 1127 1498 beatifica
1150 1407 1192 1446 ‘'¹‘'
1208 1405 1286 1446 ‘’⁶⁸²¹‘'

20 1511 128 1576 ultimis
151 1510 249 1576 annis
272 1513 362 1575 vitae
387 1533 465 1575 suae
490 1521 646 1595 expertus
670 1521 729 1577 est.
777 1512 825 1575 Eo
854 1523 1001 1598 tempore
1026 1514 1127 1595 igitur

18 1613 161 1696 quaestio,
185 1622 296 1674 utrum
320 1613 452 1674 animae
472 1611 638 1696 justorum
664 1613 810 1696 corporis
834 1611 978 1676 vinculis
1002 1609 1127 1674 solutae

18 1724 42 1770 et
61 1708 99 1771 ab
124 1711 214 1773 omni
238 1707 313 1772 labe
337 1730 440 1793 purae
464 1710 574 1772 statim
600 1710 728 1773 visione
753 1710 816 1773 Dei
842 1709 996 1774 beatifica
1018 1709 1126 1772 fruan-

18 1820 66 1876 tur.
97 1830 140 1872 an
165 1829 243 1870 vero
272 1818 424 1891 receptae
456 1804 592 1891 quidem
624 1809 659 1872 in
684 1807 811 1872 coelum
836 1832 856 1872 a
881 1805 1036 1871 beatifice
1061 1805 1126 1869 Dei

20 1907 132 1968 risione
157 1915 269 1969 tamen
294 1904 506 1968 detineantur
529 1927 634 1991 usque
658 1905 701 1970 ad
718 1927 893 1991 corporum
916 1905 1126 1969 resurrectio·

18 2025 87 2084 nem,
121 2003 353 2066 vehementius
387 2005 473 2065 inter
506 2001 619 2066 doctos
652 2007 776 2088 agitate
804 2004 876 2068 suit.
925 2003 1127 2083 Quaestione

19 2101 150 2164 nondum
174 2121 234 2186 per
258 2099 485 2164 definitionem
510 2100 656 2187 aliquam
681 2102 835 2187 eliquata,
861 2104 946 2166 varii
971 2100 1125 2184 theologi,

17 2201 195 2284 praesertim
220 2219 263 2262 ex
287 2197 414 2263 Ordine
435 2199 589 2262 Fratrum
614 2199 791 2280 Minorum,
816 2202 979 2264 visionem
1003 2201 1044 2262 iis
1067 2199 1127 2263 dil·

18 2297 80 2360 lerri
104 2297 349 2379 existimarunt,
374 2317 478 2381 eoque
503 2319 601 2360 sensu
618 2297 753 2362 Petrum
777 2298 966 2361 testimonia
989 2317 1126 2381 exposu-

18 2407 108 2461 crunt.
157 2393 313 2478 Plerique
338 2403 447 2457 tamen
472 2393 529 2458 alii
554 2393 709 2478 theologi,
734 2418 773 2458 ac
797 2397 974 2481 praecipue
995 2393 1127 2458 Fratres

20 2493 254 2558 Praedicatorcs
278 2501 310 2554 ct
331 2491 481 2556 doctores
495 2492 707 2574 Parisienses,
724 2495 908 2578 oppositam
929 2493 1126 2555 sententiam

18 2587 235 2656 defenderunt.
259 2591 410 2656 ,loannes
425 2591 539 2670 XXII,
564 2593 621 2676 qni
639 2613 699 2675 pro
716 2593 841 2675 ingenii
857 2594 906 2654 sui
926 2591 1127 2676 praestantia

18 2686 199 2774 theologicis
227 2687 489 2752 discussionibus
521 2687 758 2767 delectabatur,
789 2711 876 2753 anno
905 2691 985 2753 1331
1012 2687 1054 2751 ad
1081 2689 1126 2750 in·

16 2785 190 2870 degendam
216 2787 390 2849 veritatem
415 2807 525 2849 sacras
541 2786 730 2872 Scripturas
753 2797 786 2850 et
809 2786 924 2850 Patres
948 2789 981 2850 in
1007 2798 1126 2849 utram-

16 2907 65 2968 que
87 2897 218 2970 partem
242 2893 407 2947 scrutatus
430 2894 488 2964 est,
522 2894 555 2947 et
579 2886 611 2948 in
637 2883 845 2948 sermonibus
877 2906 987 2948 coram
1014 2883 1127 2948 Cardi-

17 2981 132 3048 nalibus
157 2993 191 3046 et
215 2981 374 3045 Praelatis
399 2983 575 3045 Avenione
599 2981 732 3064 habitis,
765 2984 937 3069 utriusque
961 2983 1127 3067 opinionis

17 3091 200 3164 argumenta
231 3077 378 3164 protulit.
426 3078 539 3158 Quum
572 3101 650 3143 vero
674 3080 822 3144 Thomas
847 3079 1000 3143 Valesius
1023 3079 1062 3144 O.
1087 3079 1125 3144 P.

15 3199 138 3244 esacrc
174 3177 304 3264 pulpito
329 3176 559 3241 vehementius
590 3178 799 3262 praedicaret
829 3189 943 3241 contra
971 3199 1036 3258 eos,
1069 3179 1125 3263 qui

15 3277 240 3341 existimabant
262 3277 384 3340 animis
400 3287 589 3339 sanctorum
606 3278 768 3340 visionem
785 3275 973 3340 beatificam
989 3274 1125 3356 differri,

15 3373 48 3436 ita
70 3389 104 3438 ut
127 3397 185 3439 eos
211 3374 422 3438 anathemate
446 3385 479 3438 et
502 3374 647 3438 haeresis
671 3385 749 3439 nota
774 3374 941 3459 defigeret,
970 3373 1126 3438 Pontifex

16 3493 75 3535 enm
107 3471 281 3537 custodiae
315 3473 500 3556 mancipari
531 3473 618 3538 fecit.
673 3473 812 3558 Propter
842 3473 924 3536 hacc
955 3475 1047 3536 visus
1078 3483 1127 3535 est

16 3571 200 3654 quibusdam
228 3569 432 3655 propendere
457 3571 491 3634 in
517 3573 716 3635 sententiam
741 3571 782 3634 de
805 3570 962 3634 dilatione
988 3572 1126 3634 visionis

16 3663 187 3750 beatificae,
223 3669 399 3754 pluresque
429 3667 638 3733 adversarios
669 3681 738 3733 tum
771 3691 788 3733 e
819 3668 975 3753 praelatis
1007 3678 1077 3732 tum
1108 3690 1126 3730 e

17 3761 193 3830 lectoribus
219 3767 251 3829 in
277 3789 312 3830 se
336 3768 527 3832 concitavit.

89 3868 138 3930 ll.
181 3861 360 3928 Contentio
389 3864 487 3929 valde
511 3875 609 3929 aucta
633 3876 683 3929 est
704 3889 733 3930 a.
761 3866 856 3930 1333.
892 3866 1065 3929 Venerunt
1087 3886 1125 3928 eo

17 3979 83 4024 tuno
96 3963 255 4044 Parisios,
280 3972 317 4026 ut
333 3961 373 4026 de
391 3963 532 4047 negotiis
557 3961 699 4048 publicis
712 3973 901 4044 tractarent,
926 3962 991 4027 duo
1016 3964 1124 4026 nuntii

18 4111 53 4120 a..

18 4195 104 4248 tmmno
119 4195 201 4266 juste
221 4192 354 4260 paulatim
366 4208 400 4247 ex
413 4191 488 4247 bonis
502 4199 530 4246 et
543 4193 719 4261 proventibus
732 4191 905 4247 ecclesiarum
915 4193 933 4247 J
934 4207 1034 4247 oannes
1045 4191 1126 4246 xxn

18 4269 73 4326 llam
90 4273 226 4342 pecuniae
243 4287 373 4326 summam
391 4273 513 4328 obtinere
532 4273 631 4341 potuit.
