2868 4844
419 440 628 502 Dissertatiouis
646 447 757 504 indoles.
1095 447 1150 501 293

41 593 233 656 auctoritatis
267 590 468 677 pontificalis
499 591 596 654 valde
624 590 877 673 diminueretur,
914 613 953 655 ac
983 591 1150 677 principia

42 703 69 754 et
88 689 252 754 doctrinas
285 689 332 752 illi
365 689 428 753 viri
460 690 687 774 excogitarent
711 697 743 752 et
765 698 996 776 proponerent,
1028 688 1150 774 quibus

41 787 221 852 laedebatur
259 809 376 852 revera
422 788 583 872 primatus
621 785 803 851 Pontificio.
859 784 917 850 Sic
955 787 1148 868 docuerunt,

39 885 152 970 Papam
178 907 249 950 esse
274 884 408 972 quidem
426 896 527 970 caput
542 896 574 948 et
588 895 752 970 pastorem
769 883 974 968 singulorum
992 883 1149 948 Christia-

42 1004 144 1048 norum
175 993 208 1046 et
239 982 444 1068 singularum
476 981 689 1046 ecclesiarum
728 984 755 1046 si
792 984 928 1046 seorsim
965 992 1149 1062 sumantur,

41 1102 95 1145 nou
118 1091 228 1144 autem
254 1081 354 1144 totius
377 1078 549 1144 Ecclesiae
573 1078 671 1144 simul
696 1091 915 1163 congregatae
940 1082 974 1144 in
999 1077 1149 1145 Concilio

38 1177 181 1260 generali.
230 1177 425 1263 Supremam
458 1179 547 1242 euim
571 1176 828 1242 ecclesiasticam
861 1187 1055 1264 potestatem
1080 1199 1151 1242 1111

40 1277 153 1340 tamin
179 1275 327 1341 Concilio
353 1299 452 1362 quam
478 1278 512 1339 in
538 1273 639 1360 Papa,
672 1273 729 1338 sed
755 1277 789 1339 in
812 1273 960 1340 Concilio
986 1278 1150 1362 priucipa-

38 1371 103 1454 lius,
127 1373 352 1438 immediatius
376 1387 408 1437 et
432 1373 645 1439 immobilius.
693 1371 816 1438 Statuit
839 1375 939 1438 etiam
957 1372 1148 1455 Gereonius,

39 1469 212 1536 Ecclesiam
244 1494 310 1537 nou
344 1474 389 1536 ita
412 1471 582 1556 alligatam
606 1493 677 1535 esse
702 1473 826 1535 vicario
853 1470 986 1549 Christi,
1022 1480 1148 1536 utnon

38 1569 153 1652 possint
177 1591 248 1634 sese
273 1571 418 1634 invicem
442 1591 606 1655 separare.
630 1607 673 1616 -
698 1571 736 1632 2⁰
756 1568 868 1648 Quum
893 1571 978 1633 tristi
1002 1579 1150 1655 tempore
1164 1577 1275 1662 8111111·
1290 1575 1315 1612 ¹¹

37 1666 215 1732 schismatis
247 1690 368 1753 magna
392 1670 491 1732 etiam
517 1669 550 1732 iu
575 1665 722 1731 moribus
746 1678 779 1730 et
801 1666 978 1753 disciplina
1003 1667 1152 1732 irruisset
1174 1636 1308 1678 mum

38 1764 197 1846 relaxatio,
221 1765 268 1830 illi
294 1767 357 1830 viri
382 1765 585 1829 omniafere
610 1764 696 1829 mala
720 1785 924 1832 summorum
949 1765 1150 1830 Pontificum

38 1861 221 1944 defectibus,
254 1863 482 1950 impositisque
506 1861 549 1928 ab
573 1863 614 1928 iis
636 1861 771 1927 tributis
801 1885 841 1926 ac
868 1863 1151 1928 reservationibus

36 1959 283 2046 adscripserunt,
309 1962 595 2042 etexistimaruut,
620 1959 662 2024 ad
676 1960 943 2026 reformationem
956 1961 990 2024 id
1004 1963 1150 2026 maxime

37 2060 201 2142 pertinere,
228 2069 264 2124 ut
278 2058 462 2144 amplitudo
476 2057 534 2122 illa
556 2059 763 2122 auctoritatis
787 2059 916 2144 papalis
940 2063 1150 2145 restringere·

38 2171 91 2222 rur.
125 2155 200 2235 Qua
217 2156 352 2242 quidem
377 2159 411 2221 iu
436 2179 470 2222 11
495 2155 592 2221 valde
616 2155 781 2221 errabant.
814 2156 875 2220 Per
890 2157 1037 2222 occidens
1061 2159 1151 2224 euim
1197 2163 1204 2174 “

36 2251 151 2316 factum
176 2265 236 2336 111,
261 2266 297 2319 ut
313 2265 444 2341 propter
460 2256 754 2320 commorationem
772 2254 970 2319 Pontificum
988 2258 1022 2320 in
1039 2255 1150 2321 Gallia

36 2361 64 2412 et
86 2349 227 2416 schisma
251 2363 412 2433 exortum,
438 2374 513 2418 cum
540 2351 595 2417 illo
620 2353 777 2418 exercitio
795 2356 965 2437 potestatis
982 2353 1150 2419 interdum

38 2449 238 2514 incommoda
256 2449 425 2516 Ecclesiae
449 2450 540 2516 haud
563 2449 711 2536 proficua
727 2451 1023 2535 conjungerentur,
1046 2474 1105 2538 por
1118 2473 1152 2514 ee

38 2567 107 2610 vero
138 2547 271 2633 plenum
305 2551 500 2614 exercitium
536 2551 707 2635 potestatis
737 2549 941 2634 pontificiae,
980 2549 1152 2614 Ecclesiae

37 2643 216 2711 nullatenus
254 2649 411 2712 nocivum
450 2659 509 2729 est,
548 2658 584 2712 ut
622 2647 674 2712 vel
714 2658 794 2712 tunc
825 2647 898 2733 jam
928 2669 970 2711 ex
998 2645 1151 2732 exemplo

37 2743 284 2810 clarissimorum
300 2744 511 2826 Pontificum,
536 2747 583 2810 uti
600 2743 753 2829 Gregorii
771 2743 836 2808 VII
853 2755 886 2808 et
901 2745 1087 2810 Innocentii
1099 2743 1151 2808 ΙΙΙ

38 2839 171 2924 patebat.
208 2882 250 2890 —
287 2843 326 2906 3⁰
357 2842 470 2924 Quum
503 2842 653 2908 doctores
686 2843 920 2908 Universitatis
955 2842 1152 2910 Parisiensis

37 2939 151 3026 aliique
179 2944 213 3006 111
243 2943 374 3026 negotio
409 2943 540 3007 unionis
571 2963 690 3024 magno
723 2963 798 3006 cum
823 2941 952 3005 fervore
976 2963 1052 3005 suos
1076 2962 1151 3005 con·

38 3037 151 3103 ferrent
180 3036 319 3120 labores,
346 3037 418 3126 jam
449 3062 492 3103 ex
516 3041 563 3104 rei
588 3050 705 3103 natura
729 3037 861 3120 accidit,
894 3049 931 3102 ut
963 3037 1152 3102 sacerdotes

37 3135 165 3200 secundi
191 3135 317 3202 ordinis
341 3158 499 3222 magnum
531 3135 695 3200 infiuxum
725 3147 918 3200 exercerent
950 3137 985 3200 in
1018 3137 1152 3220 negotia

39 3231 207 3314 Ecclesiae,
233 3235 328 3320 cujus
352 3231 595 3299 administratio
620 3257 678 3320 per
702 3257 736 3298 se
760 3231 802 3297 ad
827 3255 992 3297 summum
1017 3233 1151 3299 Pontifi-

36 3353 100 3394 cem
131 3341 164 3396 et
194 3333 366 3418 episcopos
401 3334 553 3419 pertinet.
610 3333 683 3396 Viri
714 3343 825 3395 autem
859 3330 920 3413 illi,
957 3332 998 3396 de
1029 3331 1152 3419 quibus

37 3431 168 3512 agimus,
188 3429 299 3494 adhuc
316 3434 422 3516 magis
439 3430 531 3495 illum
550 3429 714 3495 influxum
731 3430 929 3495 studuerunt
944 3451 1151 3516 promovere,

35 3529 271 3610 existimantes,
311 3529 442 3596 facilius
475 3529 538 3596 bac
569 3530 696 3596 ratione
730 3530 897 3615 perveniri
932 3528 974 3592 ad
1007 3527 1152 3592 schisma

36 3627 294 3711 componendum
331 3639 364 3692 et
395 3627 580 3692 Ecclesiam
620 3626 875 3692 reformandam.
928 3625 1012 3690 Inde
1050 3627 1151 3690 etiam

37 3725 207 3810 praecipue
231 3723 413 3790 Gereonius
437 3725 606 3790 doctrinas
629 3724 791 3810 quasdam
815 3726 996 3810 proposuit,
1030 3724 1152 3809 quibus

38 3817 103 3900 jura
131 3822 364 3888 ecclesiasticis
392 3822 530 3888 secundi
563 3823 703 3904 ordinis,
735 3825 800 3887 imo
831 3832 864 3886 et
893 3821 1001 3904 laicis,
1035 3819 1152 3886 tribuit

37 3923 217 4006 quaeipsis
242 3943 453 4008 nequaquam
478 3921 732 4000 conveniebant,
763 3931 795 3984 et
824 3922 1053 4006 episcoporum
1073 3919 1153 4005 jura

39 4015 214 4085 laedebant.
263 4021 374 4105 Atque
398 4021 446 4084 sic
469 4019 641 4084 tendentia
664 4019 884 4100 democratica,
915 4019 942 4082 si
970 4019 1017 4081 ita
1041 4017 1152 4082 dicere

40 4113 151 4198 111111,
177 4126 211 4180 et
233 4119 398 4203 oppositio
412 4127 527 4182 contra
544 4118 746 4202 principium
763 4117 970 4181 auctoritatis
991 4114 1150 4190 invaluit;

41 4211 118 4280 uude
148 4214 299 4303 pericula
328 4214 417 4278 haud
442 4216 564 4299 exigua
588 4237 666 4279 mox
689 4223 924 4299 provenerunt.
955 4249 998 4260 -
1031 4211 1094 4276 His
1124 4213 1152 4276 si
