2902 4848
408 429 446 484 De
465 427 585 484 Concilio
603 427 763 484 Besiloensi.
1093 424 1146 482 359

29 583 83 654 cst,
114 594 214 658 quum
245 571 452 638 Basileenses
486 572 697 638 Avonionom
726 569 780 635 vel
811 568 978 636 Basileam
1012 569 1144 648 vellent,

30 671 145 736 Graeci
169 692 248 734 vero
273 671 444 736 civitatem
470 672 552 735 mari
585 672 772 756 propiorem
797 671 832 734 in
855 667 954 732 Italia
985 677 1144 752 peterent,

29 769 146 856 quibus
159 771 260 833 etiam
275 768 432 834 Pontifex
446 766 683 834 consentiebat.
708 805 747 815 -
776 767 889 848 Quum
913 767 1014 850 igitur
1037 763 1145 830 multi·

30 867 125 932 mode
146 867 319 951 Eugenius
341 866 390 932 IV
414 890 436 931 a
458 865 708 932 Basilcensibns
731 877 918 944 vexaretur,
950 873 1024 950 post
1046 860 1147 947 longa

28 966 206 1052 patientiae
221 966 451 1052 experimenta
462 964 595 1030 illorum
610 963 771 1029 audaciae
786 962 1027 1028 occurrendum
1043 971 1145 1042 ratus,

28 1085 139 1128 mense
161 1062 264 1128 Jnnio
287 1084 317 1128 a.
344 1063 440 1144 1436,
464 1085 524 1126 suo
548 1073 581 1126 et
604 1061 833 1128 Cardinalinm
859 1060 988 1143 collegii
1014 1060 1146 1124 nomine

27 1163 150 1246 legatos
179 1162 271 1224 misit
293 1161 337 1226 nd
361 1162 581 1247 Imperatores
604 1170 637 1224 et
661 1162 828 1246 principes
851 1181 926 1224 cunr
955 1155 1075 1238 libello,
1111 1158 1146 1221 in

27 1281 90 1346 qno
122 1258 163 1322 de
193 1259 235 1322 iis
265 1280 351 1344 quae
382 1269 497 1324 contra
527 1281 562 1322 se
585 1282 606 1322 a
628 1257 876 1324 Basileensibns
905 1266 981 1320 acta
1004 1255 1145 1335 fuerant,

25 1367 164 1441 questus
185 1366 245 1422 est.

116 1453 168 1519 20.
198 1453 278 1518 Post
300 1455 384 1518 haec
400 1454 565 1520 Basileam
583 1464 747 1519 venerunt
762 1452 967 1518 Graecorum
991 1462 1146 1532 oratores,

25 1554 81 1638 qui
100 1553 133 1615 in
153 1550 418 1636 Congregatione
438 1551 585 1636 generali
601 1551 726 1616 die15⁰
741 1551 895 1616 ianuarii
918 1573 948 1616 a.
966 1549 1063 1630 1437,
1087 1570 1146 1634 pro

25 1651 97 1714 loco
123 1647 265 1714 Consilii
290 1649 437 1714 habendi
461 1649 503 1714 de
526 1651 660 1714 unionis
683 1651 826 1732 negotio,
851 1647 993 1714 exclusis
1016 1645 1148 1712 Basilea

25 1748 250 1829 etAveuione,
266 1747 477 1832 postularunt
486 1750 657 1813 civitatem
670 1749 704 1812 in
715 1746 822 1828 Italia,
833 1747 998 1826 Pontifici,
1010 1745 1148 1811 Graecis

24 1857 57 1910 et
88 1847 205 1910 unioni
241 1845 469 1912 conficiendae
501 1845 721 1914 commodam.
776 1844 911 1910 Exinde
944 1845 984 1909 de
1017 1844 1081 1909 hac
1113 1841 1320 1945 nomm*

24 1946 174 2029 graviter
204 1943 426 2028 disceptatum
453 1953 504 2008 est
527 1945 613 2008 inter
636 1941 851 2008 Basileenses.
899 1945 1056 2029 Denique
1086 1964 1150 2007 ses·

25 2045 120 2108 sione
151 2043 314 2126 vigesima
344 2043 471 2127 quinta,
509 2041 624 2106 habita
655 2041 710 2106 die
735 2043 774 2104 7⁰
795 2042 887 2127 Maji,
927 2041 993 2106 duo
1018 2041 1152 2107 decreta

24 2141 163 2204 condita
185 2149 273 2218 sunt,
298 2161 439 2225 quornm
464 2161 531 2204 uno
555 2161 613 2225 pro
637 2139 748 2203 futuro
766 2137 916 2204 Concilio
938 2137 1153 2204 indicabatur

25 2237 197 2304 Florentia
221 2236 275 2302 vel
299 2237 450 2318 Utinnm,
483 2239 580 2323 eique
603 2249 816 2302 assenserunt
844 2237 944 2321 legati
969 2236 1152 2317 Pontificis,

25 2339 135 2400 nuntii
162 2335 368 2400 Graecorum
400 2347 500 2421 atque
524 2337 637 2400 sanior
658 2357 699 2400 ac
724 2333 867 2400 nobilior
889 2357 967 2420 pars
991 2331 1152 2414 Concilii3

24 2435 129 2500 altero
154 2433 288 2498 decreto
319 2433 536 2514 statuebatur,
567 2443 605 2496 ut
629 2431 816 2498 Concilium
847 2431 1070 2496 celebraretur
1093 2431 1153 2495 Ba·

25 2533 128 2596 sileae
160 2541 219 2594 ant
250 2531 427 2595 Avenione
460 2530 512 2594 vel
545 2533 580 2595 in
612 2528 793 2610 Sabaudia,
831 2529 960 2614 hocque
999 2527 1155 2616 probavit

24 2630 131 2694 altera
156 2651 233 2714 pars
257 2627 409 2710 Concilii,
442 2631 624 2715 composita
649 2631 795 2694 maximo
820 2649 957 2693 numero
982 2649 1000 2692 e
1025 2626 1153 2692 clericis

24 2725 166 2792 secundi
200 2727 342 2808 ordinis,
382 2726 502 2792 ducem
527 2748 605 2790 vero
631 2725 777 2792 babebat
801 2727 1014 2790 Lndovicum
1039 2723 1153 2790 Cardi-

25 2823 136 2890 nalem
161 2823 450 2910 archiepiscopum
476 2823 714 2890 Arelatensem.
761 2825 858 2890 Prius
888 2823 1057 2888 decretum
1082 2845 1153 2909 pro·

24 2922 122 2986 bavit
138 2922 311 3005 Eugenius
327 2923 419 3008 Papa
443 2922 497 2986 die
514 2923 575 2986 29⁰
590 2923 696 2988 lunii.
735 2921 803 2988 Ubi
821 2921 902 2986 illud
927 2930 1156 3006 cognoverunt

25 3021 247 3101 Basileenses,
275 3020 437 3085 adversus
466 3021 662 3086 Pontificem
694 3031 908 3102 exarserunt3
940 3032 973 3084 et
1000 3021 1154 3106 quamvis

26 3119 201 3184 Pontificis
233 3117 352 3203 legatis
375 3129 409 3182 et
431 3119 620 3184 sanioribus
643 3119 797 3206 praelatis
828 3119 960 3204 privati,
993 3117 1154 3181 sessiones

25 3218 195 3300 prosecuti
229 3228 315 3281 sunt.
362 3217 516 3282 Sessione
549 3219 711 3302 vigesima
744 3229 856 3298 sexta,
892 3215 946 3278 die
976 3217 1037 3280 31⁰
1059 3213 1152 3294 Julii,

25 3313 289 3378 reclamantibus
319 3313 437 3399 legatis
465 3324 498 3378 et
529 3317 663 3400 optimis
687 3314 837 3400 patribus
860 3313 1049 3396 Eugenium
1074 3312 1154 3378 mul·

24 3425 137 3474 torum
171 3413 348 3476 criminum
382 3423 592 3478 accusarunt.
639 3412 792 3480 Sessione
816 3413 979 3498 vigesima
1002 3411 1152 3496 septima,

25 3508 81 3572 die
96 3509 161 3573 26⁰
177 3508 392 3594 Septembris,
406 3509 656 3576 translationem
675 3509 817 3576 Concilii
835 3511 961 3574 irritam
979 3507 1153 3590 dixerunt3

22 3609 176 3672 sessione
203 3628 279 3672 vero
304 3609 468 3694 vigesima
498 3619 628 3686 octava,
663 3607 717 3674 die
745 3609 780 3672 1⁰
804 3607 968 3684 Octobris,
1003 3606 1154 3692 praeside

25 3701 175 3788 Georgio
206 3707 362 3791 episcopo
389 3705 519 3772 Visensi
548 3709 582 3772 in
607 3707 783 3792 Hispania,
813 3706 1002 3790 Eugenium
1026 3704 1153 3790 Papam

25 3798 243 3867 declararunt
266 3815 508 3885 contumacem,
542 3805 632 3891 quod
663 3805 750 3870 intra
774 3806 968 3869 constitutos
992 3803 1064 3866 dies
1088 3823 1153 3865 uon

26 3901 280 3984 comparuisset.

119 3997 174 4062 21.
199 3997 341 4063 Tantam
358 3998 599 4064 Basileensium
623 4000 800 4064 audaciam
824 4020 1005 4085 eorumque
1022 3999 1158 4062 decreta

25 4103 147 4158 contra
169 4095 365 4162 Pontificem
390 4095 625 4182 Sigismundus
647 4097 834 4183 Imperator
856 4117 1015 4183 regesque
1036 4095 1158 4181 Hispa-

25 4190 106 4255 niae
130 4193 323 4279 etAngliae
346 4197 483 4260 omnino
506 4193 748 4282 improbarunt.
780 4193 953 4279 Eugenius
967 4195 1019 4258 IV
1043 4203 1157 4257 autem
