2840 4840
305 463 388 534 Origo
407 465 512 520 dissidii
531 481 591 520 cum
610 465 735 534 Philippo
753 466 878 521 Pulchro.
1113 467 1148 522 25

48 610 196 673 trimeutis
222 607 447 674 materialibus
478 609 667 674 Bonifatius
699 610 845 695 profecto
879 622 1062 676 commotus
1084 609 1148 674 fuit

47 727 80 766 ex
100 717 283 792 contemptu
306 717 339 770 et
361 709 560 791 gravissima
584 707 796 790 contumelia,
826 731 892 794 qua
916 710 986 794 ipse
1009 705 1147 772 subdole

47 805 96 866 istc
125 803 251 868 decreto
280 804 502 870 afficiebatur.
554 805 604 870 Eo
637 807 774 888 gravius
807 805 841 870 id
870 806 1037 871 Bouiiatio
1066 816 1146 886 erat,

47 900 121 985 quod
148 902 279 986 regibus
309 901 442 967 Galliae
475 902 654 968 Pontifices
690 925 846 986 magnam
879 903 1147 968 benevolentiam

17 1060 22 1069 ,
46 1020 158 1084 semper
181 999 398 1084 ostenderant,
423 1023 463 1064 ac
486 1001 679 1086 Philippum
704 1002 882 1087 praecipue
902 1001 1089 1067 Bonifatius
1112 1003 1147 1066 iu

44 1095 90 1158 lite
110 1119 186 1161 cum
208 1099 413 1182 Arragouiae
442 1119 519 1182 rege
549 1099 780 1183 componenda
810 1099 924 1164 favore
953 1109 986 1164 et
1016 1099 1147 1164 influxu

45 1216 91 1256 suo
113 1195 294 1281 adjuverat.
342 1195 479 1260 Studuit
509 1205 620 1260 tamen
647 1196 803 1262 Pontifex
834 1199 1046 1264 concordiam
1070 1219 1147 1262 cum

44 1313 106 1375 rege
129 1315 332 1360 conseruare.

117 1391 169 1458 26.
208 1391 324 1456 Edidit
349 1393 449 1476 igitur
478 1391 509 1456 d.
535 1391 595 1456 25⁰
618 1391 876 1476 Septembrisa.
904 1393 990 1458 1296
1021 1391 1146 1456 bullam

44 1485 125 1552 sliam
149 1488 337 1575 ineffabilis,
359 1511 458 1576 quam
483 1511 543 1575 per
566 1493 797 1603 episcoporum
823 1490 1053 1555 vivariensem
1077 1493 1147 1574 regi
1172 1499 1273 1598 mah
1227 1500 1284 1602 ἶῐὸῑι

45 1590 216 1653 transmisit
265 1587 393 1652 Eisdem
413 1588 458 1668 1⁰,
484 1589 531 1652 uti
556 1588 756 1652 officium
727 1610 798 1673 eJus
818 1587 982 1673 pastorale
1005 1590 1146 1674 require
1184 1561 1263 1613 '‘³⁷¹‘'
1281 1563 1303 1604 ⁸¹

45 1681 96 1760 bat,
117 1687 276 1769 gravibus
291 1685 427 1770 quidem
450 1637 508 1750 led
533 1685 706 1752 benevolis
723 1685 833 1750 verbis
856 1685 1013 1751 admonet
1035 1707 1147 1771 regem

2 1842 5 1847 .
46 1779 109 1844 de
101 1785 212 1868 iniquo
244 1785 307 1847 isto
339 1783 486 1864 decreto,
516 1785 681 1867 ingratum
713 1784 783 1870 ejus
807 1785 956 1848 animum
987 1785 1146 1868 increpat,

45 1879 201 1962 siguificat,
227 1882 346 1966 ipsum,
371 1883 398 1946 si
416 1882 548 1947 decreto
573 1880 628 1946 illo
654 1885 753 1946 etiam
776 1883 912 1946 clericos
928 1891 960 1946 et
976 1881 1064 1946 bona
1086 1881 1147 1946 Ec·

4 1974 145 2042 201aiae
169 1979 441 2064 comprehendat,
466 1982 615 2046 censuris
640 1979 785 2060 subesse,
811 1991 843 2044 et
866 1979 1020 2061 advertit,
1045 1999 1147 2066 quum

43 2085 79 2136 tot
97 2075 245 2141 hostibus
269 2099 330 2142 rex
352 2078 622 2158 circumdetur,
614 2080 676 2164 ipsi
701 2099 780 2142 saue
801 2076 984 2142 consultius
1007 2099 1087 2158 esse,
1112 2086 1149 2141 ut

8 2169 208 2255 Ecclesiam
242 2174 365 2239 habeat
394 2175 456 2238 sibi
490 2178 677 2261 propitiam,
706 2197 805 2288 quam
830 2187 866 2239 ut
889 2197 961 2240 eam
990 2175 1146 2245 offendat.

1 2353 10 2361 Ἴ,
4 2234 112 2342 lllein
135 2272 174 2335 2⁰
197 2273 357 2358 queritur,
392 2273 480 2358 quod
506 2273 686 2338 consiliarii
719 2275 806 2358 regis
830 2295 933 2359 prava
957 2275 1148 2358 interpreta-

8 2369 113 2443 ttioue
135 2393 271 2436 sensum
295 2369 547 2435 Constitutiouis
572 2374 818 2458 pervertissent.
864 2371 1014 2456 Exponit
1037 2372 1146 2456 igitur,

2 2476 68 2544 „ise
86 2467 164 2532 nibil
197 2469 279 2533 novi
312 2468 430 2532 eadem
464 2470 682 2550 constituisse,
716 2470 773 2534 sed
797 2479 927 2534 tautum
951 2477 1063 2534 vetera
1086 2479 1148 2534 sta·

8 2619 20 2634 „
45 2575 96 2628 uta
116 2569 215 2631 novis
234 2568 351 2651 poeuis
369 2569 535 2648 sanxisse,
559 2576 660 2652 atque
682 2567 836 2648 declarat,
861 2589 896 2630 se
918 2590 982 2632 non
1006 2567 1147 2632 absolute

44 2666 159 2747 unisse,
185 2687 229 2729 ne
253 2663 365 2729 clerici
391 2687 450 2750 pro
475 2667 562 2750 regis
585 2668 723 2750 regnive
745 2665 936 2730 defensioue
961 2664 1013 2730 vel
1038 2687 1147 2732 neces·

24 2761 119 2826 ‚riute
141 2763 295 2828 subsidia
319 2776 535 2851 praestarent,
567 2766 625 2830 sed
649 2787 690 2829 ne
715 2765 749 2830 id
772 2765 832 2829 fiat
854 2765 921 2829 siue
944 2765 1148 2852 Apostolieoe

13 2940 18 2948 „
37 2855 298 2947 deducentem,
324 2864 496 2948 perpensis
512 2862 780 2928 intolerabilibus
796 2862 1037 2942 exactionibus,
1061 2883 1147 2948 quae

2 2957 172 3044 ,patelaria
198 2969 234 3022 et
256 2960 490 3026 ecclesiasticis
513 2962 664 3046 personis
685 2960 950 3047 imponebantur.
1003 2960 1076 3040 Udi,
1100 2961 1147 3024 iu·

1 3055 107 3137 ⁴,iuuit
139 3059 234 3142 reprai
262 3081 372 3145 nempe
402 3060 520 3145 paud,
553 3059 637 3145 qaod
671 3059 764 3141 absit,
792 3058 957 3144 praedicti
977 3060 1167 3137 lascessitusv

17 3152 211 3233 Διιίιιιιιιίιαταί,
237 3157 351 3220 uadum
374 3156 415 3220 ab
437 3158 540 3243 ipsius
558 3156 722 3243 praelatis
744 3167 774 3220 et
791 3158 939 3242 personis
961 3157 1146 3222 ecclesiasti·

36 3252 76 3327 {dr
95 3254 146 3318 tibi
167 3253 223 3317 ecl
245 3255 311 3339 ipsi
329 3253 426 3318 Sada
450 3254 559 3320 eadem
582 3255 761 3318 concederet
782 3266 813 3318 et
828 3255 955 3341 suamet
976 3253 1146 3333 subvenis-i,

12 3343 126 3419 'sslterum
155 3354 257 3418 etiam
287 3353 316 3416 si
346 3354 498 3438 caepisset
529 3377 630 3431 casus,
664 3353 708 3417 ud
731 3353 855 3432 calices,
886 3375 991 3416 maces
1019 3351 1146 3436 aliaque

8 3454 153 3551 propriu
176 3473 262 3515 vasa
284 3473 379 3515 sacra
409 3475 522 3516 munus
545 3453 736 3530 extenderat,
759 3453 949 3538 priusquam
973 3459 1094 3514 tautum
1117 3459 1147 3512 et

3 3547 97 3660 με
117 3571 247 3636 rspnam
278 3561 342 3612 tom
372 3550 439 3635 ipsi
470 3548 548 3614 Sadi
577 3573 694 3627 corum,
726 3550 787 3613 imo
818 3548 1014 3612 carissimum
1044 3555 1075 3608 at
1105 3545 1146 3609 ad

6 3647 149 3732 lautique
173 3647 330 3724 Quotam,
355 3659 527 3733 capmtessd
548 3648 679 3710 minoris
695 3669 788 3710 curae
812 3645 960 3732 defectui,
983 3644 1146 3729 quondum

6 3736 74 3801 lad
91 3769 123 3809 eo
142 3745 289 3834 efficacis
319 3745 517 3831 defensionis
543 3745 715 3831 praesidia
746 3747 922 3809 auraretur.
976 3742 1145 3806 Postremo

38 3846 102 3915 ‚leun
121 3842 355 3926 indignatione
388 3843 497 3928 rejicit
520 3842 701 3926 malignam
735 3843 1039 3928 interpretationem
1069 3861 1145 3925 quo·

1 3919 185 4046 lundam,
219 3941 309 4005 acsi
335 3941 435 4004 etiam
459 3939 503 4004 ad
527 3963 567 4006 ec
590 3938 715 4005 tributa
748 3961 783 4004 se
815 3940 1010 4004 extenderet
1038 3939 1146 4024 prohi-

8 4035 115 4116 itio,
142 4039 188 4103 ad
215 4040 453 4123 quaeratione
481 4039 656 4104 feudorum
690 4037 904 4102 ecclesiastici
937 4037 1145 4103 tenebantur.

49 4089 115 4198 buu,
125 4150 151 4202 et
177 4133 252 4214 alii,
276 4135 401 4218 scribit,
436 4137 490 4222 qui
513 4137 650 4222 malique
679 4147 850 4222 surrepant
880 4136 1037 4200 diceutes:
1069 4135 1146 4200 Jam

38 4247 93 4331 ,ito
115 4245 266 4320 poterunt
291 4231 437 4320 praelati
467 4244 498 4298 et
523 4257 683 4321 personae
714 4233 942 4300 ecclesiasticae
974 4235 1065 4318 repsi
1100 4235 1147 4297 tui
