2850 4834
423 428 555 484 Theoriae
573 427 607 482 de
625 427 750 496 Imperio.
1096 429 1152 484 203

33 570 171 656 politicis
192 583 225 636 et
246 571 483 657 temporalibus
507 571 752 636 subordinatur.
784 569 851 636 Sed
865 571 1050 657 Imperator
1073 571 1149 636 sub·

32 670 196 734 ordinatus
227 681 277 734 est
299 669 454 734 Pontifici
478 679 515 733 ut
538 669 708 734 Ecclesiae
741 670 842 754 capiti
867 671 902 734 in
926 669 1026 734 rebus
1056 672 1149 755 spiri·

31 768 181 845 tualibus,
211 791 251 832 ac
278 770 462 852 generatim
487 769 633 831 maxime
656 769 800 832 revereri
830 767 930 832 debet
952 769 1149 833 Pontificem

31 879 62 928 ot
86 865 172 930 filius
196 875 323 950 patrem
347 867 449 930 etiam
473 867 507 930 in
524 888 584 929 sua
608 887 719 930 rerum
743 865 1045 931 administratione.
1085 864 1151 930 Illa

30 966 125 1048 ipitur
153 966 342 1040 reuerentia,
381 965 498 1049 inquit,
542 961 662 1028 Caesar
692 975 803 1027 utatur
836 965 880 1028 ad
911 965 1048 1044 Petrum,
1087 987 1151 1050 qua

26 1064 249 1146 primogenitas
268 1060 361 1144 filias
394 1060 484 1124 debet
514 1063 563 1125 uti
593 1062 637 1124 ad
663 1073 799 1147 patrem,
837 1073 873 1125 at
905 1059 972 1125 luca
992 1071 1150 1148 potamos

27 1161 149 1242 potiar
180 1157 361 1224 illustratus
384 1161 557 1224 virtuosius
588 1158 691 1222 orbem
723 1170 826 1222 terrae
850 1160 1031 1241 irradiet.¹)
1078 1159 1150 1223 Etsi

30 1279 103 1320 raro
138 1259 273 1340 Dentes,
313 1254 481 1321 inculcata
520 1256 683 1342 ejusmodi
722 1257 911 1321 reverentia
950 1258 1080 1340 mitiget
1117 1265 1151 1320 et

28 1355 181 1419 smulciat
205 1356 392 1420 doctrinam
417 1377 521 1432 suam,
547 1377 622 1420 cum
648 1377 687 1420 ea
702 1364 814 1420 tamen
830 1377 910 1419 vera
933 1365 1079 1441 potestas
1102 1357 1149 1419 in-

28 1453 151 1516 directa
164 1453 306 1518 Romani
323 1453 497 1517 Pontificia
522 1452 769 1539 intemporalia
786 1455 966 1518 consistere
990 1451 1150 1539 nequit.²)

28 1549 198 1614 Caeterum
223 1551 361 1617 theoriis
384 1552 462 1632 suis,
488 1574 574 1638 quae
597 1552 640 1616 ad
656 1563 801 1637 systema
824 1551 998 1637 cujusdam
1024 1551 1149 1616 coordi-

27 1650 165 1713 nationis
189 1651 361 1736 utriusque
386 1651 558 1735 potestatis
574 1650 755 1736 spiritualis
772 1659 804 1714 et
818 1650 1009 1736 temporalis
1033 1650 1148 1715 reduci

27 1749 157 1830 possint,
190 1748 262 1832 ipse
287 1746 476 1833 Aligherius
501 1759 588 1812 certe
613 1746 737 1812 nullam
767 1751 1007 1835 oppositionem
1034 1757 1149 1813 contra

28 1845 219 1910 Pontificem
245 1846 449 1911 intendebat.

107 1989 163 2054 53.
188 1991 371 2053 Doctrinae
395 1990 476 2052 istae
502 1987 543 2052 de
567 1988 678 2053 indole
701 2011 742 2052 ae
766 1988 929 2072 dignitate
954 1989 1090 2074 Imperii
1116 1999 1149 2052 et

26 2085 60 2148 «le
89 2088 163 2173 ejus
199 2086 460 2171 independentia
484 2109 504 2150 a
527 2088 676 2151 Romano
708 2085 871 2151 Pontidce
902 2086 1079 2153 Gibellinis
1113 2087 1147 2150 in

27 2185 112 2248 ltalia
150 2184 248 2248 valde
278 2194 437 2269 acceptae
467 2184 611 2266 fuerunt,
652 2196 684 2248 et
719 2195 867 2269 tempore
890 2184 958 2248 litis
982 2184 1149 2248 Ludovici

27 2284 142 2348 bavari
183 2307 259 2348 cum
284 2282 414 2348 Joanne
438 2283 543 2348 XXII
582 2285 683 2348 etiam
723 2285 757 2347 in
787 2281 860 2348 aliis
899 2281 1092 2367 regionibus
1116 2305 1150 2347 se

27 2391 259 2466 propagarunt,
293 2382 465 2467 magisque
489 2380 642 2445 evolutae
667 2391 754 2446 sunt.
801 2380 998 2446 Ludovicus
1022 2390 1055 2444 et
1079 2381 1151 2465 ejus

26 2480 175 2557 asseclae,
201 2481 443 2564 scriptoresque
466 2481 523 2564 qui
540 2479 611 2564 ejus
628 2500 764 2543 eausam
781 2477 1004 2542 defenderunt
1026 2480 1150 2564 passim

26 2579 228 2658 statuebant,
263 2576 423 2641 electione
455 2579 491 2640 in
522 2597 631 2660 regem
664 2574 867 2640 Germaniae
905 2574 1046 2640 electum
1079 2587 1150 2639 tum

27 2675 98 2740 illud
124 2697 268 2760 regnum
293 2685 363 2738 tum
386 2675 568 2760 Imperium
593 2675 776 2761 acquirere,
800 2695 862 2739 nec
879 2672 1051 2738 Pontifiois
1075 2695 1150 2738 con·

26 2773 240 2838 firmationem
268 2773 402 2858 requiri,
427 2783 464 2836 ut
480 2774 554 2858 quis
571 2773 715 2857 Imperio
740 2773 896 2856 potiatur.
928 2771 1054 2836 Romae
1070 2793 1149 2836 vero

26 2871 120 2952 plebis
153 2871 331 2936 multitudo
349 2872 383 2934 in
402 2872 614 2935 coronatione
631 2869 797 2934 Ludovici
814 2871 888 2934 visa
901 2880 951 2934 est
964 2879 1150 2949 autumare,

27 2969 189 3034 voluntate
206 2968 321 3054 populi
339 2968 480 3032 Romani
497 2969 653 3032 constitui
668 2968 917 3052 Imperatorem.
943 2967 1151 3052 Scriptorum

25 3068 155 3151 quidem
172 3065 289 3152 aliqui,
314 3067 362 3130 uti
377 3065 549 3152 Lupoldus
562 3064 860 3148 Babenbergensis,
887 3065 966 3129 dum
983 3064 1150 3128 Ludovici

26 3187 154 3230 causam
179 3165 369 3245 tuebantur,
396 3164 622 3228 moderatione
638 3163 783 3250 quadam
801 3165 851 3227 usi
869 3172 955 3244 sunt,
980 3162 1038 3226 sed
1055 3161 1151 3248 pleri-

24 3285 77 3348 qnc
113 3285 233 3327 omnes
265 3284 436 3326 excessere
466 3261 597 3342 limites,
631 3273 664 3326 et
687 3260 889 3325 Pontificum
913 3259 1151 3345 Ecclesiaeque

25 3365 250 3426 auctoritatem
284 3383 367 3424 ausu
399 3361 542 3446 pessimo
577 3361 870 3446 impugnaverunt.
917 3359 969 3421 Ita
1000 3367 1153 3422 auctores

25 3459 210 3544 Defensoris
232 3461 337 3544 pacis,
371 3456 498 3523 Occam
528 3459 652 3543 pariter
683 3456 806 3542 aliique
830 3455 1151 3536 Pseudominoritae,

42 3625 47 3628 .
90 3622 234 3630 ———-

88 3721 106 3784 ι)
127 3718 159 3772 a.
181 3715 236 3770 nr.
258 3715 281 3784 §-
305 3718 345 3770 rs.

88 3815 110 3880 ¹)
131 3815 264 3868 Advertit
283 3813 444 3866 adtentum
472 3811 586 3866 citatum
607 3812 793 3865 Mormrchioc
813 3810 962 3878 Friedberg
989 3809 1029 3864 De
1058 3808 1152 3864 finium

28 3893 89 3948 iuter
101 3895 206 3948 Eccles.
228 3899 258 3948 et
276 3893 418 3947 civitatum
438 3891 617 3960 regendorum
633 3891 735 3959 judicio
755 3891 778 3960 g.
797 3895 822 3946 t.
843 3907 867 3958 p,
882 3890 932 3943 61:
954 3889 1081 3955 ,Minime
1098 3889 1158 3944 hac

27 3973 90 4029 iure
109 3977 269 4042 discrepans
288 3989 305 4026 a
324 3973 501 4038 Bellarmino,
527 3973 573 4039 qui
593 3973 645 4026 nisi
665 3971 734 4025 hanc
751 3971 934 4026 reverentiam
953 3969 1044 4037 Papae
1062 3970 1151 4023 vindi·

27 4069 84 4118 una
103 4065 196 4110 tamen
216 4052 340 4113 omnibus
359 4053 437 4107 illum
458 4053 592 4120 imperare
615 4051 780 4119 praedicat!
808 4051 859 4105 Sed
879 4059 954 4105 certe
972 4050 1155 4105 Bellarminus

30 4135 98 4190 talem
117 4135 322 4190 anctoritatem
347 4139 376 4188 et
402 4133 471 4188 talia
485 4133 549 4201 jura
568 4131 694 4187 Pontifici
713 4132 843 4197 vindicat,
867 4146 937 4200 quas
955 4131 984 4184 in
1002 4139 1152 4199 systemate

29 4211 118 4270 luatis
137 4233 192 4272 non
213 4213 402 4270 inveniuntur.
