2840 4840
342 475 486 530 Dissidium
505 491 564 529 eum
584 473 811 529 Columnensibus.
1104 471 1139 529 33

46 617 96 680 Sed
117 639 192 684 mox
214 619 347 684 rebellio
362 639 513 705 repressa
536 627 584 682 est
608 628 640 681 et
664 617 751 682 bona
776 617 840 683 illis
864 618 1019 703 adempta
1042 627 1137 698 suut3

46 715 92 800 ipsi
115 737 190 782 roro
208 716 443 783 Columnenses
467 719 501 782 in
525 718 637 780 varias
660 718 812 800 regiones
826 717 1035 802 aufugerunt,
1061 737 1138 780 non·

45 813 106 878 nulli
124 816 165 880 ad
181 815 374 903 Philippum
390 813 523 880 Galliae
544 835 666 899 regem,
683 835 780 900 aquo
794 815 900 879 amiso
912 815 1036 898 recepti
1051 823 1137 878 sunt.

112 913 163 978 34.
210 915 261 978 Ex
293 915 391 978 dietis
423 912 635 977 manifestum
669 922 727 995 est,
762 933 828 976 non
852 911 1047 980 Pontificem
1081 912 1138 976 sed

13 1062 16 1066 ,
44 1007 257 1076 Columneuses
281 1012 359 1076 huic
383 1010 519 1075 dissidio
544 1018 577 1073 et
599 1008 685 1074 bello
708 1033 841 1074 oausam
858 1009 998 1091 dedisse,
1023 1019 1056 1074 et
1078 1009 1138 1074 Bo·
1156 1007 1291 1112 mill:

1 1107 185 1193 '‘nifatium,
218 1133 282 1196 qua
314 1107 510 1174 Pontificem
543 1118 575 1171 et
606 1129 672 1193 qua
694 1109 879 1193 prinoipem
912 1108 1136 1193 temporalem,
1285 1099 1290 1110 ’

9 1245 11 1248 -
43 1209 136 1272 nerito
160 1230 256 1272 usum
281 1208 381 1272 faisse
404 1205 552 1270 oensuris
576 1215 608 1268 et
631 1207 732 1269 armis
755 1205 798 1270 ad
822 1205 895 1271 illos
912 1206 1138 1272 schismaticos

5 1365 10 1370 .
42 1315 64 1365 et
92 1307 123 1370 in
155 1307 342 1392 prinoipem
371 1325 467 1368 suum
500 1301 639 1367 rebelles
673 1305 706 1367 in
740 1303 890 1368 ordinem
930 1304 1137 1390 redigendos.

42 1399 244 1468 Nihilominus
280 1403 380 1466 etiam
411 1411 545 1486 propter
577 1399 660 1464 baso
691 1403 823 1485 negotia
857 1403 1073 1486 gravissimae
1104 1403 1139 1467 in

13 1545 15 1550 .
40 1495 224 1566 Bonifatium
239 1521 374 1586 sparsae
389 1512 421 1562 et
436 1500 642 1584 conscriptae
659 1508 736 1562 siant
751 1501 988 1564 accusationes,
1013 1501 1140 1564 Dentes

5 1665 8 1668 ,
38 1602 157 1682 potitust)
189 1599 345 1663 Ferratus
369 1597 566 1661 Visentinus
594 1607 628 1660 et
651 1597 851 1662 Francisous
875 1599 1045 1684 Pipinus²)
1070 1620 1140 1663 nar·

4 1731 15 1770 4
39 1707 105 1778 rant,
132 1697 340 1762 Bonifatium
365 1715 466 1781 quum
493 1695 704 1758 Praenestem
733 1697 834 1759 armis
858 1717 1049 1780 expugnare
1073 1717 1140 1760 uon

5 1837 9 1860 ς
41 1805 137 1875 posset
161 1789 377 1859 aoceisivisse
400 1791 590 1856 (luidonem
616 1817 635 1856 a
658 1791 867 1858 Montefeltro
892 1795 1059 1880 quondam
1083 1794 1140 1859 du·

9 1907 93 1969 yram
115 1892 258 1956 militum
284 1891 534 1972 astutissimam,
566 1901 646 1953 tuno
673 1891 942 1974 Francisoanum,
977 1903 1009 1956 et
1038 1895 1140 1958 oonsi-

34 1983 101 2052 lium
122 1991 164 2055 ab
190 2011 230 2054 so
254 1991 399 2075 petiisse.
429 1989 530 2052 Hune
546 1990 575 2052 ei
593 1989 743 2068 suasisse,
769 2000 806 2052 ut
820 1988 941 2054 dolosis
955 1992 1142 2076 promissio·

1 2127 20 2170 ,5
58 2087 116 2153 ‘bns
145 2092 239 2154 aives
271 2087 549 2174 deoipe1·et3·p1·o
582 2085 645 2150 boe
677 2097 788 2150 autem
820 2087 956 2152 oonsilio
985 2111 1140 2174 perverso

8 2229 11 2236 .
55 2181 261 2252 bsolutionem
282 2209 302 2250 a
319 2185 485 2250 Bonifatio
510 2187 621 2250 statim
636 2186 770 2271 petiisse
787 2195 820 2248 et
836 2185 1025 2252 obtinuisse.
1051 2187 1140 2250 Dein

16 2355 20 2358 .
56 2303 99 2348 ero
120 2309 140 2350 a
162 2283 346 2366 Bonifatio,
378 2295 493 2347 contra
521 2282 621 2346 fidem
647 2281 924 2348 Columnensibus
947 2293 979 2348 et
1002 2286 1141 2349 Praene-

38 2366 113 2479 'ptinis
128 2385 163 2447 in
179 2383 290 2469 pastis
305 2382 427 2465 datam,
452 2382 631 2463 civitatem,
657 2403 758 2467 quum
775 2381 906 2446 reddita
922 2394 1015 2464 esset,
1039 2383 1141 2448 fuisse

38 2492 180 2575 mattam
215 2491 249 2544 et
281 2479 493 2546 destructam.
524 2517 568 2528 -
592 2479 690 2544 Hane
723 2482 956 2564 narrationem,
988 2482 1141 2567 quamvis
1257 2520 1261 2528 ·

9 2582 117 2664 ,hope
139 2579 330 2666 repetitam,
355 2599 479 2642 meram
504 2599 575 2642 esse
598 2577 753 2642 fabellam
778 2589 928 2642 auctores
952 2578 1048 2642 modo
1068 2579 1140 2664 jam

16 2719 24 2758 ,-
40 2662 242 2758 basentium,
269 2688 301 2740 et
324 2679 411 2741 inter
433 2675 516 2741 alios
539 2677 632 2742 Tosti
656 2675 676 2740 l.
695 2699 723 2742 e.
741 2676 775 2740 id
800 2677 914 2742 solidis
938 2680 1141 2761 argumentis

15 2746 180 2863 ,lassavit
212 2777 400 2860 ·Imprimis
424 2774 535 2840 Guido
567 2796 604 2838 eo
630 2785 776 2860 tempore
808 2795 872 2860 quo
898 2775 1074 2840 Praeneste
1105 2775 1139 2838 in

41 2870 133 2959 panus
155 2873 320 2938 Bonifatii
345 2875 506 2959 pervenit,
539 2873 658 2937 Assisii
691 2873 760 2937 vita
784 2873 918 2938 functus
942 2882 990 2937 est
1014 2872 1140 2960 (mense

42 2962 204 3056 tapambri
224 2995 252 3037 a.
270 2971 379 3055 1298),
405 2970 555 3057 adeoque
574 2969 646 3056 jam
664 2993 723 3056 per
745 2993 779 3035 se
803 2993 869 3035 non
894 2980 943 3035 est
957 2969 1140 3057 probabile,

1 3059 14 3154 ,⁸
37 3058 134 3154 baum,
158 3071 426 3136 Francisoanum
450 3071 546 3134 morti
570 3069 770 3154 proximum,
796 3091 934 3154 magnas
966 3077 1074 3155 partes
1105 3069 1140 3133 in
1180 3111 1183 3119 ,

1 3160 79 3250 Ἰο
99 3169 180 3234 bello
206 3166 356 3232 finiendo
381 3166 547 3234 habuisse.
594 3168 778 3252 Scriptores
803 3167 878 3230 dein
904 3168 1018 3231 ooaevi
1043 3165 1141 3230 histo-

75 3268 82 3329 i
97 3267 154 3332 hae
178 3267 226 3332 de
249 3289 285 3330 re
308 3264 392 3330 nihil
408 3266 563 3331 referunt.
603 3264 780 3330 Praeterea
795 3285 874 3329 vero
891 3286 933 3328 ex
949 3265 1030 3349 ipsis
1044 3263 1141 3327 factis

68 3363 191 3451 lligitur,
222 3363 312 3429 haud
336 3365 442 3449 pactis
461 3364 562 3445 initis,
587 3362 645 3427 sed
669 3362 714 3426 od
729 3362 947 3426 discretionem
970 3360 1141 3424 Pontifiois

4 3449 35 3548 a,
75 3463 216 3530 rdinales
240 3460 478 3527 Columnensea
508 3483 542 3525 se
565 3469 664 3546 atque
697 3459 865 3524 castellum
891 3460 1139 3523 Praenestinum

4 3545 43 3624 l.-
77 3563 180 3626 nifatio
210 3559 397 3627 tradidisse.
450 3559 562 3641 Quum
587 3569 700 3644 postea
725 3555 962 3622 Columnenses
986 3557 1020 3620 id
1045 3578 1141 3640 nega·

1 3643 29 3743 ῥ’,
85 3670 144 3724 tet
166 3657 376 3724 Bonifatium
402 3669 607 3738 accusarent,
632 3655 722 3742 quod
737 3666 869 3740 praeter
891 3654 992 3719 fidem
1017 3654 1139 3736 datam,

64 3755 186 3821 vitatem
220 3753 446 3838 destruxisset,
478 3775 588 3820 coram
614 3752 784 3818 Clemente
815 3754 893 3817 Va.
919 3753 1004 3816 1305
1039 3753 1139 3816 Fran·

15 3847 26 3860 ⁹
56 3847 63 3864 ’“
91 3875 125 3918 ns
148 3853 251 3920 Card.
277 3853 432 3936 Gaetani,
464 3863 502 3916 ut
528 3852 688 3916 Bonifatii
721 3851 914 3915 memoriam
943 3848 1140 3928 vindicaret,

68 3947 123 4016 lida
146 3953 439 4037 argumentatione
472 3949 635 4037 ejusmodi
667 3949 850 4013 calumnias
881 3947 1075 4026 confutavit,
1108 3957 1141 4010 et

89 4118 231 4126 --————-

98 4185 116 4246 ‘l
132 4185 255 4250 inferno,
274 4187 347 4238 eant.
365 4179 480 4237 XXVII.

6 4274 8 4288 ⁴
100 4265 117 4336 ¹)
133 4267 164 4324 V.
184 4263 274 4330 Tanti,
292 4263 326 4320 V.
346 4261 382 4318 11.
401 4259 562 4316 Documenti
580 4260 611 4314 B.

84 4365 214 4417 Jnnmanu,
230 4365 419 4406 Dissertationes.
434 4364 498 4402 Tom.
514 4361 554 4402 Vl.
