2828 4842
293 471 347 524 sto
460 469 575 524 XXVII.
594 469 634 524 De
653 469 755 523 haeres.
775 469 939 536 repressione
958 485 990 522 ao
1008 469 1041 524 de
1059 469 1252 524 Decretalibns

141 614 271 718 ”ffatim
383 613 436 680 30.
463 613 608 696 „Verum
625 611 844 698 Raymundus
868 611 951 677 nrbrl
967 633 1079 676 eornm
1096 635 1180 698 qnae
1195 612 1394 699 spoponderat

293 723 468 776 exsecutus
499 723 558 779 est.
614 710 824 796 Quapropter
853 709 1031 790 Romanus,
1064 707 1251 775 Cardinalis
1274 711 1392 774 Honorii

293 809 430 894 legatus,
461 832 548 874 anno
579 810 693 874 1225
685 832 719 873 rn
743 808 872 892 synodo
898 809 1076 872 Parisiensi
1102 808 1330 892 Raymundum
1351 830 1393 870 ex-

294 909 563 991 communicavit,
588 918 621 970 et
639 905 716 993 jura
741 908 774 972 in
799 909 992 971 comitatum
1016 906 1218 972 Tolosanum
1243 906 1284 970 ab
1301 904 1393 970 Alma-

292 1009 361 1070 rico
392 1008 426 1070 in
456 1004 667 1069 Ludovicum
700 1025 811 1087 regem
851 1005 1016 1068 transfusa
1048 1005 1156 1069 eidem
1194 1003 1394 1068 confirmarit.

292 1103 486 1168 Ludovicus
515 1101 599 1166 VIII
632 1103 876 1187 crucigerorum
911 1105 1093 1168 exercitum
1135 1105 1169 1167 in
1204 1102 1393 1169 Ocoitaniarr

293 1201 399 1283 duxit,
428 1199 539 1286 plnres
563 1221 655 1263 arces
678 1210 711 1265 et
734 1199 832 1264 urbes
856 1209 955 1288 atque
979 1202 1188 1265 Avenionem
1219 1211 1291 1286 post
1312 1201 1393 1262 triuio

293 1300 456 1364 mensium
481 1296 688 1362 obsidionem
719 1299 907 1383 occupavit.
960 1299 1060 1362 Brevi
1085 1309 1168 1384 post,
1203 1320 1290 1362 anno
1316 1297 1395 1362 1926.

294 1397 487 1462 Ludovicus
515 1395 600 1460 VIII
631 1395 731 1478 obiit,
771 1397 867 1481 eique
891 1397 1050 1460 successit
1072 1418 1097 1461 s.
1121 1396 1315 1462 Ludovicus
1342 1393 1395 1457 IX.

292 1495 362 1560 Sub
388 1497 522 1582 juniore
552 1493 741 1576 Ludovico,
773 1493 924 1558 hortante
948 1491 1108 1579 Gregorio
1139 1516 1227 1580 papa
1252 1493 1316 1572 IX,
1344 1493 1394 1556 Inr-

292 1593 404 1658 bertus
428 1592 673 1679 Bellojocensis,
698 1593 808 1676 regius
829 1594 1073 1677 crucigerorum
1091 1591 1170 1672 dux,
1196 1589 1316 1655 bollum
1339 1612 1395 1676 pro·

292 1704 424 1757 secutus
448 1702 506 1772 est,
539 1713 575 1754 eo
601 1711 675 1754 cum
708 1711 871 1770 successu,
903 1701 940 1752 ut
971 1689 1188 1775 Raymundus
1221 1689 1264 1754 ad
1296 1691 1396 1753 incius

292 1791 456 1870 redactus,
481 1811 568 1852 anno
589 1789 673 1851 1229
698 1788 911 1873 praescriptis
935 1787 997 1851 sibi
1023 1810 1042 1851 a
1065 1787 1240 1852 Ludovico
1265 1789 1314 1853 IX
1336 1799 1394 1850 eta

292 1889 440 1952 Romano
466 1885 646 1966 Cardinali,
680 1884 890 1969 Apostolicae
914 1883 1011 1950 Sedis
1038 1885 1155 1971 legato,
1186 1887 1280 1972 pacis
1304 1885 1394 1948 condi·

291 1983 438 2049 tionibus
472 1984 656 2048 assenserit.
716 1981 953 2047 Conditionum
985 2006 1114 2048 summa
1146 1983 1228 2048 haec
1262 1995 1341 2064 erat,
1369 1997 1395 2042 nt

291 2082 510 2167 Raymnndus
534 2079 705 2144 Ecclesiae
729 2090 762 2144 ct
784 2082 852 2164 regi
879 2080 1007 2146 Galliae
1032 2081 1131 2146 iidem
1156 2093 1312 2160 servaret,
1337 2104 1394 2144 con·

291 2193 439 2243 tumaces
471 2177 654 2242 haereticos
678 2199 695 2241 e
720 2180 815 2242 terris
838 2179 907 2242 suis
931 2177 1079 2263 pelleret,
1112 2179 1235 2245 damna
1267 2179 1395 2245 ecclesiis

291 2276 381 2341 illata
404 2277 585 2358 resarciret,
612 2275 742 2340 duobus
766 2275 934 2360 theologis,
959 2277 1094 2342 totidem
1117 2277 1322 2343 decretorum
1344 2299 1395 2339 ma-

290 2377 411 2460 gistris,
436 2397 494 2439 sex
511 2373 699 2438 liberalium
717 2376 836 2438 artium
856 2377 1020 2459 magistris
1044 2386 1077 2439 et
1100 2375 1229 2440 duobus
1253 2397 1394 2463 gramma·

291 2476 376 2555 ticis,
401 2475 458 2559 qui
481 2471 620 2537 Tolosae
643 2471 777 2558 publice
801 2471 967 2553 docerent,
993 2473 1194 2559 stipendium
1212 2486 1394 2539 numerarat.

293 2571 424 2684 Quibus
449 2572 554 2656 pactis
578 2581 611 2634 ct
629 2570 761 2655 juratis,
791 2569 1010 2654 Raymundus
1043 2593 1152 2635 comes
1176 2595 1195 2636 a
1219 2572 1325 2658 legato
1347 2571 1398 2633 llo·¹

292 2671 381 2733 mani
406 2669 492 2734 Pont
493 2669 576 2732 ificis
600 2667 643 2731 ab
659 2669 1004 2732 excommunicatione
1028 2669 1091 2732 fnit
1109 2669 1281 2734 absolutus
1304 2684 1332 2734 et
1348 2669 1393 2732 Er

291 2768 410 2832 clasiae
445 2765 741 2846 reconciliatus.)“¹
806 2763 963 2850 Quinque
996 2789 1088 2830 arces
1126 2769 1272 2832 munitas
1304 2767 1395 2832 Ludo·

290 2869 364 2930 vico
389 2865 440 2930 IX
465 2865 638 2948 commisit,
671 2850 839 2949 filiamque
870 2885 963 2927 suam
994 2865 1128 2928 unicam
1160 2865 1393 2931 Joannamdr·
1396 2857 1397 2860 ¹

291 2965 462 3049 sponsavit
486 2961 657 3046 Alphonso
681 2960 846 3025 Lndovioi
871 2961 921 3026 IX
945 2964 1049 3029 fratri
1097 2963 1169 3028 Hac
1193 2967 1319 3029 ratione
1341 2961 1392 3024 bel·

290 3061 357 3125 lum
384 3063 605 3124 cruciatorum
631 3071 744 3124 contra
768 3057 966 3142 Albigcnses
989 3063 1201 3128 terminatum
1226 3063 1299 3129 luit.

364 3169 416 3232 31.
433 3168 591 3231 Attamen
605 3166 750 3231 haeresis
762 3164 980 3230 Catharornm
997 3167 1107 3231 adhuc
1124 3169 1187 3234 late
1203 3170 1324 3234 diffusa
1338 3185 1395 3230 crat,

291 3269 323 3330 in
350 3267 420 3330 istis
443 3264 643 3348 regionibus,
668 3274 700 3328 ct
724 3263 845 3328 exinde
869 3286 892 3329 s.
911 3263 1105 3330 Ludovicus
1120 3267 1171 3332 IX
1195 3279 1295 3356 atque
1310 3270 1395 3341 etiarn,

290 3366 412 3449 passim
437 3361 655 3446 Raymundus
679 3361 742 3424 Vll
772 3361 863 3447 justa
892 3383 966 3425 curn
992 3365 1167 3428 severitate
1198 3389 1272 3430 eam
1306 3365 1393 3446 magis

291 3464 462 3546 magisque
487 3459 655 3524 eradicare
680 3461 743 3523 nisi
768 3469 854 3523 sunt.
900 3459 1066 3525 Paulatim
1100 3466 1212 3527 variae
1249 3463 1394 3530 nobilium

290 3582 391 3640 arces,
424 3580 508 3644 quae
537 3556 723 3638 haereticis,
755 3559 947 3642 praesertIm
980 3559 1148 3644 perfectis,
1183 3562 1341 3648 praesidio
1367 3537 1394 3620 etl

289 3657 416 3742 refugio
441 3655 640 3736 serviebant,
666 3665 875 3740 expugnatae
900 3666 931 3718 et
955 3655 1141 3722 destructae
1158 3673 1243 3724 sunt.
1290 3661 1393 3760 Sarrae,

290 3755 441 3841 Inquisit'
435 3755 555 3817 ronist
543 3705 722 3816 tribubalia
740 3775 817 3816 vero
841 3753 884 3818 ad
909 3757 1106 3839 pravitatem
1132 3757 1326 3822 haereticam
1350 3729 1393 3816 tul

290 3851 495 3937 stirpandam
529 3852 674 3914 maxime
705 3873 747 3913 ex
781 3850 836 3914 illo
872 3863 1018 3937 tempore
1055 3857 1233 3919 constituta
1266 3856 1392 3950 fuerunt,

290 3951 471 4015 etFratres
489 3949 746 4030 Praedicatores,
772 3971 892 4033 magno
917 3951 1082 4014 interdum
1108 3953 1297 4018 discrimine
1318 3953 1392 4063 sitrq

289 4072 378 4129 suae,
410 4061 479 4111 tum
512 4047 772 4133 praedicatione,
804 4057 874 4112 tum
905 4051 1118 4135 inquisitione
1152 4053 1185 4114 in
1217 4050 1391 4124 haereticos,

364 4255 383 4321 ¹)
403 4253 436 4308 V.
456 4252 591 4316 Woutere,
611 4251 725 4306 Dissert.
744 4251 774 4305 Τ.
794 4253 842 4308 IV.
862 4253 925 4310 diss.
944 4252 1099 4313 XXXVIII,

1375 4569 1389 4794 l
