2902 4848
457 467 498 521 De
516 465 622 534 synodo
641 466 808 523 Florentino.
1142 465 1195 520 381

66 633 158 674 ureae
168 612 303 696 peruersi
325 620 355 674 et
378 609 538 676 soluturus
553 615 627 700 jum
650 633 807 676 commuue
831 611 978 688 debitum,
1003 610 1067 674 Dei
1089 611 1197 696 patio

66 707 174 772 seruo
187 719 217 772 et
229 707 389 772 subsuibo
402 710 589 772 senteutiam
604 731 703 772 meam
719 720 827 795 operte
843 709 1045 772 universitati
1058 729 1196 770 meorum

58 805 219 889 filiorum.
272 805 387 871 Omuia
419 807 518 892 iqitur
551 829 630 890 quae
654 807 750 870 sentit
772 817 905 892 etquae
929 805 1122 891 doqmatizut
1145 827 1195 866 eu·

69 903 191 968 thelica
221 913 250 968 et
280 902 458 989 apostolica
491 903 634 968 Ecclesia
657 905 699 968 D.
727 903 769 970 N.
796 903 877 968 Jesu
904 900 1025 967 Christi
1062 901 1197 964 senioris

68 1003 204 1079 Romae,
228 1001 296 1087 ipse
312 1023 430 1087 quoque
453 1003 553 1066 seatio
578 1013 608 1066 et
630 1003 672 1065 iis
686 1025 733 1066 me
750 1004 991 1087 acquiescentem
1005 1001 1046 1065 do
1061 1023 1098 1063 oc
1114 999 1195 1063 elice.

68 1099 225 1182 Profiteor
264 1121 382 1185 qaoque
416 1099 628 1164 serueueram
653 1100 779 1164 Putrem
802 1102 934 1164 Patrum
958 1123 994 1162 ac
1020 1099 1197 1162 Massiuam

68 1196 253 1280 Pontificem
283 1207 312 1260 et
342 1197 500 1260 Vivarium
524 1197 566 1262 D.
593 1197 637 1262 N.
662 1197 743 1262 Jesu
770 1195 892 1263 Christi
921 1197 965 1260 ad
988 1205 1105 1260 certam
1135 1215 1195 1257 oru-

67 1295 160 1358 uium
187 1293 286 1379 fldem
316 1293 508 1382 faciendum
545 1287 603 1376 (εἷς
634 1299 767 1358 uanior
803 1292 1038 1382 riaqolicqru),
1076 1313 1196 1356 aecuou

59 1393 290 1478 parqutorium
313 1395 502 1457 animorum.
537 1394 577 1456 la
600 1393 709 1456 lterum
732 1395 849 1480 quippe
863 1392 964 1477 fidem
987 1391 1197 1476 subscriptum

67 1501 118 1554 eat
142 1491 193 1554 die
217 1491 255 1554 9⁰
278 1491 622 1556 meuaisJuuii1429
646 1489 823 1554 Iudietioue
853 1490 999 1554 secunda.
1049 1490 1113 1552 Die
1136 1486 1194 1553 Ju-

67 1589 118 1652 nii
147 1589 205 1652 11⁰
232 1609 308 1652 eum
338 1609 460 1674 magna
490 1587 697 1654 solemnitate
728 1589 922 1653 Patriareha
951 1584 1118 1671 Josephus
1148 1607 1195 1650 se-

67 1683 184 1770 pultus
208 1687 313 1750 estin
338 1683 479 1750 eeclesia
502 1686 540 1750 B.
565 1683 610 1752 M.
636 1685 796 1771 Virginis.

161 1819 215 1883 43.
248 1817 418 1899 Quantum
443 1819 631 1905 pertinebat
654 1820 696 1885 ad
714 1822 925 1906 quaestiones
949 1819 990 1884 de
1004 1817 1193 1904 purqatorio
1214 1815 1368 1918 Qflfflm

66 1925 104 1978 et
129 1914 170 1980 de
194 1915 339 2002 beatifica
354 1918 419 1981 Dei
440 1918 560 1981 uisiurse
583 1928 661 1982 aute
685 1917 774 1982 diem
796 1918 918 2003 judieii
943 1917 1093 1998 extremi,
1117 1912 1195 1978 illae
1327 1906 1333 1918 ’

66 2035 139 2078 non
164 2013 300 2079 multum
330 2017 453 2099 negotii
470 2014 662 2096 attulerunt,
688 2037 791 2102 quum
802 2017 874 2102 jam
908 2023 1006 2080 antea
1021 2012 1194 2078 Ferrarius

67 2121 182 2175 essent
203 2121 362 2176 tractatae
385 2135 426 2176 ao
449 2113 572 2178 Graeci
598 2135 637 2177 ea
661 2135 746 2198 quae
770 2113 813 2178 ad
838 2113 959 2198 dogma
983 2108 1195 2198 pertinebant

66 2218 148 2294 post
183 2209 309 2295 aliquot
351 2209 591 2295 explieationos
634 2210 857 2276 admitterent.
918 2209 1037 2291 Quoad
1077 2231 1196 2294 partem

65 2307 324 2372 Eucharistiasm
346 2310 446 2372 etiam
472 2319 711 2390 convenerunt,
744 2311 816 2374 sive
850 2329 1006 2402 azymum
1040 2308 1111 2370 sive
1134 2305 1194 2369 fer-

66 2415 254 2470 mentatum
286 2427 406 2492 panem
439 2429 509 2471 esse
538 2405 685 2470 validam
717 2429 757 2472 ae
780 2405 963 2491 legitimam
988 2403 1194 2470 Sacramenti

66 2505 255 2569 materiam.
312 2504 358 2567 At
393 2506 542 2590 quaestio
582 2502 623 2568 de
659 2506 804 2589 primatu
842 2504 983 2569 Romani
1023 2502 1196 2567 Pontificis

65 2599 240 2664 diffieilior
272 2602 337 2666 fuit
359 2611 393 2666 et
414 2601 545 2686 longius
569 2611 771 2688 pertractata
794 2611 852 2668 est.
898 2603 1082 2687 Imperator
1105 2601 1193 2663 enim

66 2697 300 2762 consentiebat
324 2698 470 2785 quidem,
506 2711 542 2764 nt
569 2701 731 2786 primatus
754 2701 936 2783 generatim
961 2705 1196 2784 agnosceretur
1263 2755 1265 2762 .

65 2799 103 2860 in
137 2795 286 2861 Romano
318 2797 496 2881 Pontifice,
536 2821 603 2864 non
634 2819 713 2862 vero
745 2801 779 2863 in
813 2799 925 2884 speeie
957 2805 1117 2883 quantum
1151 2793 1194 2858 ad

65 2892 310 2980 appellationes
340 2895 383 2960 ad
408 2896 592 2960 Romam
617 2896 737 2962 Sedem
768 2896 811 2961 ab
839 2896 913 2962 aliis
937 2894 1072 2960 sedibus
1096 2894 1194 2979 patri-

65 2989 271 3072 archalibus,
313 3003 373 3057 aut
403 3004 563 3080 quantum
604 2993 647 3058 ad
679 2993 937 3060 celebrationem
969 2991 1193 3058 Consiliorum

65 3091 359 3155 oecumenicorum
375 3092 447 3156 sine
463 3092 678 3177 Imperatoris
702 3103 735 3156 et
758 3091 1020 3178 patriarcharum
1046 3111 1193 3154 assensu.

64 3189 325 3268 Verumtamen,
349 3190 421 3254 Deo
441 3191 594 3276 juvante,
619 3187 739 3256 Graeci
763 3190 937 3276 paulatim,
961 3199 1101 3274 excepto
1126 3209 1193 3252 uno

64 3285 183 3350 Marco
207 3285 390 3372 Ephesiae,
423 3290 480 3374 qui
504 3299 663 3374 perpetuo
688 3291 803 3354 unioni
828 3290 1039 3375 repugnavit,
1072 3289 1106 3352 in
1131 3287 1193 3352 La-

64 3385 212 3448 tinorum
239 3388 436 3450 seutentiam
463 3398 710 3454 consenserunt.

159 3517 214 3581 44.
261 3520 351 3583 Dein
391 3531 502 3584 aetum
539 3531 588 3584 est
626 3521 667 3586 de
707 3519 906 3584 documento
938 3521 1070 3584 unionis
1094 3530 1192 3583 etex

65 3628 210 3702 utraque
234 3628 326 3702 parte
351 3639 410 3682 sex
433 3619 498 3682 viri
522 3619 564 3683 ad
580 3617 660 3683 illud
678 3619 924 3684 conficiendum
939 3616 1081 3700 delegati
1098 3628 1192 3700 sunt3

64 3714 210 3780 refertur
231 3725 343 3780 autem
368 3718 588 3802 compositum
619 3717 722 3782 fuisse
746 3719 924 3803 praecipue
947 3717 990 3780 ab
1015 3714 1192 3780 Ambrosio

65 3813 263 3878 Traversari
287 3813 410 3879 abbate
435 3813 693 3898 camaldulensi,
723 3818 791 3901 qui,
815 3825 898 3880 teste
922 3817 992 3901 ipso
1018 3813 1192 3900 Syropulo,

66 3913 157 3976 inter
171 3932 285 3974 omnes
297 3911 434 3977 Latinos
458 3913 582 4000 optime
604 3915 637 3978 in
650 3912 765 3998 lingua
781 3936 900 3998 graeca
916 3923 1065 3978 versatus
1080 3923 1160 3978 erat.
1168 3912 1194 3998 ¹)

143 4167 165 4241 ¹)
179 4170 302 4242 Ἔγραψε
322 4170 353 4238 yi
371 4169 456 4222 αὐτὸν
479 4168 542 4240 (τόν
560 4168 638 4240 ὅρον)
664 4169 679 4222 ὁ
705 4169 843 4239 Μοναχός
860 4169 1023 4242 Ἀμβρόσιος
1041 4169 1056 4222 d
1075 4171 1196 4236 latirus,

64 4251 170 4309 ἐκεῖνος
188 4249 242 4321 γάρ
260 4247 294 4316 ἢν
313 4254 358 4315 τῆς
376 4249 513 4316 illustris
532 4248 659 4308 uarietas
677 4249 908 4322 εἰδημονέσιερος.
927 4247 1073 4319 Syropulos
1091 4265 1116 4318 p.
1129 4253 1194 4306 281.
