2916 4842
411 489 588 544 Dimidiomm
606 489 695 545 initia
1092 491 1144 547 105

43 635 168 718 lectoriae
190 633 321 711 mer-itia,
346 653 405 718 quo
423 631 541 719 placet,
566 633 717 697 convertit
738 629 832 697 illud.
879 632 948 697 Hoc
970 633 1144 698 ideo-dici-

48 751 104 806 πω,
128 731 212 816 quod
235 732 389 818 princepe
418 741 533 809 noster,
572 731 725 816 (noudum
754 741 790 794 ut
811 731 966 796 credimus
989 755 1145 797 cenorum

47 829 179 914 tepula),
200 829 275 914 fuit
298 830 430 892 antebac
453 831 579 916 impertio
604 853 685 908 acer,
709 828 841 893 coneilio
859 839 1037 917 promptus,
1062 829 1143 894 bello

39 923 116 1010 fue,
137 949 241 990 rerum
264 926 439 990 arduorum
462 939 492 991 et
513 925 636 1013 pieriae
660 938 823 1014 appetem,
854 929 995 1016 iujuriae
1018 929 1144 994 omuino

44 1023 198 1109 impatiens,
230 1023 375 1110 affabilis
405 1047 442 1088 ac
465 1022 611 1090 liberalia
637 1035 668 1088 et
693 1024 861 1112 splendide
890 1026 1029 1090 disertus
1040 1081 1043 1091 .
1043 1031 1146 1116 jueta

43 1120 142 1184 ι’ᾰίοπια
163 1122 293 1210 liupuce
328 1123 446 1209 euoe.¹)
492 1121 576 1187 lnde
609 1122 652 1188 ab
683 1122 778 1186 initio
808 1121 1008 1208 rudericus,
1042 1146 1144 1210 quum

43 1215 216 1284 dominandi
239 1219 422 1285 admodum
446 1220 589 1306 cupidus
613 1229 706 1305 esset,
731 1219 896 1306 quaedam
919 1220 1050 1306 agebat,
1075 1225 1145 1309 qui·

43 1314 91 1379 bus
118 1318 193 1402 jura
228 1317 400 1383 Ecclesiae
437 1317 600 1383 laedebat.
653 1317 853 1383 Concordati
891 1317 1145 1385 Wormatiensis

41 1423 154 1498 statuta,
193 1415 353 1481 videlicet
395 1419 429 1481 in
465 1415 625 1481 electione
656 1417 803 1502 episcopi
837 1417 1145 1504 Magdeburgensis,

43 1533 137 1595 parum
157 1516 301 1597 curavit,
325 1524 425 1602 atque
448 1513 591 1596 volebat,
616 1523 654 1579 ut
676 1525 854 1600 antequem
879 1518 1144 1582 excommunica·

42 1611 120 1676 tionis
141 1615 306 1677 sententia
330 1614 364 1676 in
388 1612 533 1678 latrones
556 1623 589 1678 et
605 1613 782 1678 violatores
806 1611 968 1677 bonorum
992 1612 1145 1680 ecelesia·

42 1711 174 1775 eticorum
200 1712 482 1797 pronuntiaretur,
519 1733 619 1776 causa
643 1710 827 1776 deferretur
856 1709 900 1775 ad
931 1709 1077 1776 tribunal
1102 1715 1145 1777 ei·

42 1804 100 1872 vile.
143 1807 223 1890 Qua
245 1807 287 1871 de
310 1829 346 1872 re
369 1808 541 1894 Eugenius
557 1809 609 1874 III
631 1807 838 1891 Wibaldum,
863 1818 900 1873 ut
923 1831 1035 1894 regem
1059 1833 1145 1876 com·

42 1917 177 1988 pesceret,
204 1907 343 1970 monuit.

109 2011 139 2078 5.
185 2013 327 2077 Amicae
355 2013 487 2077 interim
524 2013 610 2078 inter
635 2013 844 2078 Friderioum
882 2023 915 2078 et
946 2013 1143 2081 Pontificem
1171 2036 1299 2078 convenae

41 2107 145 2176 litterae
169 2112 269 2177 datae
293 2120 383 2194 sunt,
417 2122 559 2176 stanno
586 2112 671 2177 1153
695 2112 749 2176 die
773 2113 834 2176 23⁰
856 2096 969 2177 Martii
1000 2112 1044 2177 ed
1068 2098 1318 2202 con-⁰⁰¹²'ffi‘ffl'

43 2210 226 2274 stitnendam
264 2209 474 2274 concordiam
506 2207 735 2276 Sacerdotium
775 2212 861 2274 inter
898 2220 931 2275 et
964 2210 1146 2297 Imperium

47 2301 241 2372 Constantiae
263 2308 306 2372 ab
330 2307 473 2393 Eugenii
490 2307 542 2372 111
566 2317 598 2373 et
620 2307 783 2372 Frideriei
807 2306 823 2371 I
845 2306 962 2392 legatis
986 2311 1147 2373 convectio

48 2403 108 2468 inita
138 2415 172 2470 et
206 2407 373 2492 utrimque
403 2405 590 2492 subscripta
619 2417 677 2472 est.
724 2405 891 2471 Convenit
914 2406 1041 2471 scilicet
1063 2409 1150 2472 inter

45 2499 108 2584 illos,
130 2514 168 2568 ut
181 2503 374 2568 Fridericus
398 2503 526 2568 nullum
550 2525 626 2568 oum
647 2505 805 2569 Romanis
829 2503 882 2570 vel
907 2526 982 2569 cum
1006 2505 1147 2590 Rogerio

44 2619 103 2682 rege
124 2599 261 2666 Siciliae
291 2611 426 2690 pactum
460 2603 559 2666 iniret
587 2603 658 2667 sine
682 2623 844 2668 consensu
866 2602 1052 2686 Pontificis,
1087 2604 1149 2668 Ro·

44 2717 140 2764 manos
171 2698 311 2765 rebelles
335 2699 571 2788 (Arnaldistas)
602 2700 645 2765 ad
673 2701 869 2788 obsequium
896 2700 1068 2767 Pontificio
1101 2724 1149 2766 re·

44 2793 171 2878 duceret,
206 2807 239 2862 et
271 2797 467 2882 dignitatem
498 2798 703 2884 pontificiam
731 2822 771 2864 ac
793 2799 919 2886 regalia
941 2799 1036 2864 Beati
1058 2799 1149 2865 Petri

43 2905 211 2980 protegeret
237 2905 337 2983 atque
369 2896 576 2963 defenderett
612 2896 768 2962 Pontifex
795 2908 905 2962 autem
929 2897 1149 2981 Fridericum,

44 3013 130 3075 quum
164 2995 305 3060 Romam
339 2997 495 3078 venisset,
532 2996 769 3083 Imperatorem
807 3005 979 3061 coronaret
1013 2996 1150 3082 ejusque

44 3094 258 3157 anctoritatem
281 3092 509 3181 protegeret.²)

117 3199 148 3264 6.
193 3199 384 3287 Antequam
420 3200 613 3266 Friderious
658 3201 904 3286 expeditionem
944 3203 979 3265 in
1016 3199 1150 3265 Italiam

46 3299 218 3382 susciperer,
241 3297 413 3383 Eugenins
436 3298 489 3362 III
512 3298 566 3363 die
592 3297 734 3364 7⁰Ju1ii
758 3300 837 3363 anni
863 3299 949 3364 1153
974 3297 1066 3365 obiit.
1107 3297 1150 3364 Ei

46 3395 71 3456 in
90 3417 213 3460 summo
236 3396 443 3482 pontificatu,
476 3398 524 3461 uti
543 3397 616 3483 jam
639 3396 796 3478 vidimus,
828 3397 986 3461 successit
1009 3397 1150 3463 Anaua·

47 3491 98 3554 risu
112 3495 132 3556 l
134 3493 170 3574 V,
193 3516 291 3582 quem
314 3516 402 3558 anno
426 3495 578 3580 sequenti
603 3494 657 3559 die
681 3495 718 3559 2⁰
736 3493 932 3559 Decembris
955 3493 1151 3560 defunctum

46 3594 162 3677 excepit
195 3593 387 3658 Hadrianeia
421 3592 475 3657 IV
515 3591 659 3678 Anglus,
705 3603 804 3658 antee
846 3591 955 3657 dictus
992 3591 1151 3658 Nicolaus

48 3683 245 3775 Breakspeaq
281 3701 381 3776 atque
412 3689 601 3755 Oardinalis
636 3693 810 3777 episcopus
840 3689 1052 3756 Albanensis.
1098 3690 1152 3755 De

49 3785 134 3866 ipsius
157 3789 314 3854 electione
338 3799 371 3854 et
395 3789 505 3855 indole
527 3790 614 3855 Boeo
640 3787 828 3855 Cardinalis
852 3811 995 3854 coaevus
1018 3787 1151 3854 scribit:

53 3883 227 3953 Trmucunte
257 3899 361 3952 amm
389 3889 511 3952 modico
544 3889 693 3975 temporie
716 3885 886 3952 interuallo
910 3888 988 3952 obiit
1011 3886 1151 3952 Anasta·
1217 3969 1221 3976 Ι

49 3983 101 4047 ries
123 3985 227 4072 Papo,
258 3997 288 4051 et
319 3988 355 4050 iu
380 3987 518 4050 secundo
542 3987 593 4050 die
617 3984 872 4050 convenientibus
902 3986 937 4050 iu
963 4007 1063 4052 untur
1088 4006 1153 4071 pro

49 4115 239 4132 ·-—-——·——..

110 4189 130 4256 ¹)
149 4189 232 4256 Epist
250 4191 303 4246 344
321 4205 366 4258 ap.
385 4189 603 4256 watterich,11.
622 4190 683 4246 ³14.

110 4271 133 4334 ¹)
149 4269 182 4325 V.
195 4269 320 4326 wouters
339 4271 358 4328 l.
377 4286 400 4325 c.
419 4299 453 4311 -
473 4270 624 4325 Consentio
642 4275 734 4324 exstat
752 4283 796 4338 ep.
815 4268 979 4335 Watterieh‚
998 4268 1035 4323 11.
1054 4267 1116 4324 318.
