2844 4840
361 463 402 518 De
420 463 550 518 electione
570 463 715 519 Clementis
734 465 767 518 V.
1091 466 1126 521 87

35 608 82 672 sibi
103 611 226 674 nomine
251 607 405 672 Clemens
429 607 469 690 V,
498 608 532 671 in
558 609 751 672 memoriam
776 606 956 672 Clementis
980 608 1038 688 IV,
1069 611 1126 696 qui
1153 612 1223 650 ⁶⁰⁸¹*
1236 609 1286 711 1⁰¹*

34 707 134 790 pariter
154 729 194 770 ex
217 705 328 771 Gallia
351 705 513 770 oriundus
535 716 568 769 et
591 707 660 789 regi
685 727 710 771 s.
727 705 902 770 Lndovioo
927 705 1024 772 valde
1049 709 1128 772 ami·
1173 681 1264 714 mm

34 825 78 866 cns
90 804 196 870 fuerat.
238 803 433 869 Cardinales
445 802 563 867 litteris
578 802 664 867 datis
680 824 773 867 suam
790 801 1007 868 Sanctitatem
1028 806 1128 870 etiarn

31 916 111 986 atque
133 905 228 967 etiam
254 902 426 986 rogabant,
460 911 497 964 nt
520 901 562 966 ad
587 901 706 966 Sedem
731 901 915 966 Romanam
947 903 1128 968 accederet.

32 999 195 1082 Sicorin-rite,
223 1000 384 1080 scribunt,
418 1000 586 1084 s'nqee'muo,
619 1001 800 1078 succurrite,
828 1001 930 1078 Pater,
955 1011 985 1063 et
1007 1003 1129 1066 sauciet-

29 1109 110 1160 turnm
132 1098 259 1162 orrlnera
280 1097 540 1184 praesentialiter
565 1109 702 1182 perpete
731 1100 819 1176 nino,
844 1109 873 1160 et
890 1109 1032 1184 perpetu
1062 1100 1129 1164 oleo

21 1194 119 1278 j'orete.
163 1199 240 1261 Non
263 1196 392 1259 debirent
415 1197 541 1281 quippe,
566 1195 650 1280 quod
672 1197 707 1258 e'n
731 1194 811 1260 Sede
836 1196 923 1260 Petri
951 1198 1131 1262 residebitis

21 1292 132 1372 sortior,
155 1294 297 1358 lucebitis
320 1294 449 1370 clarior,
472 1296 507 1356 e'n
532 1304 617 1357 terra
641 1298 707 1384 ejus
730 1296 839 1358 vinetis
863 1297 1007 1380 quietior,
1032 1307 1061 1358 et
1083 1321 1129 1360 re-

28 1394 100 1454 notis
121 1392 252 1477 sepibus,
278 1392 483 1478 principibus
511 1402 603 1477 utque
622 1390 754 1477 populis
777 1393 1001 1458 admirabilior
1030 1397 1128 1477 eitra,

26 1499 48 1543 «t
68 1492 199 1574 ipsorum
222 1491 415 1554 devotionem
439 1501 468 1552 et
492 1489 704 1553 obedientiam
722 1490 852 1576 plenius
882 1494 1064 1576 aequi-retia,
1095 1495 1129 1556 in

25 1610 71 1647 irio
102 1611 229 1673 numque
264 1589 355 1652 domo
390 1598 436 1651 est
467 1589 679 1672 *unusquisqne
705 1588 842 1674 planeta
874 1591 1043 1674 potentior.
1091 1592 1130 1654 In

24 1685 136 1749 ecclesia
153 1688 294 1772 propria
316 1686 448 1771 quiescit
470 1687 539 1770 quis
568 1685 709 1751 dulcius:
745 1687 829 1749 ensis
850 1691 950 1774 jueta
983 1689 1130 1774 caprilem

25 1785 118 1860 iriam,
141 1789 267 1874 ejusque
284 1805 366 1870 pars
391 1806 470 1868 qaae
495 1784 596 1870 inopie
619 1783 719 1847 dietat
735 1809 755 1847 α
772 1783 886 1870 capulo
906 1785 983 1871 plue
996 1787 1130 1850 discidit:

24 1881 274 1967 rirnfreqnenter
291 1881 369 1968 plns
392 1892 585 1968 spernuntur·
596 1883 796 1968 persaepius,
822 1906 859 1946 oo
874 1881 1013 1968 facilins
1038 1883 1130 1947 odito

24 1977 59 2038 et
78 1982 218 2064 quaesita
241 1980 402 2044 vilescunt.
441 1979 547 2043 Venite
564 2003 635 2066 erpo
652 1991 745 2066 atque
760 1982 878 2044 nostrie
901 1983 936 2044 in
957 1982 1015 2046 boc
1032 1991 1130 2068 parte

22 2080 85 2138 rotis
113 2079 268 2141 assentiat
298 2087 403 2140 nestra
438 2075 626 2163 benipnitas,
662 2101 755 2163 qnam
783 2077 858 2142 bene
886 2078 1001 2164 dinque
1027 2078 1130 2142 calere

20 2175 159 2258 capiimus,
191 2177 303 2238 iterum
334 2175 591 2260 supplicamus.¹)
638 2173 702 2240 Sed
730 2174 883 2240 Clemens
910 2178 993 2240 votis
1017 2174 1130 2240 Cardi-

22 2271 130 2335 nalinm
156 2273 245 2336 haud
270 2271 456 2354 obsecutus,
487 2274 520 2337 in
546 2271 690 2338 GnIIInm
714 2295 770 2337 eos
794 2275 979 2355 accersivit,
1013 2285 1050 2337 ut
1081 2295 1128 2338 so·

21 2366 121 2434 lemnia
145 2371 218 2457 ejus
241 2372 409 2434 coronatio
434 2369 559 2435 ibidem
584 2381 808 2458 perageretur.
832 2410 875 2418 —
900 2371 1074 2454 Attamen,
1098 2377 1128 2438 ei

19 2481 82 2530 tnnc
114 2469 263 2533 nondum
289 2471 494 2554 propositum
526 2481 610 2553 erat,
642 2472 689 2534 nti
715 2469 893 2533 multorum
918 2471 980 2534 sert
1004 2473 1128 2556 opinio,

20 2579 45 2628 nt
66 2580 196 2652 propter
220 2566 335 2630 turbas
360 2566 481 2652 quibus
506 2566 603 2632 Italia
627 2568 816 2652 agitabatur
841 2570 875 2631 in
893 2566 1007 2632 Gallia·
1027 2591 1129 2632 rema-

20 2680 104 2728 neret.
137 2665 205 2730 Sed
223 2666 255 2729 in
274 2664 422 2728 consiliis
439 2665 593 2745 habebat,
619 2674 655 2728 ut
679 2666 810 2748 negotia
827 2666 990 2751 quaedam
1016 2665 1128 2750 magni

18 2765 170 2842 nomenti,
195 2764 388 2848 praesertim
414 2785 529 2849 pacem
554 2765 640 2826 inter
652 2764 815 2828 Franciae
832 2775 863 2827 et
877 2762 1018 2848 Angliae
1035 2785 1130 2848 reges

16 2875 40 2919 et
60 2860 304 2946 expeditionem
329 2863 526 2942 cruciatam,
558 2874 635 2925 ante
667 2873 823 2926 tractaret
853 2873 885 2926 et
916 2861 959 2925 ad
984 2863 1128 2926 tanetum

17 2957 200 3040 perduceret
224 2959 341 3034 finem;
366 2972 403 3023 ut
427 2949 663 3044 perio-versus
685 2961 805 3025 festum
830 2962 978 3024 omnium
996 2961 1129 3024 Sancto-

17 3077 76 3118 rum
106 3057 259 3121 Viennae
291 3058 362 3142 ejus
393 3060 562 3122 coronatio
589 3070 808 3142 perageretur,
852 3073 884 3122 et
919 3057 996 3124 inde
1027 3058 1129 3144 Alpes

18 3157 167 3219 transiens
191 3154 331 3218 Romam
364 3157 434 3241 ipse
467 3155 740 3241 proficisceretur.
786 3155 825 3220 Id
851 3154 938 3220 clare
965 3155 1130 3239 colligitur

15 3273 48 3312 es
69 3253 209 3338 epistola
233 3275 332 3339 quam
356 3253 513 3317 Pontifex
538 3253 569 3318 d.
595 3253 689 3318 VIII.
713 3254 789 3318 Kal.
814 3253 1017 3340 Septembris
1041 3251 1129 3317 illius

14 3351 78 3412 anni
98 3351 185 3416 1305
211 3350 254 3416 ad
270 3349 467 3415 Eduardum
484 3353 499 3414 I
517 3350 658 3434 Aninae
683 3373 794 3436 regem
811 3352 942 3417 direxit.
981 3349 1128 3437 „Magni-

13 3447 148 3514 tudinem
168 3452 281 3536 itaque
296 3451 432 3534 regiam,
450 3449 575 3531 scribit,
598 3460 667 3513 tum
682 3460 814 3536 propter
829 3452 966 3514 intimae
981 3447 1129 3514 dilectio-

14 3545 54 3607 nis
81 3549 252 3628 affectum,
285 3569 383 3633 quem
415 3547 458 3612 ad
483 3549 592 3633 ipsum
618 3570 748 3634 semper
771 3547 950 3612 habuimus
973 3558 1006 3612 et
1028 3546 1127 3612 habe·

13 3663 80 3725 nos,
103 3659 177 3710 tum
203 3647 304 3710 etiam
329 3655 463 3731 propter
486 3645 646 3710 nonnulla
670 3647 755 3710 inter
779 3659 810 3711 te
834 3658 867 3711 et
890 3656 1001 3730 regem
1026 3645 1128 3710 Fran·

10 3741 69 3806 ciae
97 3743 262 3808 illustrem
295 3746 388 3830 pacis
419 3755 451 3809 et
483 3747 604 3831 qnietis
636 3746 845 3831 procuranda
878 3756 910 3809 et
942 3742 1129 3809 ordinanda

10 3837 151 3925 salubria,
179 3851 214 3904 et
237 3843 374 3928 insuper
397 3843 438 3907 de
463 3853 569 3908 terrae
594 3855 728 3908 sanctae
752 3846 905 3930 passagIo
930 3844 1057 3908 intImis
1073 3841 1127 3906 de·

10 3935 122 4010 sideriis
153 3938 281 4025 aIquni
316 3941 505 4026 cupientes,
539 3941 690 4006 eamdem
722 3965 878 4028 rogamus
901 3954 933 4007 et
956 3939 1129 4004 hortamur

11 4123 210 4136 *Ἠ

69 4251 87 4316 ¹)
105 4252 157 4319 Ap.
178 4249 315 4318 Raynald.
335 4251 369 4306 nd
387 4267 411 4305 a.
433 4252 547 4307 130811.
567 4254 592 4309 6.
