2844 4840
338 427 377 481 De
395 426 476 480 Bulla
498 425 587 482 [laura
605 427 757 511 Soractem..
1087 427 1123 482 49

29 584 108 656 atque
129 569 333 651 exhibeatur,
359 579 395 634 nt
410 581 662 634 mouumentum
684 571 900 656 praecipuum
916 573 1123 656 arrogantiae

30 667 228 732 Romanorum
258 667 469 750 Pontificum,
493 689 559 754 qna
590 667 851 732 dominationem
883 666 1068 734 absolutam
1092 677 1125 734 et

30 764 225 830 universalem
249 787 348 852 super
371 787 465 851 reges
488 767 589 831 stiam
613 777 646 830 et
668 785 771 849 regna
792 768 950 831 universa
964 767 1028 832 sibi
1052 769 1123 832 vin·

29 863 201 944 dicaverint,
220 863 357 949 juvabit
370 865 534 950 imprimis
558 885 643 950 quae
667 866 701 928 in
722 865 786 928 ista
802 864 1045 930 Constitutione
1069 865 1125 930 ha·

30 961 137 1038 bentnr,
160 963 272 1026 citare.

97 1059 147 1122 53.
174 1057 276 1124 Unam
291 1070 434 1123 sarratam
450 1057 640 1124 Eccdeeiam
657 1058 853 1140 catholicam,
878 1069 908 1124 et
922 1062 1026 1146 ipsam
1050 1083 1124 1147 apo·
1141 1063 1289 1110 ”⁰¹¹⁸0t0'*

27 1155 156 1234 aelisam,
179 1167 308 1242 arpenta
323 1155 401 1240 fide,
425 1156 551 1220 eredere
572 1157 709 1243 capimur
725 1168 755 1220 et
771 1167 882 1239 tenere,
906 1180 1023 1243 nosque
1045 1159 1125 1222 lianc
1163 1127 1274 1170 m*

26 1255 136 1332 leniter
166 1253 322 1320 credimus
345 1265 374 1318 et
398 1255 585 1341 simpliciter
608 1255 807 1334 confitemur,·
839 1265 932 1320 eaetra
954 1279 1047 1341 qaam
1069 1279 1126 1320 nec

27 1353 98 1416 mles
118 1365 171 1432 cet,
201 1375 258 1417 nec
279 1354 422 1418 amasio
440 1364 654 1440 peccatoram,
685 1375 799 1440 spem
822 1354 858 1418 ia
885 1350 1025 1418 Cantiois
1051 1375 1127 1439 pro-

27 1451 177 1514 claamnte:
204 1451 276 1516 Una
292 1461 337 1515 est
353 1450 496 1515 columba
510 1473 590 1530 mea,
604 1450 749 1538 perfecta
764 1473 833 1515 mea
842 1474 854 1531 ,·
876 1473 942 1514 ana
956 1461 1002 1516 est
1016 1451 1128 1516 mauis

28 1571 96 1626 eoae,
118 1548 215 1612 meta
237 1549 400 1635 psaltricis
424 1571 510 1626 meae,
534 1571 613 1634 quae
636 1571 733 1612 unum
755 1571 867 1634 empus
890 1551 1051 1635 mysticam
1081 1571 1128 1612 re·

25 1657 199 1730 praesentat,
224 1650 313 1736 cajus
336 1647 480 1733 corporis
504 1656 600 1732 caput
619 1645 774 1729 Christus,
803 1643 923 1712 Christi
937 1668 1008 1712 vero
1023 1647 1128 1727 Deas,·

28 1746 126 1829 inqua
148 1767 231 1809 naas
256 1745 420 1825 Dominus,
444 1769 510 1808 una
524 1743 620 1828 ficies,
645 1767 742 1808 senum
765 1743 932 1830 baptisma.
951 1793 959 1810 .
976 1793 984 1807 .
1002 1793 1010 1808 .
1029 1746 1128 1831 [gitur

30 1841 165 1908 Eccleeim
188 1845 283 1906 unicas
299 1853 329 1906 et
344 1843 457 1906 urticae
472 1865 569 1906 unum
583 1864 706 1928 corpus,
730 1865 827 1906 unum
849 1853 954 1929 caput,
978 1864 1042 1906 non
1065 1841 1127 1906 duo

27 1943 115 2025 capita
137 1941 230 2028 quasi
253 1950 433 2020 mensu-am,
462 1937 608 2004 Christus
636 1937 756 2004 scilicet
779 1950 809 2003 et
835 1937 958 2004 Christi
978 1941 1128 2017 uicerim,

30 2039 118 2103 Petrae
141 2040 288 2124 Patrique
310 2059 477 2119 succesum,
502 2037 624 2102 dicente
647 2037 785 2103 Domino
808 2037 874 2124 ipsi
896 2038 1009 2101 Petro:
1031 2039 1130 2102 Pasce

26 2157 83 2200 aas
103 2159 195 2202 meas.
306 2133 378 2200 Siva
409 2155 481 2220 enyo
510 2133 628 2200 Graeci
654 2136 719 2198 siue
751 2133 812 2198 alii
842 2156 875 2198 se
903 2134 1013 2200 dicant
1035 2135 1129 2199 Petro

26 2239 131 2320 ejusque
145 2233 373 2299 memnonias
386 2257 452 2298 non
466 2255 531 2298 esse
547 2233 735 2312 commarca,
751 2232 925 2319 fateantur
940 2256 1060 2298 necesse
1075 2244 1130 2310 est,

28 2356 51 2392 a
71 2333 104 2396 ele
126 2331 234 2398 evilea
262 2328 383 2396 Carisa
406 2353 469 2396 non
493 2329 600 2415 asaal)
629 2329 751 2395 dicente
774 2331 910 2394 Domino
934 2333 969 2394 ia
991 2331 1130 2409 Jocnne,

29 2453 106 2493 auum
127 2431 208 2495 ovile
240 2441 268 2494 et
291 2430 416 2494 unicum
446 2451 512 2494 esse
532 2439 705 2514 pastorem.
749 2429 787 2491 Ia
813 2429 870 2492 lac
894 2433 1018 2518 ejusque
1044 2440 1130 2515 pote·

28 2538 93 2590 aute
113 2529 192 2592 duos
222 2550 286 2590 esse
316 2527 442 2611 pladios
472 2527 673 2614 spiritualem
699 2524 844 2590 'uidelicet
867 2537 896 2588 et
920 2525 1132 2612 temporalem,

32 2625 211 2712 Ernnyelicie
244 2625 339 2690 dicas
375 2625 572 2690 instruimur.
630 2624 718 2688 Nam
749 2624 924 2690 dicentibus
953 2625 1133 2710 Apostolia:

31 2721 91 2784 Ecce
104 2723 209 2810 aladii
231 2723 293 2788 duo
309 2722 367 2803 laic,
391 2723 426 2786 in
442 2720 586 2786 Ecclesia
602 2722 729 2800 scilicet,
753 2744 846 2807 qaum
860 2720 1009 2807 Apostoli
1031 2719 1133 2808 loque·

31 2831 128 2899 rentur,
151 2845 216 2886 non
238 2821 404 2906 respondit
419 2821 585 2899 Dominae,
609 2821 704 2884 animis
728 2841 802 2898 esse,
827 2821 882 2884 sed
905 2822 993 2885 scas.
1045 2820 1132 2887 Certe

30 2919 72 3000 prii
92 2921 121 2982 ia
141 2929 299 3005 potestate
323 2919 412 2982 Petri
439 2917 643 3004 temporalem
664 2918 808 3004 eludium
830 2939 895 2981 esse
918 2928 1020 3003 nepat,
1051 2917 1132 2984 male

32 3015 135 3079 serlum
150 3016 287 3080 attendit
296 3015 429 3080 Domini
436 3015 650 3102 proferentia:
678 3013 826 3080 Converte
841 3012 984 3100 alodium
1000 3025 1085 3080 tuum
1098 3019 1133 3080 in

33 3116 167 3199 rapinam.
197 3115 329 3200 Uterque
340 3136 411 3199 erpo
421 3117 456 3178 ia
462 3124 619 3201 potestate
632 3114 803 3194 Ecclesiae,
820 3111 999 3199 spiritualis
1014 3115 1134 3179 scilicet

30 3210 139 3292 eladius
161 3223 191 3276 et
214 3210 411 3276 materialis:
440 3211 497 3275 sed
519 3214 548 3275 is
571 3211 695 3297 quidem
717 3233 780 3296 pro
806 3210 958 3289 Ecclesia,
983 3209 1038 3274 ille
1061 3235 1133 3278 aero

32 3307 63 3368 at
88 3311 224 3376 Ecclesia
257 3309 467 3374 exercendas:
497 3307 552 3374 ille
584 3309 768 3387 sacerdotis,
800 3310 948 3372 amana
977 3321 1135 3394 aequmst

35 3407 157 3488 militum,
188 3408 243 3473 sed
267 3408 311 3470 aa
333 3419 442 3470 autum
465 3417 495 3470 et
512 3409 708 3494 patientiam
730 3406 945 3487 succrescat)
1004 3407 1134 3493 Oportet

33 3514 119 3566 ‹rctem
139 3505 283 3590 pladiani
306 3527 370 3568 esse
394 3504 449 3568 sal>
472 3503 592 3591 plodio,
626 3515 655 3568 et
686 3503 887 3590 temporalem
917 3507 1135 3568 anctoritatem

34 3603 180 3683 spirituali
192 3602 307 3691 subjici
325 3605 487 3688 potestati.
528 3604 615 3667 Nam
631 3625 724 3688 qaum
743 3602 831 3665 dicat
845 3601 1034 3687 Apostolus:
1059 3602 1135 3666 Non

34 3709 69 3759 at
89 3712 238 3784 potestas,
271 3702 336 3764 nisi
360 3725 380 3764 a
403 3701 482 3778 Deo,
516 3724 595 3786 quae
619 3711 723 3764 autem
745 3711 818 3764 sant
842 3723 863 3762 a
886 3701 953 3762 Deo
984 3701 1136 3766 ordinata

35 3807 112 3869 erent·
132 3821 194 3862 aare
218 3798 370 3862 ordinata
394 3810 505 3878 essent,
536 3799 601 3862 arisi
622 3799 750 3882 plo-dias
775 3808 853 3861 esset
875 3796 931 3861 ereb
953 3796 1072 3884 gladia,
1107 3810 1137 3862 et

36 3901 165 3978 linquam
189 3895 325 3981 inferior
347 3897 547 3962 reduceretur
572 3919 633 3982 per
657 3894 756 3960 alitem
779 3897 814 3960 ia
836 3917 992 3980 suprema.
1049 3895 1136 3960 Nam

36 3993 182 4056 tenendum
202 3993 239 4057 Β.
256 3995 455 4076 Dimeysium,
480 3994 532 4057 lem
548 3995 728 4058 divinitatis
743 4003 797 4072 est,
821 3993 929 4076 infima
949 4015 1010 4077 per
1033 3992 1137 4056 needia

46 4097 228 4110 Ἦ--ιι

96 4135 113 4190 ¹t
130 4134 162 4186 Υ.
181 4151 201 4188 s.
220 4133 350 4190 Bernard.
371 4135 405 4192 de
424 4133 584 4189 considerat.
604 4133 626 4188 L
655 4133 692 4188 ΙΙ.
712 4149 733 4189 c.
754 4133 779 4187 8.

96 4213 116 4280 ²)
133 4213 165 4268 V.
183 4231 204 4268 s.
223 4213 355 4268 Bernaml.
374 4213 406 4267 tls
426 4213 592 4268 consideret.
612 4213 643 4268 L.
656 4213 703 4266 IV.
724 4211 777 4268 o.3
797 4217 825 4266 et
844 4226 883 4280 ep.
904 4213 956 4266 ‘266
975 4211 1010 4265 atl
1030 4211 1136 4282 Eugsn.

80 4311 210 4364 Jungmuuu,
226 4315 413 4354 Dissertationum
428 4314 495 4354 Tum.
508 4313 547 4354 v1.
959 4303 975 4354 l
