2858 4834
218 449 304 503 Conse
322 449 530 505 matrimonialis
548 449 668 520 Philippi
686 451 717 506 II
734 451 840 506 Galliae
858 449 940 518 regis.
1084 447 1138 503 253

42 611 163 676 cunque
187 591 248 656 sibi
272 592 447 660 molestum
470 595 635 675 existeret,
661 617 736 659 eum
761 597 796 658 in
818 593 928 680 aliquo
954 590 1136 672 molestare,

41 689 100 772 quis
129 699 240 754 temen
272 692 461 776 oportebat,
502 713 577 756 eum
610 691 682 778 plns
713 692 847 757 coelesti
878 712 977 777 quam
1008 699 1137 755 terreno

40 787 90 870 regi
117 786 253 868 deferre,
293 798 326 853 et
355 791 426 854 sine
457 811 672 875 personarum
703 792 895 876 acceptione
933 787 1137 874 procederet,

38 887 105 946 sicut
125 887 209 948 ratio
232 886 476 972 postularet.“¹)
525 886 708 973 Epistolam
732 889 776 953 sd
804 889 996 973 episcopum
1019 885 1139 950 Parisi-

38 1003 130 1045 snsem
154 984 370 1048 Innocentius
393 985 524 1050 dedisse
549 986 684 1050 videtur
711 987 827 1071 primis
859 984 977 1050 diebus
1009 983 1139 1070 pontifi-

37 1090 112 1143 cstus
140 1083 203 1162 sui,
238 1103 352 1146 mense
374 1083 536 1148 ianuario
567 1083 621 1148 vel
651 1084 886 1167 Februari032)
926 1105 1028 1169 quum
1059 1102 1138 1146 vero

38 1176 102 1240 nihil
124 1179 325 1263 profecisset,
357 1181 411 1245 die
445 1181 502 1244 17⁰
524 1181 606 1268 Maji
630 1184 710 1247 anni
738 1182 823 1247 1198
852 1203 972 1266 graves
1002 1180 1065 1245 hec
1098 1179 1139 1244 de

36 1297 62 1336 re
80 1275 252 1362 adipsum
276 1277 470 1365 Philippum
493 1301 604 1363 regem
628 1278 753 1344 litteras
777 1279 909 1346 direxit.

106 1429 158 1495 33.
194 1429 286 1494 Inter
308 1431 372 1496 ulis
397 1432 529 1497 scribit:
557 1434 676 1497 Memor
698 1444 763 1497 esto
787 1433 980 1497 conditionis
1003 1442 1098 1510 tuna·
1112 1439 1141 1494 et

37 1527 188 1591 norissima
202 1534 305 1618 presa
326 1531 451 1594 cubum
475 1533 630 1618 sapientis
651 1532 827 1613 attendens,
851 1530 935 1616 quod
955 1527 1142 1593 scandalum

34 1623 59 1684 in
78 1623 217 1690 &sissia
236 1631 339 1714 parit,
364 1629 447 1714 quod
469 1627 560 1693 nobis
584 1629 808 1693 detractionem
830 1640 969 1715 perierat,
1001 1628 1141 1712 quadiu

31 1722 185 1802 perniciem
206 1727 332 1808 pencris
356 1728 495 1806 uertitur,
530 1738 559 1791 et
581 1728 616 1789 in
639 1727 841 1813 dispendium
864 1729 960 1790 totius
982 1727 1072 1811 repni
1094 1748 1140 1788 re·

33 1817 149 1897 tundat,
183 1821 268 1886 alios
297 1823 397 1887 simili
424 1847 625 1910 corrumpens
658 1825 810 1911 esemplo,
850 1827 990 1910 corripas
1017 1847 1082 1910 per
1113 1833 1140 1886 te

33 1917 127 1998 ipsum,
161 1920 420 2005 superinductam
444 1922 483 1986 de
497 1923 619 2006 finibus
641 1924 732 2009 repni
754 1923 949 1987 Francorum
971 1943 1140 1999 removeas,

32 2025 55 2074 rt
80 2037 145 2078 eam
166 2017 305 2082 reducas
334 2021 369 2083 in
398 2044 526 2105 repnum
555 2030 585 2083 et
614 2023 756 2106 repinam
789 2019 932 2108 appelles
963 2044 1000 2084 ac
1026 2018 1140 2104 facias

32 2111 189 2196 appellari,
223 2115 382 2182 mandans
404 2119 434 2182 ei
457 2117 496 2181 ab
521 2117 663 2182 omnibus
686 2129 835 2203 tanquam
856 2120 984 2203 rupinae
1008 2117 1141 2202 deferri,

30 2233 109 2290 quom
131 2235 152 2275 a
177 2221 207 2274 te
230 2214 335 2278 minus
357 2214 595 2280 rationabiliter
618 2215 771 2306 abjecisti.
796 2266 856 2282 ...
884 2215 1005 2290 Quodsi
1019 2215 1142 2301 forsan

32 2305 117 2390 (qud
139 2309 241 2396 absit)
273 2313 407 2399 desuper
430 2313 538 2378 datum
561 2337 626 2378 uon
648 2315 769 2400 fuerit,
802 2317 881 2379 sicut
905 2315 943 2378 de
960 2318 1035 2404 jure
1060 2325 1141 2376 tene-

33 2428 95 2482 uur,
110 2410 201 2496 juris
225 2408 285 2472 tibi
307 2411 466 2476 licentiam
489 2435 553 2475 non
575 2436 736 2498 nepamus,
761 2415 924 2499 quominus
939 2413 1036 2498 facta
1046 2412 1142 2497 prius

33 2505 214 2570 restitucione
259 2508 428 2573 audiamus
468 2521 499 2574 et
536 2509 748 2574 exaudiamus
785 2511 868 2596 quod
904 2509 1142 2575 rationabiliter

34 2599 147 2667 ¹luseris
169 2607 426 2691 proponendum.
478 2607 516 2672 Si
548 2619 650 2671 autem
680 2609 779 2695 (quod
801 2631 865 2672 non
888 2609 1058 2694 credimus)
1086 2631 1142 2672 nec

26 2697 120 2778 janue
146 2713 222 2766 asae
245 2727 303 2768 uec
325 2705 437 2769 donari
458 2707 644 2785 consuleres,
677 2729 734 2770 nec
761 2707 922 2771 mandatis
945 2708 1062 2771 nostris
1085 2729 1141 2770 nec

33 2799 142 2862 ruentis
181 2799 342 2881 obedires,
374 2815 651 2890 quantumcumque
683 2803 772 2868 nobis
803 2803 964 2869 molestum
994 2807 1142 2868 euisteret

34 2896 103 2958 oin
125 2897 236 2984 aliquo
260 2899 436 2981 molestare,
467 2914 579 2966 contra
603 2915 631 2966 te
656 2913 745 2967 tauto
769 2903 907 2989 amplius
941 2925 1139 2984 moreremur,

32 3003 54 3043 rr
73 2997 193 3094 nanum
217 3021 399 3064 curaremus
421 3000 638 3086 Apostolicam
661 3024 845 3087 apprauare,
878 3012 995 3086 quanto
1026 3001 1141 3064 sereni·

34 3099 111 3154 tutem
134 3106 223 3159 nram
247 3098 401 3162 sincerius
424 3097 595 3183 dilipimus.
629 3147 637 3162 .
663 3147 670 3162 .
696 3149 703 3164 .
732 3098 860 3178 Facias,
881 3097 938 3182 fili
967 3099 1140 3176 carissime,

33 3185 62 3248 ds
81 3195 264 3258 mcessitute
287 3197 442 3275 virtutem,
467 3195 599 3259 etuobis
623 3197 658 3258 in
672 3197 738 3275 loc,
762 3198 824 3259 imo
848 3199 985 3260 creatori
1008 3207 1059 3259 tuo
1078 3218 1141 3281 per

33 3309 104 3368 prem
126 3293 206 3355 ciuis
231 3303 262 3356 et
283 3317 408 3379 repnas,
435 3294 595 3358 lumiliter
617 3293 815 3379 satisfacias,
841 3343 899 3359 ...
924 3296 1058 3358 sciturus
1075 3315 1139 3379 pro

34 3397 109 3465 crde,
139 3391 224 3474 quod
255 3393 321 3455 nisi
342 3391 527 3455 mandatum
549 3405 690 3456 nostrum
717 3393 775 3456 liae
802 3394 865 3456 vice
895 3393 1055 3456 curaveris
1085 3390 1140 3456 ad·

35 3483 155 3570 inplere,
186 3511 254 3552 non
276 3487 457 3575 differemus
479 3489 623 3567 ulterius,
654 3491 730 3575 quin
753 3489 854 3576 officii
875 3491 979 3554 nostri
1001 3488 1140 3553 delitum

35 3587 224 3673 spuamurss)
251 3624 293 3634 -
317 3586 390 3652 Rex
421 3608 498 3651 vero
522 3587 738 3652 nihilominus
761 3589 795 3652 in
819 3609 879 3651 sna
903 3588 1045 3673 perstitit
1068 3606 1140 3670 prs·

35 3696 129 3748 nure.

47 3837 116 3848 ·-—.
133 3844 138 3848 .
163 3843 224 3850 ...-

39 3947 113 4074 mnu
131 3943 216 4000 Gesta
234 3959 262 3998 n.
276 3945 319 3998 51.
340 3941 394 3998 on.
414 3959 455 4011 ep.
474 3943 496 3997 L
514 3944 534 3996 4
551 3943 585 3996 sd
605 3944 653 4011 Ep.
673 3941 760 3996 Paris.
780 3949 809 3996 et
827 3957 887 4010 epp.
905 3942 927 3994 1.
950 3942 1008 4005 171,
1033 3943 1087 3996 348
1105 3941 1140 3995 ed

94 4039 116 4090 p,

94 4119 112 4188 Ι)
129 4121 161 4176 V.
182 4121 321 4186 Potthnst,
341 4121 461 4190 Regests
479 4137 505 4174 n.
527 4121 567 4175 13.

94 4217 197 4288 lssnp.
217 4219 250 4276 L.
270 4221 291 4274 I.
311 4235 351 4288 ep.
372 4219 438 4288 171;
459 4234 501 4287 ap.
521 4219 613 4274 lent.
633 4217 655 4273 1.
674 4219 717 4274 92,

1170 1445 1289 1488 Pontttlcls

1177 1509 1281 1560 epistole.
