2840 4840
291 453 326 506 56
568 452 654 509 XXX.
673 452 714 506 De
731 451 896 506 Pontificatu
916 451 1048 506 Bonifatii
1068 451 1144 507 VIII.

289 595 380 660 Hinc
415 617 593 676 censerem,
628 596 782 681 pressiori
817 593 928 659 adhuc
962 617 1060 660 sensu
1090 616 1111 658 a
1141 593 1304 658 Bonifatio
1323 593 1402 656 VIII

291 693 368 776 dici,
393 696 427 757 in
451 694 603 758 Ecclesia
627 705 660 757 et
683 695 717 758 in
742 694 814 779 ejus
837 703 998 778 potestate
1023 714 1094 756 esse
1117 691 1266 776 gladium
1288 702 1401 776 tempo·

289 791 402 858 ralem.
439 793 567 856 Asserit
591 791 727 871 scilicet,
753 801 841 854 certo
866 790 1012 876 quodam
1035 811 1134 854 sensu
1151 789 1329 854 Ecclesiam
1354 791 1404 852 lm-

290 889 359 954 bere
383 889 532 973 gladium
557 888 773 969 materialem,
799 909 874 952 eum
894 889 1058 974 pertinere
1082 886 1124 951 ad
1149 909 1234 953 eam.
1278 885 1308 950 S.
1329 887 1404 951 Ber·

289 987 423 1068 nardus,
448 1009 490 1051 ex
514 1007 579 1073 quo
604 986 708 1051 verba
732 985 788 1051 illa
804 986 981 1071 desumpta
1004 995 1090 1066 sunt,
1115 987 1217 1050 etiam
1232 985 1344 1049 scribit
1365 985 1403 1048 ad

289 1087 479 1170 Eugenium
495 1085 563 1150 Ill:
602 1085 686 1148 Tuus
710 1107 780 1170 erpo
805 1096 835 1148 et
857 1087 926 1170 ipse
950 1083 1095 1170 (gladius
1122 1083 1322 1162 materialis),
1358 1095 1408 1146 nto

280 1185 428 1271 forsitan
451 1195 540 1264 nuta,
569 1184 628 1246 etsi
649 1203 715 1246 aon
739 1195 793 1246 tua
818 1205 914 1246 massa
937 1181 1165 1269 evaginandus.
1276 1181 1407 1266 Uterpre

289 1303 359 1366 erpo
372 1279 541 1362 Ecclesiae,
566 1292 597 1344 et
617 1281 801 1368 spiritualis
822 1281 951 1366 pladias
967 1291 997 1343 et
1012 1279 1200 1358 materialis,
1224 1279 1323 1344 sedis
1345 1281 1405 1364 qui-

288 1380 359 1444 dem
377 1401 439 1464 pro
460 1378 612 1460 Ecclesia,
637 1377 693 1443 ille
717 1401 789 1442 aero
813 1377 853 1442 ab
878 1378 1022 1442 Ecclesia
1046 1378 1238 1442 amandas
1260 1379 1344 1456 eslf)
1372 1379 1406 1440 In

288 1475 406 1542 Glossa
429 1475 471 1540 ad
494 1475 773 1541 Constitutionem
793 1477 896 1540 Ursam
911 1487 1054 1540 sanctam
1079 1475 1238 1541 habetur:
1263 1477 1320 1540 Ad
1340 1499 1406 1540 voc.

291 1575 396 1658 „Nam
421 1573 649 1638 dicentibus“:
675 1575 795 1638 Probat
818 1574 901 1659 qaod
924 1575 1075 1647 disserat:
1103 1573 1159 1638 sed
1183 1576 1313 1638 dixerat
1335 1575 1410 1636 dans

286 1673 413 1758 pladite·
435 1673 471 1736 ia
494 1672 639 1736 Ecclesia
663 1681 693 1736 et
716 1693 767 1735 eos
782 1695 847 1736 esse
871 1675 906 1736 ia
917 1681 1075 1758 potestate
1090 1669 1270 1736 Ecclesiae:
1294 1673 1409 1757 etquis

287 1795 352 1836 noa
376 1771 481 1834 eodem
503 1771 595 1834 modo
619 1773 676 1836 isti
697 1771 803 1856 pladii
826 1781 899 1834 suat
921 1772 956 1834 ia
977 1780 1134 1856 potestate
1157 1769 1332 1848 Eccksiae,
1360 1793 1411 1832 acc

288 1869 394 1932 eodem
408 1868 500 1932 modo
512 1871 675 1954 pertineat
691 1869 735 1932 ad
750 1891 840 1932 ausas
856 1867 1028 1947 Ecclesiae,
1042 1868 1115 1931 ideo
1133 1870 1198 1932 tria
1213 1867 1315 1954 facit,
1339 1869 1410 1954 quia

280 1969 390 2053 primo
413 1967 501 2045 dicit,
526 1967 606 2030 daos
630 1977 751 2030 tanturn
775 1989 840 2030 esse
862 1967 988 2052 pladios
1011 1969 1046 2030 in
1067 1963 1221 2030 Ecclesia.
1270 1963 1411 2029 δωιηιὶο

288 2065 434 2144 ostendit,
459 2087 511 2127 eos
534 2063 641 2129 ambos
664 2087 730 2129 esse
752 2065 788 2128 ia
807 2074 964 2150 potestate
987 2064 1158 2128 Ecclesiae.
1219 2065 1328 2128 Tertio
1364 2063 1410 2125 da·

286 2160 400 2240 clarat,
423 2185 486 2225 aasz
510 2160 618 2224 eodem
640 2163 732 2226 modo
757 2183 808 2225 eos
831 2164 866 2226 ia
886 2171 1045 2248 potestate
1059 2161 1231 2241 Ecclesiae,
1255 2161 1315 2224 sed
1340 2161 1410 2224 alt«-

286 2283 355 2324 rum
378 2260 423 2324 acl
445 2282 544 2336 usam,
569 2258 705 2323 alterum
728 2260 773 2323 ad
790 2261 986 2345 patientiam
1010 2269 1041 2322 et
1063 2270 1182 2324 autum.
1201 2309 1209 2324 .
1226 2309 1234 2323 .
1251 2309 1260 2324 .
1280 2259 1419 2344 Liquido

280 2367 382 2444 patet,
407 2357 491 2443 qaod
505 2354 633 2441 pladias
649 2357 827 2420 materialis
851 2367 897 2420 est
912 2357 1001 2420 Petri
1024 2367 1054 2420 et
1077 2357 1112 2420 iu
1129 2367 1292 2442 potestate
1308 2359 1397 2420 Petri
1403 2345 1419 2418 :l

285 2477 473 2540 consequens
496 2465 542 2518 est
563 2455 671 2542 igitar,
702 2457 786 2542 qaod
809 2468 937 2542 aterque
964 2455 1093 2541 pladias
1126 2457 1168 2519 sit
1191 2455 1359 2520 Ecclesiae
1388 2467 1413 2514 rt

285 2553 321 2616 ia
337 2563 496 2638 potestate
519 2552 721 2636 Ecclesiae.²)
769 2553 932 2639 Aegidius
952 2553 1122 2618 Romanus
1146 2555 1290 2638 pariter:
1322 2551 1414 2626 Quod

286 2649 372 2713 decet
403 2649 578 2714 Ecclesiam
609 2651 722 2714 labere
753 2652 950 2716 materialem
979 2649 1133 2736 pladiam,
1166 2673 1231 2716 aon
1254 2652 1300 2714 ad
1328 2675 1413 2714 asna

285 2747 342 2810 sed
365 2748 409 2811 ad
431 2758 548 2830 reatum,
578 2759 608 2812 et
630 2751 714 2835 qaod
736 2751 781 2813 sia
804 2751 916 2814 labere
939 2751 1019 2813 lsaac
1042 2748 1186 2836 gladium
1209 2759 1254 2812 est
1280 2751 1418 2838 majoris:

279 2844 491 2931 perfectiouis
514 2855 543 2909 et
566 2845 771 2922 eccellentiae
791 2847 970 2933 potioris.³)
990 2847 1105 2936 'Hisce
1121 2846 1250 2933 aliquid
1267 2846 1418 2934 amplius

286 2943 388 3027 igitur
417 2944 597 3028 significari
628 2947 903 3028 existimaverim,
940 2967 1041 3031 quam
1074 2945 1109 3009 id
1142 2954 1288 3026 tantum,
1326 2935 1418 3030 quad

286 3041 491 3104 auctoritatis
516 3041 624 3106 civilis
648 3054 792 3128 potestas
825 3045 868 3107 sit
891 3042 933 3108 ad
958 3044 1197 3129 protectionem
1222 3041 1328 3106 etad
1354 3043 1414 3106 dis·

286 3139 482 3223 positionem
506 3139 686 3206 Ecclesiae.

375 3236 427 3300 60.
452 3237 605 3323 Exprimi
623 3239 765 3322 videtur,
789 3239 888 3326 quod,
914 3261 1017 3325 quum
1035 3238 1187 3303 Ecclesia
1210 3240 1254 3302 sit
1269 3241 1414 3302 societas

280 3333 438 3420 perfecta,
463 3335 506 3400 ad
531 3337 601 3421 ejus
619 3337 677 3423 jus
701 3338 801 3401 etiam
826 3339 1001 3424 pertineat,
1035 3347 1072 3401 ut
1102 3337 1137 3400 in
1169 3336 1286 3400 ordine
1321 3337 1417 3401 civili

285 3445 447 3518 quantum
471 3443 598 3520 spectat
620 3433 663 3498 ad
687 3435 862 3520 sphaeram
879 3435 1111 3520 legislativum,
1135 3433 1360 3520 judiciariam
1386 3451 1417 3494 sn

284 3533 506 3613 executivam,
532 3542 564 3596 et
580 3543 743 3618 quatenus
768 3556 833 3598 non
848 3535 958 3618 agitur
973 3533 1013 3597 de
1030 3533 1129 3598 rebus
1145 3555 1227 3598 asera
1242 3533 1417 3598 civilibusl

284 3629 342 3694 sed
367 3642 530 3716 quatenus
554 3653 613 3694 eae
637 3634 834 3714 contingunt
858 3630 1053 3717 spiritualia,
1082 3654 1134 3696 res
1158 3633 1205 3695 ita
1229 3629 1413 3716 dispositae

284 3729 360 3810 sint,
385 3739 421 3792 ut
445 3729 629 3793 inserviant
659 3729 717 3794 fini
742 3729 912 3794 Ecclesiae
937 3739 1096 3814 quaeest
1127 3727 1217 3794 salus
1248 3728 1411 3793 fidelium.

284 3845 350 3889 non
375 3847 454 3889 vero
479 3824 557 3890 huic
581 3827 640 3892 fini
664 3839 883 3914 opponantur.
935 3827 974 3892 Id
999 3828 1134 3912 quidem
1160 3825 1317 3892 Ecclesia
1349 3851 1412 3890 non

358 4075 378 4136 ¹)
398 4075 439 4128 De
458 4074 557 4129 consid.
577 4075 607 4129 L.
627 4075 674 4132 IV.
695 4093 717 4132 c.
737 4079 762 4132 3.

356 4153 377 4212 ²)
397 4153 452 4211 Cir.
472 4171 514 4223 ap.
535 4155 644 4210 Molitor
662 4157 678 4210 l.
698 4173 719 4211 c.
739 4173 764 4226 p.
784 4159 827 4213 91.
847 4163 913 4212 nota
931 4161 956 4213 5.

356 4233 380 4306 ⁸)
400 4235 439 4289 De
458 4235 558 4292 Eccles.
582 4243 636 4304 pot.
657 4237 686 4291 L.
706 4238 727 4291 I.
747 4253 768 4292 c.
788 4253 814 4305 p.
