2832 4844
420 469 505 526 initia
525 469 710 526 Poutiflcstm.
1090 471 1123 526 15

30 627 55 680 et
72 615 244 680 innocentii
268 613 330 698 111,
360 612 517 700 illamque
548 615 796 688 accusationem
827 615 950 698 pariter
981 635 1052 678 esse
1076 615 1123 678 iu·

29 735 115 778 anem.
138 749 180 762 -··
202 712 419 778 Advertimus
448 711 486 776 2⁰
509 731 576 775 nou
606 711 704 777 nobis
735 712 940 797 propositum
973 733 1053 793 csse,
1087 723 1124 776 ut

29 813 120 876 omnia
149 812 234 876 facta
261 809 422 875 Bonifatii
452 808 636 874 referamus
659 819 692 874 et
722 809 971 891 examinemus3
1002 810 1061 874 sed
1084 831 1123 874 ea

28 908 233 990 discutientur,
267 907 311 973 ob
345 928 430 994 quae
462 906 620 974 Pontifex
655 906 710 972 ille
744 906 908 974 iuvidiam
944 907 1122 972 multorum

27 1007 125 1088 subiit;
147 1006 273 1093 reliqua
296 1004 453 1086 breviter,
478 1006 505 1070 si
530 1026 614 1090 opus
636 1004 744 1085 fuerit
769 1013 953 1088 tangemus.

100 1105 148 1170 16.
185 1105 372 1170 Bonifatius
406 1105 516 1188 igitur,
550 1104 703 1190 quamvis
731 1101 886 1188 precibus
909 1114 1123 1188 urgeretura

26 1201 124 1266 Carolo
146 1223 231 1288 rege,
256 1215 293 1267 ut
315 1200 455 1288 Neapoli
479 1202 681 1284 consisteret,
714 1200 876 1286 pontificii
901 1200 1030 1268 decoris
1052 1223 1124 1266 esse

25 1299 192 1382 arbitratus,
217 1302 342 1366 Romae
366 1301 511 1384 insignia
534 1299 707 1385 diguitatis
730 1300 892 1384 accipere,
926 1301 961 1364 iu
985 1299 1122 1380 Urbem,

23 1399 137 1483 regibus
160 1399 293 1466 Siciliae
317 1407 350 1462 et
373 1398 567 1482 Hungariae
590 1399 740 1483 stipatus,
765 1398 932 1484 profectus
955 1407 1014 1462 cst.
1051 1396 1124 1463 Sin·

24 1496 111 1578 gulari
135 1519 211 1562 cum
235 1519 357 1583 pompa
372 1495 497 1562 ibidem
521 1495 584 1560 fuit
599 1505 752 1581 receptus
775 1505 808 1560 et
823 1495 877 1560 die
896 1495 954 1560 16⁰
969 1496 1123 1561 Januarii

24 1605 214 1660 consecratus
238 1606 271 1659 et
293 1605 478 1660 coronatus.
525 1593 647 1678 Magno
672 1615 748 1657 cum
772 1594 882 1658 animo
900 1594 977 1659 dein
1001 1605 1034 1658 et
1056 1596 1124 1660 exi·

25 1694 75 1754 nio
97 1695 209 1778 vigore
233 1693 277 1758 ad
299 1691 485 1758 Ecclesiam
512 1691 766 1775 gubernandam
795 1713 865 1756 sese
888 1693 1046 1774 accinxit,
1078 1702 1125 1758 at·

24 1811 73 1874 que
94 1790 310 1876 Encyclieam
341 1788 545 1876 praeclaram
576 1789 618 1854 de
641 1811 700 1854 sua
724 1788 883 1854 electione
907 1791 1025 1855 emisit
1034 1789 1057 1876 ¹)
1084 1828 1121 1838 -

24 1885 342 1954 Commemoraudum
376 1909 455 1952 vcro
488 1885 552 1952 hoo
579 1886 662 1968 loco,
698 1885 788 1974 quod
820 1885 918 1972 paulo
949 1897 1037 1972 post,
1070 1887 1125 1952 die

22 1983 51 2048 8⁰
70 1985 192 2071 Aprilis
215 2009 244 2052 a.
273 1985 368 2064 1295,
402 1984 589 2050 Bonifatius
612 1983 719 2050 edidit
741 1983 1029 2065 constitutionem,
1059 2007 1127 2073 qua

22 2081 147 2166 plurima
172 2084 348 2171 privilegia
378 2105 419 2146 ac
441 2084 565 2168 gratias
596 2082 674 2148 olim
698 2105 718 2148 a
743 2081 928 2148 Caelestino
959 2105 1124 2166 concessa,

22 2185 201 2248 nominatim
230 2206 269 2248 ea
289 2203 374 2269 quae
390 2179 692 2247 Caelestinensibus
711 2181 850 2268 aliisque
869 2181 1030 2265 religiosis
1051 2204 1126 2248 con·

21 2291 155 2360 cessent,
181 2281 407 2365 indulgentias
429 2281 540 2360 etiam,
566 2289 599 2344 et
613 2279 678 2344 alia
699 2277 741 2344 ab
768 2278 823 2343 illo
847 2279 980 2344 decreta
995 2301 1127 2344 revoca·

21 2379 66 2456 rit
88 2389 120 2442 et
144 2381 240 2443 irrita
271 2378 454 2443 declaravit
477 2379 540 2444 uisi
564 2376 845 2464 renovarentur.¹)
861 2415 904 2426 --
921 2375 1127 2443 Coelestinus

21 2487 79 2558 post
100 2477 349 2542 abdicationem
374 2475 587 2542 desiderabat
610 2474 804 2540 Sulmonem
828 2477 959 2560 reverti,
984 2476 1042 2540 sed
1066 2477 1126 2540 Bo·

22 2573 142 2638 uilatius
165 2573 317 2655 timebat,
342 2597 383 2639 nc
407 2573 620 2660 simplicitate
644 2573 715 2659 ejus
738 2573 841 2658 aliqui
865 2573 972 2655 abusi,
1002 2575 1032 2638 ei
1057 2596 1126 2660 per·

21 2671 200 2755 suaderent,
239 2671 484 2738 abdicationem
519 2673 590 2757 ejus
620 2692 686 2736 uon
717 2693 787 2736 esse
820 2670 980 2750 validam,
1014 2681 1047 2735 et
1079 2673 1127 2736 sic

20 2769 147 2836 schisma
173 2773 208 2836 in
233 2769 383 2836 Ecclesia
407 2769 637 2855 producerent.
674 2769 853 2854 Propterea
873 2769 1026 2835 Pontifex
1050 2789 1125 2834 eum

20 2887 116 2933 secum
142 2870 252 2935 voluit
273 2869 395 2934 ducere
419 2868 569 2934 Romam.
605 2867 754 2934 Jacobus
772 2866 887 2933 Oard:
912 2867 1058 2932 Humane
1082 2892 1126 2932 ce·

19 2963 136 3046 dentem,
167 2967 293 3047 scribit,
324 2975 466 3030 bectona
489 2988 557 3030 cam
580 2987 681 3030 semim
705 2965 749 3030 od
773 2968 936 3030 Romanas
962 2963 1011 3028 vel
1038 2963 1126 3030 Gam-

16 3067 122 3146 punica
140 3075 258 3152 portes
280 3065 392 3130 ducere
417 3062 568 3140 tentabat,
599 3085 710 3127 concas
743 3062 806 3128 sibi
828 3063 1058 3148 Ecclesioepue,
1088 3085 1127 3126 ne

19 3161 73 3224 siro
95 3162 236 3249 simplici
251 3161 429 3250 aliquorum
444 3161 623 3228 calliditate
638 3162 779 3248 perdo-uli
792 3161 917 3248 aliquid
931 3161 1126 3226 moderetur.

19 3255 74 3322 Sed
97 3259 307 3326 Caelestinus
333 3261 405 3346 jam
435 3262 469 3324 in
500 3261 628 3342 itinere,
662 3282 765 3346 quum
796 3259 840 3324 ad
863 3258 896 3326 S.
922 3259 1126 3324 Germanum

19 3377 107 3442 prope
131 3357 280 3422 Mentem
297 3356 472 3423 cassinum
487 3359 700 3442 pervenisset,
724 3357 811 3423 clam
826 3359 966 3442 aufugit,
990 3379 1127 3442 seseque

19 3454 200 3522 Sulmonam
233 3459 266 3520 in
290 3454 409 3520 cellam
433 3477 526 3520 suam
550 3457 685 3542 recepit.
740 3455 862 3542 Magna
894 3477 969 3520 cum
1001 3455 1127 3520 laetitia

18 3553 172 3640 apopulo
196 3553 260 3619 fuit
284 3553 331 3620 ibi
355 3565 517 3640 recaptus.
563 3554 750 3620 Bonifatius
767 3575 844 3620 vero
870 3556 959 3619 misit
982 3555 1126 3633 nuntios,

19 3653 65 3734 qni
87 3655 206 3718 iterum
232 3675 308 3718 eum
333 3651 513 3718 honorifice
537 3653 677 3718 &mam
701 3652 911 3718 deducerent.
957 3650 1023 3716 Sed
1048 3648 1127 3715 Coe·

19 3745 155 3832 lestines,
184 3751 266 3834 fuga
289 3749 399 3816 denuo
432 3759 577 3836 arrepta,
612 3752 756 3836 primum
787 3752 822 3815 iu
853 3751 955 3814 variis
983 3748 1126 3835 Apuliae

19 3843 88 3912 locis
102 3849 262 3928 substitit,
287 3869 455 3934 quumque
471 3846 600 3912 latitare
616 3869 682 3914 uon
698 3857 808 3934 posset
831 3847 881 3934 (ut
894 3846 1012 3932 fertur)
1036 3868 1127 3911 mare

19 3948 157 4032 trajicere
175 3947 301 4011 statuit
341 3945 381 4010 Iu
395 3944 503 4010 littore
519 3967 597 4009 vero
619 3945 781 4026 detentus,
806 3947 892 4029 regis
908 3943 1017 4009 Caroli
1029 3945 1127 4030 jussu

21 4105 223 4118 *w———a

82 4179 99 4244 ¹]
119 4177 202 4246 Apud
222 4175 354 4243 Rsyuald
373 4191 396 4229 a.
418 4175 496 4231 taso.
516 4191 560 4230 nn.
582 4176 598 4229 7
615 4191 673 4244 sqq.

81 4256 102 4328 ¹)
122 4257 179 4312 Cir.
200 4255 279 4310 'Posti
297 4254 319 4315 1,
340 4272 365 4323 p.
385 4255 428 4311 79.
451 4285 481 4295 ·-
501 4255 668 4324 Damberger
685 4253 716 4312 T.
736 4255 798 4310 XII.
818 4257 890 4312 Krit.
909 4272 935 4325 p¹
953 4258 996 4312 26.

1146 1292 1276 1332 Bonifatius

1167 1357 1264 1396 Roman

1173 1419 1256 1469 pergit.
