2844 4840
269 456 416 512 Conflictus
434 473 494 513 cum
513 458 636 527 Philippo
656 460 686 514 P.
706 471 860 516 renovatus.
1094 465 1130 520 lt

103 604 153 669 47.
186 607 220 673 Si
249 602 487 686 perpendimus
520 605 675 668 rationem
698 605 815 689 apenda'
846 627 912 692 qua
942 607 1130 674 Bonifatius

32 697 81 763 hoc
102 703 131 766 in
158 705 313 770 conflictu
337 723 417 764 usus
441 711 500 780 est,
525 721 709 784 censemus,
734 723 809 766 eum
827 705 943 768 merito
960 705 1129 771 Ecclesiae

30 795 193 867 libertatem
218 802 419 880 vindicasse,
452 821 514 863 nec
533 799 612 884 jure
640 822 700 864 sua
724 803 914 867 excessisse.
965 803 1005 867 Id
1030 827 1071 868 ex
1094 827 1130 870 re

31 909 144 962 nauata
166 903 244 966 satis
268 897 386 964 elucet.
438 895 603 962 Gallicani
629 898 765 983 quidem
790 909 950 981 auctores,
983 903 1031 966 uti
1059 903 1130 988 ipse

28 991 191 1081 Philippus,
224 1007 482 1086 conqueruntur,
507 996 712 1060 Bonifatium
741 1019 800 1083 per
819 997 949 1063 Bullam
975 1000 1130 1064 Ausculta

23 1089 64 1172 'tlt
83 1115 114 1156 se
137 1095 285 1180 ingerere
310 1095 454 1160 voluisse
477 1095 632 1178 regimini
656 1096 828 1181 temporali
851 1096 989 1163 Galliae.
1041 1097 1129 1172 Quae

27 1191 49 1250 si
68 1192 242 1274 calefaceret,
272 1193 389 1259 scribit
412 1194 560 1273 Bossuet,
594 1192 643 1256 vel
667 1193 705 1257 de
727 1196 819 1280 rapui
839 1196 989 1281 repimime
1013 1198 1128 1262 Roma·

28 1311 73 1350 tras
94 1292 244 1378 Ponafeae
259 1294 390 1374 Romae,
414 1313 484 1376 repe
501 1291 564 1354 sire
580 1290 716 1373 absente,
741 1293 805 1356 eive
823 1305 1003 1378 praesente,
1027 1296 1129 1360 decer·

28 1399 116 1466 mret;
137 1411 245 1476 nempe
261 1401 408 1476 repararet
422 1388 583 1475 Pontifex,
608 1391 677 1476 e'pee
699 1413 758 1454 rere
771 1391 891 1455 aradam
912 1415 1023 1457 nomeu
1046 1397 1130 1479 repis

27 1483 202 1568 attinuere)
243 1489 308 1554 Sed
325 1489 488 1552 immerito
513 1487 592 1551 tolie
616 1511 656 1552 cx
681 1486 737 1552 ille
752 1488 890 1573 epistola
907 1489 1126 1559 deducuntur.

27 1579 120 1647 l'erba
144 1607 229 1670 quae
253 1590 399 1652 maxime
423 1585 596 1650 Pontificis
624 1589 853 1650 auctoritatem
882 1588 1028 1654 evehunt
1051 1600 1129 1654 sunt

26 1679 90 1743 iste:
122 1681 216 1760 Seue,
242 1685 304 1767 fili,
336 1684 651 1762 aristodimum,
682 1685 861 1749 imminente
890 1690 1074 1752 aeceeeitate
1098 1701 1128 1752 et

26 1791 131 1864 serpena
161 1785 365 1862 couscientia,
401 1785 583 1870 repressius
612 1784 780 1869 aperimus.
843 1782 1013 1849 teneritate
1045 1788 1128 1849 euim

25 1901 68 1940 rios
81 1879 173 1957 Deua,
199 1879 272 1945 la'oet
296 1880 560 1968 insufficientibus
578 1883 709 1958 meretis,
733 1905 828 1968 super
850 1905 938 1968 repes
962 1894 992 1946 et
1018 1905 1127 1968 repara,

24 1974 150 2060 inposito
173 1978 265 2041 nobie
277 1981 360 2068 ”jupo
377 1979 579 2066 Apostolieae
595 1979 764 2058 seruitutis,
790 1980 834 2042 ad
849 1979 1050 2059 evellendum,
1075 1981 1125 2045 de·

23 2075 197 2154 rtmeadum,
226 2076 460 2164 dissipandum,
492 2075 760 2160 reaedificandum
790 2087 883 2164 atque
911 2079 1129 2164 plantandam

22 2169 64 2232 md
85 2178 151 2262 ejus
172 2177 299 2238 nomiae
327 2185 356 2238 et
384 2175 548 2240 doctrina:
578 2185 613 2238 ut
642 2197 763 2260 prepem
794 2175 984 2240 dominicum
1008 2200 1125 2262 paecu-

22 2291 83 2346 uua,
104 2269 333 2337 consolidemus
348 2273 485 2355 imfirma,
501 2295 647 2337 sanemus
662 2283 801 2358 aeprota,
819 2273 983 2359 allipemue
997 2273 1125 2360 fracta,

22 2379 42 2428 et
61 2370 241 2434 reducemus
265 2371 398 2461 abjecta,
423 2375 587 2456 niuemque
611 2370 820 2457 iufirudomus
844 2383 873 2435 et
896 2370 997 2436 oleum
1019 2369 1123 2436 eulme-

22 2465 91 2531 a‘bus
105 2469 253 2532 enudati.
296 2468 412 2548 Quare,
431 2471 484 2555 fila·
498 2471 669 2549 carissime,
692 2492 780 2536 nemo
798 2471 856 2534 tibi
872 2472 1017 2552 suadeat,
1041 2471 1127 2556 qaod

22 2569 195 2650 upa-iorem
224 2589 288 2630 aon
310 2568 415 2647 bader,
446 2580 476 2632 et
498 2567 582 2653 qaod
604 2589 668 2631 noa
690 2567 792 2632 ardeia
824 2591 940 2633 mmmo
966 2568 1126 2634 Ecclesiae

22 2661 206 2728 liernrclrae:
233 2688 309 2729 uam
322 2666 450 2753 deripit,
475 2668 529 2752 qui
544 2668 589 2730 eia
603 2668 699 2752 sapit,
724 2675 754 2730 et
761 2669 973 2752 pertinaciter
995 2667 1050 2730 boc
1073 2668 1122 2755 af-

15 2761 129 2842 firmam
145 2764 342 2827 conuincitur
355 2761 504 2847 infidelis,
529 2787 584 2827 aee
607 2773 654 2827 eet
675 2765 764 2827 iutra
780 2766 926 2850 pastoria
942 2763 1016 2828 bona·
1031 2764 1124 2829 ovile.

22 2857 126 2924 l'erum
156 2883 198 2924 ex
223 2871 336 2925 tenore
369 2863 469 2926 totius
492 2861 607 2926 Bullec
638 2861 782 2947 patebat,
815 2862 904 2948 quod
935 2862 1123 2927 Bonifatius

20 2957 513 3040 posteasolemniterdcclaravit‚
528 2957 792 3045 jurisdictionem
805 2959 1019 3045 temporalem
1034 2963 1126 3045 regie

20 3053 196 3122 Pontificem
221 3056 284 3121 sibi
309 3055 497 3122 nullatenus
521 3057 573 3122 his
598 3055 779 3137 vindicare,
809 3057 865 3122 sed
890 3057 1124 3122 tantummodo

19 3175 78 3218 eum
100 3167 253 3234 statuere,
278 3175 389 3239 regem
414 3157 448 3219 in
473 3157 541 3219 suis
570 3176 700 3242 quoque
724 3155 912 3221 actionibus
935 3155 1121 3241 temporali·

20 3249 67 3316 bus
87 3256 149 3339 ipsi
173 3251 361 3338 subjectum
386 3275 456 3318 csse
479 3256 604 3318 ratione
622 3255 757 3338 peccati.
809 3253 911 3318 Hisce
934 3253 1125 3317 Bonifatius

19 3349 85 3414 nihil
107 3351 201 3416 aliud
226 3352 457 3434 contendebat,
483 3354 546 3417 nisi
571 3351 659 3439 quod
679 3351 750 3436 jam
776 3353 990 3418 Innocentius
1013 3353 1066 3416 III
1089 3374 1118 3418 a.

21 3447 88 3512 rtur
110 3449 265 3536 exposuit
289 3450 322 3514 in
340 3449 506 3515 Decreteli
528 3451 628 3515 Novit
650 3449 693 3514 ad
709 3447 902 3536 Philippum
920 3449 1119 3535 Augustum,

19 3545 43 3608 in
63 3571 122 3633 qua
145 3569 214 3612 non
238 3547 278 3612 de
295 3547 409 3634 feudis
432 3571 467 3612 se
486 3547 640 3634 judicare
657 3546 768 3629 edicit,
793 3547 851 3612 sed
868 3548 1016 3613 Romano
1036 3548 1119 3612 Pon·

19 3644 81 3708 tifici
111 3647 168 3730 jus
207 3645 325 3710 tribuit
356 3645 396 3709 de
425 3667 612 3732 quocumque
650 3645 779 3709 mortali
803 3657 934 3732 peceato
962 3647 1124 3732 corripere

18 3743 161 3822 utramlibet
189 3741 419 3823 Christianum,
435 3781 474 3792 —-
490 3744 662 3830 procedere
681 3742 844 3808 ualeamus
866 3767 961 3830 super
983 3742 1121 3830 quolibet

18 3841 157 3906 mutuate
174 3840 349 3929 peceato.¹)
395 3841 523 3906 Eadem
548 3844 674 3906 ratione
689 3842 904 3906 Innocentius
919 3841 967 3906 lv
984 3865 1013 3906 a.
1033 3843 1121 3906 1246

17 3935 57 4018 jus
80 3938 250 4004 Ecclesiae
280 3939 432 4004 vindicat
462 3939 677 4027 spiritualiter
709 3939 748 4004 de
781 3939 1007 4026 temporalibus
1028 3941 1122 4030 judi

75 4171 92 4215 ¹·
110 4171 168 4226 Del.
188 4169 319 4226 declaret.
338 4169 434 4225 Gellia
453 4170 483 4225 Τ.
504 4171 526 4228 Ι.
545 4187 571 4239 p.
591 4171 607 4223 2
635 4170 652 4223 l.
673 4170 698 4226 7.
718 4185 740 4226 c.
759 4171 802 4226 tls

74 4251 92 4318 ²)
110 4251 164 4306 Cfr.
184 4249 308 4318 Phillips,
327 4249 470 4306 Kirclrenr.
488 4251 520 4305 B.
539 4250 590 4306 111.
610 4249 626 4319 fi
646 4251 705 4304 129.
726 4279 758 4290 -
778 4249 875 4305 Hcfele
893 4250 926 4306 Β.
946 4250 979 4305 V.
998 4251 1014 4320 ξ
1032 4251 1097 4305 641.

1148 610 1290 660 Expenden-

1158 675 1195 711 uu·
1209 677 1281 722 geru.
