2840 4840
344 459 380 513 30
618 459 704 513 XXX.
724 459 764 514 Da
782 459 949 514 Pontificatu
967 459 1101 514 Bonifatii
1122 460 1197 514 VIII.

344 601 475 667 ferrent.
523 602 652 666 Pariter
666 605 889 667 necessarium
914 603 1011 667 duxit
1026 604 1182 669 Pontifex
1206 625 1339 690 expresse
1357 605 1397 686 rep'

344 700 405 764 bus
430 721 561 786 quoque
577 701 697 764 minari
722 722 845 786 poenas
861 700 1113 785 ecclesiasticas,
1138 725 1240 788 quum
1258 699 1397 787 experienti

344 797 479 862 edoctus
496 797 634 881 videret,
660 801 874 862 vexationum
892 798 1039 884 alioquin
1064 799 1155 865 haud
1179 801 1249 865 fore
1264 799 1353 863 linem.
1379 797 1397 884 ll

343 895 394 960 bis
430 899 530 982 igitur
563 897 695 960 motivis
731 919 770 960 ea
805 919 889 982 quae
923 898 1110 962 Bonifatius
1151 901 1267 962 statuit
1294 896 1397 962 vindical

342 1005 488 1078 possunt.
513 1031 556 1042 -
580 993 805 1059 Recolendum
830 997 929 1060 etiam
954 1006 1012 1076 est,
1037 995 1205 1060 Romanos
1228 995 1397 1060 Pontificesi

343 1113 473 1178 semper
496 1092 678 1156 ostendisse
702 1094 938 1178 paratissimos,
963 1103 1000 1156 ut
1023 1093 1236 1179 principibus
1259 1095 1290 1157 in
1311 1093 1364 1155 suis
1381 1081 1397 1172 ol

343 1190 551 1255 cessitatibus
568 1190 804 1270 subvenirent3
829 1189 887 1254 sed
911 1190 1013 1254 officii
1039 1193 1185 1278 ipsorum
1212 1192 1315 1271 fuisse,
1336 1203 1363 1252 nt
1380 1187 1397 1260 li

341 1289 510 1372 peditent,
547 1289 724 1374 quominus
759 1286 847 1352 bona
881 1287 1107 1353 ecclesiastica
1142 1289 1186 1354 ad
1220 1287 1303 1354 bella
1330 1263 1397 1371 injusl

341 1386 487 1470 gerenda
511 1386 760 1472 dissiparentur.
812 1384 941 1465 Quodsi
972 1386 1160 1450 Bonifatius
1193 1386 1292 1451 relate
1314 1385 1348 1448 ad
1368 1383 1397 1466 Gt

341 1484 419 1548 liam
444 1486 477 1548 in
503 1507 562 1548 sua
585 1505 643 1570 spe
662 1484 837 1548 frustratus
861 1495 893 1548 et
916 1483 958 1548 ad
977 1487 1207 1549 concessiones
1231 1467 1397 1586 quasdaml

341 1581 476 1646 ciendos
508 1581 668 1646 deductus
693 1595 750 1662 est,
786 1582 819 1646 id
843 1584 873 1646 ei
898 1584 980 1646 vitio
1009 1584 1093 1646 verti
1118 1586 1244 1669 nequit.
1283 1583 1349 1668 Ipse
1368 1579 1397 1664 Pl

339 1679 422 1766 lippi
446 1701 609 1744 summam
638 1683 888 1766 perversitatem
912 1681 1061 1744 nondum
1097 1679 1195 1766 plane
1229 1667 1397 1767 cognoseslsl

340 1799 447 1863 neque
484 1787 753 1864 exspectaverat,
790 1779 859 1842 fore
898 1787 935 1842 ut
972 1779 1119 1864 episcopi
1158 1801 1291 1866 quoque
1326 1755 1397 1948 Gauii

339 1879 407 1960 regi
439 1877 548 1960 potius
580 1898 680 1962 quam
711 1874 788 1940 Sedi
821 1875 1032 1962 Apostolicae
1063 1876 1293 1943 adhaererent.
1341 1874 1382 1953 aas

339 1975 441 2058 igitur
464 1975 562 2036 etiam
578 1973 746 2059 praesules
767 1976 800 2038 in
818 1995 928 2037 rerum
945 1975 1123 2060 adjunctis,
1148 1977 1195 2038 uti
1214 1971 1375 2040 existimat

340 2070 555 2152 difficillimis,
580 2082 617 2134 ut
636 2073 805 2137 remissius
821 2072 976 2136 Pontifex
1000 2084 1113 2158 ageret
1136 2084 1295 2158 peterent,
1317 2067 1385 2158 prud

338 2169 403 2232 tiae
427 2191 499 2233 esse
523 2169 577 2232 hic
602 2171 814 2251 existimavit,
840 2181 876 2233 ut
892 2169 1037 2253 benigna
1059 2171 1337 2256 interpretatione,
1359 2165 1392 2230 aul

337 2267 385 2330 rei
410 2264 605 2348 substantia,
631 2268 793 2353 quaedam
819 2291 861 2331 ex
885 2270 926 2331 iis
943 2291 1028 2355 quae
1044 2277 1205 2332 statuerat
1227 2270 1387 2354 mitigaret,

338 2367 467 2428 animos
498 2361 681 2448 Gallorum,
715 2367 772 2452 qui
808 2365 848 2430 de
881 2366 1033 2431 Ecclesia
1064 2368 1188 2452 optime
1220 2369 1329 2431 meriti
1351 2339 1397 2438 aral

338 2461 461 2526 sedda
486 2484 545 2526 sua
568 2485 608 2526 ac
633 2463 673 2528 dc
697 2465 824 2548 patriae
855 2463 1115 2549 independentia
1145 2475 1178 2528 et
1201 2465 1325 2530 honore
1354 2439 1397 2534 uid

338 2562 431 2624 anxii
456 2572 488 2625 et
512 2559 653 2642 solliciti,
677 2562 790 2626 verbis
813 2572 847 2626 et
869 2563 966 2627 factis
989 2562 1116 2630 leniret.

368 3151 434 3220 Dc
457 3157 634 3222 uastata
657 3173 754 3221 oum
777 3157 1133 3239 colummannus,
1157 3161 1207 3225 de
1231 3161 1389 3229 Juouae

609 3263 787 3342 otttaaae
810 3264 1020 3346 Bonifatii
1040 3269 1177 3347 pestis.

1396 2557 1397 2630 l

856 2981 938 3046 111·

1396 3247 1397 3310 l

1396 3341 1397 3414 l

424 3439 477 3504 31.
519 3437 563 3502 Ut
586 3437 627 3502 de
651 3438 809 3505 Bonifatii
835 3440 918 3504 VIII
951 3462 1051 3506 causa
1074 3463 1217 3528 aequum
1248 3443 1334 3508 ferre
1355 3462 1391 3528 po

335 3559 408 3601 mus
427 3534 604 3622 judicium,
624 3537 696 3622 jam
720 3535 776 3601 alii
792 3548 931 3602 eventus
954 3539 1125 3624 praecipui
1150 3540 1221 3625 ejus
1244 3541 1397 3627 pontifics,

335 3634 431 3700 nobis
455 3643 532 3698 sunt
555 3633 797 3700 considerandi.
852 3635 963 3722 Atque
987 3637 1151 3722 imprimis
1174 3659 1316 3723 agamus
1338 3625 1397 3708 del

334 3735 422 3818 gotio
446 3733 644 3816 gravissimo
669 3731 758 3818 quod
781 3732 969 3798 Bonifatius
996 3755 1072 3798 cum
1098 3727 1397 3802 Columnensibusl

334 3831 416 3914 buit,
447 3851 484 3894 eo
508 3828 561 3893 vel
586 3831 702 3913 magis,
736 3831 815 3916 quia
843 3832 943 3895 etiam
976 3831 1054 3897 inda
1077 3833 1260 3898 adversarii
1288 3825 1397 3916 Pontii

334 3929 541 3993 occasionem
567 3938 788 4012 sumpserunt,
818 3937 854 3992 nt
878 3929 980 3993 variis
1004 3949 1079 3992 eum
1103 3939 1254 4015 peterent
1277 3931 1397 3998 accusat

333 4025 441 4090 nibus.
489 4023 569 4088 Erat
600 4027 701 4110 igitur
725 4024 996 4092 Columnensium
1028 4027 1154 4092 familia
1179 4029 1267 4094 inter
1291 4019 1397 4096 Romal

331 4124 570 4210 potentissima,
605 4123 753 4210 danosque
788 4123 851 4189 hoc
886 4138 1033 4212 tempore
1068 4125 1215 4192 habebat
1249 4099 1397 4198 Cardiusl

332 4220 497 4288 Jacobum
530 4233 563 4285 ct
594 4223 727 4286 Petrum
765 4223 836 4308 ejus
869 4235 1033 4310 nepotem.
1090 4227 1188 4290 Initio
1223 4226 1361 4312 quidem
1391 4215 1397 4298 l
