2850 4834
354 469 445 538 Reges
464 469 571 525 Galliae
590 476 619 525 et
638 470 763 540 Apuliae.
1085 476 1141 530 aot

106 613 158 679 55.
186 612 261 676 Non
285 614 416 677 minimi
442 616 600 679 momenti
625 637 705 680 sane
729 617 763 679 in
779 615 843 680 hoc
859 617 1016 682 conflictu
1036 620 1138 683 etiam

30 709 152 774 fuerunt
179 732 292 795 regum
325 708 456 775 Galliae
485 711 693 798 aliorumque
724 715 913 800 principum
942 716 1045 781 nisus.
1091 716 1138 780 Hi

28 811 105 872 enim
136 811 276 895 propriis
307 808 490 874 commodis
521 810 699 891 inhiantes,
728 812 800 896 jam
832 833 892 896 per
914 835 948 877 se
972 813 1137 898 imperiali

28 907 170 991 dignitati
200 919 233 972 et
264 909 453 972 auctoritati
477 908 643 974 Ludovici
675 930 793 995 parum
816 909 993 986 favebant;
1033 933 1137 997 quum

28 1027 95 1070 vero
129 1005 322 1070 Ludovicus
354 1005 526 1070 Ecclesiae
553 1007 632 1092 jura
663 1008 891 1094 imprudenter
922 1018 954 1072 et
983 1019 1137 1094 proterve

26 1103 159 1169 laederet
180 1104 476 1190 schismaticosque
499 1116 694 1191 protegeret,
725 1105 797 1170 fieri
820 1128 888 1170 non
912 1109 1029 1191 potuit,
1055 1108 1137 1193 quin

26 1202 156 1268 Romani
178 1203 358 1268 Pontifices
390 1204 425 1266 in
459 1225 518 1266 sua
549 1205 677 1268 ratione
706 1203 828 1289 agendi
860 1226 959 1289 saepe
990 1204 1033 1268 ad
1064 1203 1137 1269 illos

25 1305 180 1388 principes
203 1323 384 1388 eorumque
407 1313 486 1366 vota
509 1302 679 1367 attendere
702 1302 871 1370 deberent.
903 1302 978 1366 Non
993 1313 1052 1386 est,
1077 1325 1308 1373 carnotanam

25 1400 59 1464 de
79 1400 257 1464 tendentiis
288 1420 405 1483 regum
429 1398 561 1464 Galliae
589 1399 759 1465 Ludovico
794 1399 1050 1466 adversantibus
1080 1401 1136 1464 hic
1172 1394 1279 1446 ΛΡΜ·

25 1497 108 1582 plura
139 1499 306 1578 dicamua3
341 1497 400 1562 sed
423 1519 531 1583 pauca
562 1499 736 1563 advertere
759 1498 896 1585 juvabit
926 1498 968 1563 de
991 1489 1146 1564 Roberto¹

24 1595 157 1681 Apuliae
179 1617 266 1682 rege,
295 1596 354 1682 qui
377 1596 412 1659 in
437 1617 489 1658 res
512 1594 664 1682 politicas
689 1596 777 1662 illius
800 1599 919 1660 aetatis
942 1618 1009 1661 non
1033 1596 1136 1661 modi·

25 1717 87 1758 cum
112 1695 278 1759 influxum
298 1695 458 1760 exercuit.
486 1693 660 1777 Robertus,
685 1697 742 1781 qui
766 1695 914 1760 initalia
937 1703 1137 1782 praepotens

24 1803 82 1855 erat
104 1801 137 1856 ct
150 1795 238 1856 iuter
252 1790 392 1857 Guelfos
416 1792 594 1874 eminebat,
618 1792 752 1858 laudem
769 1793 915 1858 habebat
930 1793 1137 1858 fortitudinis

24 1887 150 1955 bellicae
174 1913 214 1954 ac
240 1889 449 1974 prudentiae,
473 1891 577 1954 variis
601 1890 786 1956 excellebat
809 1890 999 1971 virtutibus,
1023 1889 1136 1956 Eccle-

24 1989 79 2051 siae
101 1997 175 2052 erat
196 1987 362 2070 addictus,
387 1998 419 2052 et
443 1989 514 2074 ipse
538 1990 585 2052 uti
610 1989 734 2074 conjux
758 1990 830 2074 ejus
853 1989 974 2055 Saucia
998 1989 1137 2057 Ordinis

23 2107 42 2150 s.
64 2087 232 2150 Francisci
257 2085 368 2149 fautor
391 2096 423 2149 et
447 2096 613 2172 protector
636 2088 786 2172 insignis.
834 2088 886 2152 De
909 2090 981 2172 ipso
1005 2087 1134 2152 Petrar-

24 2183 83 2260 cha,
114 2186 175 2248 atsi
208 2185 313 2247 nimio
344 2184 428 2248 forte
458 2186 629 2248 encomio:
663 2186 739 2272 Epo,
774 2185 898 2264 scribit,
926 2186 1137 2270 fidentissime

23 2283 100 2367 (aio),
130 2285 202 2369 quia
229 2283 265 2346 in
289 2279 400 2361 ltalia,
430 2283 492 2346 imo
516 2306 588 2347 vcro
612 2285 683 2370 quis
705 2285 740 2346 iu
765 2285 898 2370 Europa
929 2284 1049 2348 clarior
1072 2285 1135 2348 lto-

23 2379 115 2444 lerto?
151 2381 192 2444 Ia
215 2402 274 2466 quo
299 2403 394 2466 caepe
417 2383 559 2466 sopitum
582 2381 667 2445 solco
690 2404 754 2446 aon
778 2391 844 2446 tam
867 2381 1018 2447 diadema
1041 2405 1137 2470 qaum

25 2503 117 2556 norea,
148 2501 216 2542 uon
245 2489 310 2542 tam
340 2501 469 2565 requam
497 2502 591 2564 qaam
614 2481 753 2544 animum
777 2480 944 2544 admirari.
970 2530 977 2545 .
1005 2534 1010 2546 .
1037 2528 1044 2543 .
1070 2483 1134 2544 Ido-

24 2577 112 2642 dertur
134 2600 207 2642 aare
230 2577 367 2664 inclytus
391 2588 421 2640 ct
443 2600 513 2642 cere
535 2601 594 2642 rec
617 2588 673 2660 eat,
697 2581 860 2666 quiquam
883 2579 925 2642 ait
947 2579 1137 2664 imperiosus

24 2675 49 2736 in
75 2697 105 2738 ce
135 2676 255 2762 speum,
290 2673 435 2760 exempla
465 2675 616 2740 inaudita
641 2678 823 2763 patientiae
850 2686 881 2740 ct
906 2675 1135 2740 moderationis

23 2773 161 2837 indicant.
171 2773 195 2852 ¹)
235 2769 329 2836 Pluto
354 2772 437 2836 alter
459 2773 684 2859 inpeaio'fut't,
715 2784 745 2837 et
766 2797 874 2860 repam
895 2772 980 2837 nulli
1003 2784 1060 2838 aut
1082 2796 1131 2838 sa·

21 2873 129 2954 pientia
154 2871 309 2934 secandae
333 2881 389 2934 aut
411 2871 558 2956 ploria.⁹)
597 2871 721 2936 Joanni
746 2871 850 2936 XXII
875 2871 1038 2936 Robertus
1060 2874 1133 2958 jam

23 2987 55 3029 ex
81 2990 117 3032 eo
149 2979 300 3053 tempore
324 2990 389 3054 quo
414 2968 469 3032 ille
492 2968 632 3054 Neapoli
658 2969 803 3053 degerat,
836 2968 934 3034 valde
959 2968 1135 3034 familiaris

22 3064 73 3128 luit
93 3077 124 3129 ct
147 3066 299 3129 amicitia
322 3065 510 3132 devinctus.

96 3165 149 3230 56.
199 3163 276 3228 Jam
301 3161 455 3228 Clemens
478 3164 519 3245 V,
552 3165 600 3228 uti
632 3163 789 3247 diximus,
823 3186 926 3251 quum
949 3166 1133 3250 Imperium

22 3272 167 3345 vacasset,
203 3260 384 3326 Robertum
408 3263 572 3326 vicarium
596 3261 733 3348 Imperii
764 3265 799 3328 in
822 3261 921 3328 Italia
951 3273 1133 3344 creaverat,

23 3503 180 3566 poeticum.
222 3499 368 3554 Contentui
397 3499 424 3553 id
452 3515 546 3554 revera
573 3500 661 3568 magis
689 3500 824 3569 congruit.
860 3501 894 3558 V.
918 3501 1134 3572 Herganrotbsr,

23 3577 106 3636 Kircbc
124 3581 182 3636 und
199 3581 288 3644 Staat,
306 3579 356 3635 1v.
375 3595 401 3634 n.
420 3579 464 3636 30.

83 3681 101 3749 ¹)
119 3679 260 3736 Familiar.
280 3679 310 3736 L.
330 3679 378 3739 IV.
398 3695 438 3747 cp.
459 3679 492 3734 IL

82 3779 103 3841 2)
121 3778 190 3835 Ibid.
209 3777 242 3833 L.
262 3777 295 3831 V.
326 3792 367 3844 ep.
387 3777 409 3834 1.
439 3808 472 3817 -
501 3778 541 3832 De
569 3775 627 3844 ipso
653 3777 736 3831 etiam
755 3777 786 3830 cl.
806 3777 902 3844 Balan,
921 3777 1012 3831 Storia
1038 3777 1130 3834 d’Ital.

25 3851 47 3908 b.
63 3857 157 3912 XXXI.
178 3876 205 3913 n.
226 3857 285 3914 XX.
310 3857 436 3924 „Grande
454 3863 584 3912 eventura
603 3856 633 3910 fu
646 3872 694 3924 por
712 3857 816 3910 l'ltalia
835 3857 862 3911 la
879 3863 966 3911 morte
984 3857 1013 3911 di
1031 3873 1060 3912 re
1078 3857 1130 3911 Ro·

25 3935 85 3991 tcrto
102 3940 128 3993 di
146 3938 245 4008 Napoli
264 3937 307 3992 chi
326 3938 520 4006 ottuagenario
537 3937 610 4006 spiro
629 3938 675 3991 nel
694 3937 721 3991 di
741 3937 776 3991 19
794 3937 821 3990 di
841 3937 964 4006 Genuajo
983 3937 1026 3992 del
1046 3939 1131 4004 1343;

24 4016 126 4087 principe
138 4025 267 4088 reputato
280 4018 300 4073 il
311 4017 357 4085 pio
375 4019 452 4072 savio
471 4018 515 4072 dci
534 4018 593 4072 suoi
614 4019 697 4086 tempi
717 4017 953 4072 conascentissimo
973 4017 1000 4071 di
1021 4017 1129 4082 lettere,

25 4095 65 4160 pio,
81 4099 213 4168 religioso,
233 4099 254 4152 il
272 4099 397 4168 migliore
416 4099 444 4152 di
461 4113 511 4151 sua
529 4099 622 4165 stirpe,
651 4098 699 4152 cha
718 4113 772 4152 non
785 4097 815 4150 fu
835 4097 965 4150 abbatuto
984 4098 1038 4151 mai
1056 4097 1131 4152 dalla

25 4191 120 4233 auena
144 4181 272 4247 fortuna3
302 4197 372 4254 ςηιι
391 4193 421 4233 re
446 4177 494 4232 che
517 4178 659 4246 maggiore
687 4193 771 4245 parve
798 4192 846 4244 per
873 4177 898 4232 le
924 4184 1054 4232 eventura
1082 4177 1132 4232 che

25 4260 149 4325 aguano
168 4258 210 4314 nc’
228 4261 286 4316 suoi
307 4261 379 4316 aredi
397 4275 412 4314 e
431 4274 479 4328 per
497 4258 506 4312 i
525 4258 580 4313 vizi
598 4259 666 4313 ende
684 4258 878 4314 bruttaronsi.“
