3000 4838
404 471 445 526 De
462 469 607 526 schismate
625 471 702 525 Petri
720 469 826 527 Leonis.
1159 472 1194 527 tt

166 615 215 679 78.
259 613 384 679 Scribit
414 616 516 698 igitur
539 637 564 681 s.
589 614 798 681 Bernardus:
830 617 905 680 Dno
928 593 1034 703 itaque
1057 627 1131 681 sant
1153 615 1356 722 wiffl

93 711 185 796 psilen
206 713 414 791 contenditur,
439 713 584 798 quisnam
596 735 703 776 eornm
717 716 834 778 rectius
848 713 995 778 videatur
1011 735 1076 778 esse
1089 714 1191 800 Papa.

95 807 215 880 Quorum
232 810 338 896 primo
361 811 487 896 quidem
510 812 539 874 si
555 833 715 897 personas
738 834 909 899 compares,
932 821 968 875 nt
988 814 1095 876 nentri
1117 835 1193 877 sane

90 906 128 970 nl
152 907 298 993 &opere
321 907 450 987 ndens,
480 907 530 972 uel
553 907 701 987 adolani,
732 909 837 974 dicam
866 908 950 994 quod
977 909 1043 973 dici
1070 911 1195 996 passim

90 1005 223 1089 reperies,
253 1016 283 1068 et
305 1007 459 1070 neminem
482 1005 622 1070 arbitror
645 1006 795 1093 diffiteri:
830 1009 906 1094 quio
935 1007 1080 1072 ntidelicct
1102 1008 1195 1071 inno-

89 1104 169 1166 centii
188 1105 290 1166 nostri
313 1107 379 1167 sito
401 1101 451 1167 vel
463 1103 563 1189 senta
586 1127 641 1167 nec
665 1104 821 1169 aemulum
845 1107 941 1184 timet,
971 1128 1039 1168 cum
1063 1105 1196 1170 alterins

89 1223 134 1263 nec
167 1200 206 1264 ab
241 1203 341 1264 amico
372 1211 442 1266 tutu
464 1203 524 1268 sit.
591 1202 713 1266 Debinc
757 1205 788 1266 si
823 1201 986 1268 electiones
1031 1203 1194 1283 discutias,

89 1309 183 1360 matra
205 1299 321 1363 ibidem
343 1321 417 1363 mon
439 1300 574 1364 occurrit
597 1310 627 1363 et
646 1302 844 1386 promotione
862 1303 990 1387 purior,
1018 1312 1048 1365 ct
1070 1301 1196 1365 ratione

84 1394 281 1480 probabilior,
312 1407 342 1460 ct
366 1400 463 1484 prior
495 1409 643 1485 tempore.
691 1399 790 1463 Porro
821 1399 860 1462 de
893 1409 1028 1486 tempore
1059 1409 1196 1464 constat:

87 1493 197 1579 retinen
228 1495 292 1559 duo
320 1496 436 1560 mer-ita
462 1496 614 1582 probant,
648 1507 678 1560 et
701 1497 842 1582 dipnitas
865 1497 1054 1583 eligentium.
1101 1497 1197 1561 Hanc

88 1592 167 1668 can,
199 1593 236 1655 ni
257 1590 389 1679 fallor,
407 1603 536 1680 portem
572 1595 728 1658 saniorem
758 1597 898 1659 invenies
922 1607 986 1659 tam
1010 1596 1195 1682 Episcopos,

88 1711 168 1772 peon
186 1688 378 1756 cardinales
394 1692 545 1756 diaconos
560 1693 624 1755 sive
636 1691 848 1779 presbyteros,
873 1703 903 1758 et
919 1715 1050 1779 qnorum
1060 1693 1197 1755 manime

88 1788 203 1852 interest
226 1788 266 1852 de
289 1788 437 1853 electione
459 1791 572 1854 sommi
600 1791 778 1875 Ponts'jicis,
809 1802 838 1856 et
861 1792 974 1878 quanti
995 1792 1030 1854 in
1054 1790 1196 1876 elipcndo

83 1889 169 1971 jacto
199 1886 331 1950 Patr-um
363 1889 445 1951 scita
474 1887 648 1972 sufficiant.
699 1885 785 1961 Quid
815 1899 845 1952 et
876 1890 912 1953 in
942 1888 1197 1952 consecratione?

91 1983 193 2048 Nonne
221 1984 407 2064 Ostiensem,
440 1985 484 2048 od
508 2008 596 2070 quem
620 1985 802 2072 specialiter
825 1988 929 2071 utiquc
953 1995 1082 2072 spectat,
1106 1981 1196 2048 bobe-

89 2083 164 2145 nusl
190 2080 380 2169 Cumipitur
403 2083 568 2146 etelectus
593 2082 721 2168 dipnior
744 2093 773 2147 et
796 2083 904 2148 electio
928 2085 1038 2148 sanior
1062 2093 1092 2146 et
1114 2083 1196 2168 actio

89 2179 290 2244 odinubilior
313 2190 465 2260 tencatur,
497 2204 560 2266 qne
583 2181 795 2261 intinctione,
829 2183 890 2246 ime
914 2204 978 2268 qua
1000 2182 1197 2245 contentione

89 2287 185 2340 eontra
211 2282 270 2366 jus
294 2289 324 2342 et
337 2278 401 2365 fas
423 2291 453 2342 ct
474 2289 549 2342 eota
573 2280 709 2343 omnium
732 2279 891 2358 bonorum,
919 2281 1039 2343 invitae
1063 2290 1092 2343 et
1113 2279 1197 2342 reni·

90 2376 155 2437 tenti
175 2375 240 2438 Dei
262 2373 423 2440 Ecclesim
442 2377 614 2463 praeficere
639 2375 747 2457 aliam,
778 2387 808 2440 et
830 2375 921 2442 illam
953 2377 1109 2464 deponere
1133 2386 1197 2440 ten·

89 2472 199 2558 saw)

166 2571 218 2634 79.
266 2569 299 2636 S.
323 2570 514 2635 Bernardus
544 2571 586 2635 ab
610 2571 806 2636 Innocentio
830 2570 923 2658 Papa
945 2594 974 2639 a.
1003 2571 1084 2635 1131
1111 2569 1197 2654 lega-

89 2678 132 2730 tus
159 2689 293 2754 quoque
322 2668 366 2731 ad
389 2667 572 2733 Henricum
605 2691 716 2754 regem
740 2667 883 2753 Angliae
911 2678 943 2733 et
972 2668 1197 2733 Normanniae

89 2765 205 2846 missus,
236 2787 349 2850 regem
382 2774 415 2830 et
444 2769 614 2853 episcopos
639 2768 682 2832 ad
706 2766 929 2834 obedientiam
952 2766 1092 2852 legitimi
1114 2766 1198 2830 Pon·

88 2861 175 2926 tiliois
205 2863 358 2929 adduxit.
407 2863 565 2944 Quinimo
596 2887 655 2929 rex
686 2866 756 2952 ipse
788 2887 864 2929 cum
900 2864 1012 2929 multis
1035 2865 1199 2950 episcopis

89 2967 116 3020 et
135 2961 325 3046 proceribus
349 2953 530 3026 Carnotum
562 2962 605 3027 ad
629 2963 860 3028 innocentium
885 2961 921 3027 II
955 2964 1057 3044 venit,
1093 2961 1199 3026 etad

88 3057 179 3140 pedes
202 3059 273 3145 ejus
297 3059 509 3124 devotissime
534 3069 724 3146 prostratus,
758 3082 816 3124 suo
841 3082 1040 3146 suorumque
1065 3060 1199 3124 nomine·

89 3153 303 3222 obedientiam
341 3157 388 3222 itti
430 3160 593 3244 promisit.
647 3157 804 3222 Pontifex
837 3159 936 3222 etiam
968 3181 1044 3222 oum
1075 3158 1197 3242 gaudio

89 3257 210 3340 excepit
231 3253 358 3340 legatos
380 3255 531 3320 Letharii
548 3256 582 3319 II
606 3257 692 3339 regis
716 3255 927 3340 Germaniae,
952 3258 1009 3343 qui
1033 3257 1120 3341 regis
1142 3277 1330 3338 nomm„
1344 3296 1368 3337 Π

90 3354 171 3416 mine
197 3355 226 3417 ei
260 3352 485 3419 obedientiam
519 3354 656 3440 professi
689 3365 775 3436 sunt,
810 3356 964 3441 regisque
995 3351 1199 3417 desiderium
1265 3371 1313 3424 10¹,-

90 3449 217 3515 vidcndi
251 3451 449 3516 Pontificem
491 3451 731 3535 significarunt.
787 3451 1003 3516 Innocentius
1039 3449 1074 3514 II
1112 3452 1199 3535 regis

91 3548 169 3612 totis
190 3551 316 3632 annuit,
341 3559 374 3614 et
397 3551 516 3614 comite
540 3572 565 3613 s.
589 3547 759 3614 Bernardo
784 3550 826 3614 ad
850 3571 926 3614 eum
949 3548 1115 3635 proiectus
1139 3557 1198 3614 est.

91 3643 149 3708 Die
164 3647 222 3710 22⁰
236 3647 348 3712 Martii
373 3649 453 3711 anni
479 3647 563 3712 1131
590 3646 768 3713 Letharius
784 3647 980 3712 Pontificem
1004 3648 1039 3711 in
1063 3646 1199 3710 civitate

92 3739 267 3828 Leodiensi,
299 3747 334 3810 in
359 3767 459 3831 quam
484 3745 604 3809 multos
628 3746 800 3830 episcopos
824 3754 857 3808 et
879 3744 1016 3809 abbates
1040 3762 1199 3806 convoca·

93 3851 189 3925 verat,
221 3865 341 3928 magno
373 3865 448 3907 cum
481 3842 605 3908 honore
635 3843 777 3927 excepit.
830 3841 1045 3907 Innocentius
1072 3841 1107 3904 in
1135 3839 1199 3904 hae

95 3938 216 4005 civitate
246 3941 411 4027 synodum
445 3939 639 4022 celebravit,
675 3941 711 4004 in
741 3962 807 4027 qua
831 3939 966 4004 Petrum
989 3939 1112 4004 Leonis
1141 3959 1199 4002 seu

94 4037 272 4123 antipapam
289 4038 488 4104 Anacletum
511 4061 624 4103 rursus
648 4037 962 4116 excommunicavit:
1008 4037 1132 4122 Regem
1155 4035 1200 4100 ad

95 4175 292 4192 ᾖ*

162 4251 181 4318 ¹)
193 4249 281 4342 ¹Epist„
301 4253 362 4308 126.
