2836 4848
329 451 370 504 De
389 449 502 504 Concilii
520 449 700 506 Lateranensi
717 452 766 506 IV.
1052 453 1105 508 387

30 594 213 678 inperatoris,
244 595 383 659 Henrici
414 594 626 679 Imperatoris
657 593 1028 682 Constantinopolitani,
1059 619 1106 660 re-

26 713 133 777 gumque
154 692 291 774 Galliae,
317 693 513 777 Hispaniae,
535 691 687 776 Angliae,
720 693 922 778 Hungariae,
955 693 1107 760 Hieroso-

27 787 159 872 lymorum,
184 790 299 876 Cypri.
348 787 534 854 Concilium
558 789 640 854 festo
665 813 689 855 s.
714 791 861 875 Martini,
886 792 939 857 die
965 795 1024 857 11ο
1043 793 1107 857 Νο-

25 887 143 970 veubris,
172 890 253 954 anni
281 889 366 954 1215
391 887 584 952 inchoatum
609 897 675 970 est;
705 888 808 954 altera
832 893 933 956 sessio
965 893 1030 956 fuit
1053 891 1107 956 die

24 986 64 1046 :tl
76 986 271 1067 Novembris,
296 987 414 1051 ultima
436 1008 514 1050 vero
539 986 638 1071 hujus
662 989 785 1053 mensis
801 988 862 1054 30⁰
877 989 940 1056 die.
972 988 1107 1074 Synodo

22 1085 160 1150 exordium
184 1085 278 1150 dedit
301 1087 516 1150 Innocentius
539 1085 591 1150 ΙΙΙ
617 1087 749 1172 egregio
773 1109 922 1150 sermone
946 1088 980 1150 in
1005 1086 1110 1150 verba

21 1181 79 1248 Luc.
100 1186 147 1268 22,
172 1185 225 1268 15,
246 1205 312 1271 quo
336 1185 500 1270 exposuit,
526 1192 648 1269 quanto
673 1184 837 1249 desiderio
871 1183 1111 1249 desideraverit

20 1277 62 1343 hoc
81 1283 201 1348 Pascha
235 1281 403 1346 celebrare
426 1292 502 1346 ante
527 1275 622 1346 suum
647 1281 790 1364 obitum,
821 1291 857 1346 ut
880 1282 1001 1368 triplex
1024 1291 1110 1347 tran-

20 1381 77 1442 situs
102 1381 253 1467 (pascha)
285 1381 387 1463 lieret,
419 1401 462 1444 cx
485 1379 668 1446 Occidente
696 1383 731 1444 in
755 1378 926 1446 Orientem
958 1382 1002 1446 ad
1031 1381 1111 1446 libe-

17 1478 126 1542 randam
148 1478 428 1564 Hierosolymam,
457 1501 477 1542 a
501 1487 587 1541 statu
611 1480 769 1544 vitiorum
798 1478 841 1543 ad
865 1489 986 1544 statum
1011 1480 1112 1542 virtu·

18 1587 66 1638 tum
91 1579 121 1640 in
152 1577 308 1642 Ecclesia
330 1577 407 1658 Dei,
440 1598 460 1639 a
484 1578 554 1640 vita
578 1576 751 1662 temporali
775 1577 818 1641 ed
843 1579 947 1642 vitam
979 1577 1112 1642 beatam

17 1688 89 1758 atque
109 1687 292 1740 aeternam.
339 1674 556 1760 Septuaginta
582 1674 714 1739 decreta
738 1677 857 1739 emissa
881 1686 966 1756 suut,
992 1674 1113 1762 quibus

15 1774 165 1858 praecipua
181 1774 295 1860 capita
319 1773 407 1856 fidei,
433 1793 560 1836 morum
586 1783 618 1836 et
642 1772 838 1857 disciplinae
855 1775 986 1858 egregie
1011 1773 1113 1838 deter-

15 1871 113 1933 minata
135 1871 241 1936 fuere.

81 1969 129 2033 86.
163 1970 328 2055 Apprime
356 1970 573 2033 constitutum
597 1968 670 2050 suit,
705 1990 771 2054 qua
798 1971 925 2034 ratione
958 1967 1282 2034 Orneiatanotntttoneu·

13 2085 108 2148 magna
131 2070 165 2132 in
183 2065 356 2134 Orientem
382 2066 484 2150 fieret,
510 2076 610 2153 atque
627 2067 662 2132 in
678 2067 768 2131 hunc
785 2089 921 2153 scopum
945 2091 1013 2154 pax
1036 2088 1114 2153 que-

13 2171 67 2224 tuor
86 2187 250 2232 annorum
274 2165 429 2230 omnibus
444 2165 655 2250 principibus
672 2165 860 2230 christianis
883 2168 1039 2252 imposita
1055 2175 1114 2246 est,

11 2259 215 2348 indulgentiae
239 2263 429 2351 publicatae
453 2273 548 2345 sunt,
580 2265 810 2349 episcopisque
841 2265 1049 2344 mandatum,
1080 2273 1117 2326 ut

11 2353 154 2441 litigantes
184 2367 274 2428 inter
297 2385 332 2426 se
355 2360 617 2426 reconciliarent.
644 2397 686 2410 -
713 2361 811 2442 Quod
842 2362 885 2427 ad
915 2362 1015 2428 fidem
1047 2382 1116 2446 spe-

9 2471 65 2527 ctat,
87 2482 215 2526 canone
242 2462 289 2543 1⁰,
313 2483 372 2526 seu
395 2459 517 2524 celebri
547 2462 656 2545 capite
681 2460 840 2539 Firmiter,
865 2463 1043 2546 exponitur
1066 2481 1116 2523 ca·

9 2549 107 2622 thelica
140 2559 228 2624 fides
263 2559 303 2624 de
335 2583 376 2624 ss.
401 2559 582 2638 Trinitate,
613 2557 863 2639 Incaruatione,
898 2557 1050 2623 Ecclesia
1085 2567 1118 2622 et

8 2651 211 2722 Stemmentis
225 2669 343 2722 contra
355 2656 540 2721 haereticos
554 2655 644 2720 illius
657 2657 825 2741 temporis,
841 2659 987 2720 maxime
1003 2665 1117 2720 contra

10 2745 157 2821 tartaros.
208 2755 364 2821 Secundo
393 2776 531 2836 canone,
563 2775 621 2819 seu
652 2755 762 2840 capite
785 2755 993 2836 Damacmue,
1027 2753 1117 2817 dam-

8 2863 107 2915 nentur
119 2853 259 2918 libellus
275 2853 296 2918 J
299 2851 443 2917 oachimi
457 2851 590 2916 abbatis
606 2861 640 2916 et
663 2873 855 2937 perversum
872 2852 992 2937 dogma
1007 2849 1118 2915 Alma-

8 2947 60 3014 u'ti.
110 2951 271 3018 Joachim
305 2949 462 3015 videlicet
491 2949 598 3014 abbas
629 2949 851 3014 Floriaccnsis
883 2951 917 3014 in
952 2947 1116 3034 Calabria,

8 3049 50 3128 qui
69 3071 153 3114 anno
183 3049 273 3114 1202
296 3050 385 3114 fama
409 3049 594 3113 sanctitatis
618 3046 727 3111 clarus
747 3047 884 3129 obierat,
909 3058 1039 3133 praeter
1053 3047 1118 3112 alia

8 3146 163 3230 scripserat
192 3146 347 3212 libellum
378 3170 435 3211 seu
460 3155 636 3210 tractatum
662 3154 777 3208 contra
799 3145 935 3208 Petrum
960 3143 1118 3208 Lombar·

8 3239 79 3324 dum,
101 3249 136 3310 in
161 3267 233 3332 quo
256 3245 346 3310 hanc
368 3245 458 3309 Petri
482 3245 759 3330 propositionem:
787 3241 945 3316 Quoniam
964 3241 1120 3328 quaedum

8 3365 105 3408 mama
135 3369 191 3410 ree
224 3355 270 3407 est
295 3344 390 3407 Pater
421 3353 451 3406 et
474 3341 580 3406 Fit-tue
610 3353 640 3406 et
663 3340 806 3428 Spiritus
831 3339 976 3418 Sanetus,
1006 3349 1035 3403 et
1058 3337 1119 3402 itta

8 3463 56 3503 aon
76 3455 120 3508 eet
141 3464 313 3528 penarum,
336 3465 433 3528 aeque
448 3442 566 3527 penita,
590 3463 687 3526 aeque
699 3439 884 3525 procedens,
908 3441 1118 3523 impugnans,

8 3539 78 3622 qnod
101 3565 140 3606 ea
165 3542 426 3627 quaternitatem
451 3543 485 3603 in
507 3539 579 3603 Deo
604 3537 798 3618 adstrueret,
824 3557 958 3602 erronee
988 3544 1120 3600 conten·

9 3637 99 3722 debat,
124 3646 160 3708 in
186 3641 316 3705 divinis
345 3661 410 3705 non
434 3661 505 3703 esse
529 3637 676 3724 aliquam
700 3658 780 3718 rem,
804 3637 945 3722 quaesit
967 3633 1065 3697 Pater
1089 3643 1121 3696 et

9 3735 29 3800 F
32 3737 96 3804 ilius
118 3751 152 3806 et
177 3739 326 3826 Spiritus
341 3737 492 3819 Sanctus,
517 3739 588 3800 sive
604 3735 660 3799 illa
676 3757 728 3799 res
745 3735 911 3799 diceretur
925 3731 1119 3812 substantia,

9 3841 143 3921 essentia,
170 3839 247 3902 sive
270 3847 406 3918 natura3
437 3846 503 3899 tres
534 3855 691 3918 personas
723 3831 855 3896 divinas
887 3851 957 3895 esse
986 3827 1121 3915 quidem

10 3955 92 4000 unam
131 3935 380 4016 substantiam,
420 3934 597 3997 essentiam
635 3941 669 3994 et
705 3941 874 4012 naturam,
908 3950 974 3993 non
1010 3937 1121 3990 tamen

11 4038 124 4118 proprie
157 4045 193 4099 et
226 4031 375 4114 realiter,
413 4031 469 4095 sed
501 4029 672 4094 collective
705 4040 737 4094 et
769 4026 1002 4107 similitudine,
1037 4026 1123 4088 sicut

12 4132 88 4198 multi
118 4133 279 4198 homines
310 4129 466 4194 dicuntur
497 4151 584 4217 unqs
613 4127 764 4215 populus.
796 4165 839 4175 -
869 4125 1057 4195 Almaricus
1081 4121 1122 4186 de

13 4227 97 4312 Bana,
128 4231 276 4296 clericus
309 4230 399 4292 etin
422 4227 648 4294 Universitate
680 4226 860 4291 Parisiensi
892 4221 1123 4310 philosophiae

964 4329 1015 4383 25*
