2814 4848
279 461 332 516 356
445 461 561 515 XXVII.
581 462 621 516 De
639 462 743 518 haeres.
763 463 929 530 repressione
947 478 979 516 ac
997 463 1030 517 de
1048 459 1241 516 Decretalibus.

278 605 551 670 animadversione
598 606 801 687 afficiantur,
855 606 908 670 vel
954 619 990 670 61
1035 607 1073 668 de
1121 605 1213 668 166616
1259 603 1380 666 6616661-

279 706 440 785 6661661)

118 874 160 914 rus
175 885 268 914 consue.
367 853 420 921 50.
445 853 791 920 Animadvertendum
815 867 927 920 tamen
951 865 1009 936 est,
1035 857 1069 920 in
1085 855 1187 918 variis
1210 849 1382 936 regionibus

145 940 239 980 ‘udum'
274 952 346 1038 jam
380 951 509 1017 saeculo
543 953 720 1017 undecimo
755 975 794 1018 ac
826 953 1038 1036 duodecime,
1071 953 1194 1038 passim
1220 949 1384 1014 haereticos

277 1049 391 1115 ultimo
415 1050 579 1136 supplicio
604 1053 740 1115 affectos
764 1053 875 1117 fuisse.
922 1050 1031 1116 Sica.
1060 1049 1145 1115 1022
1170 1047 1231 1113 sub
1257 1045 1383 1112 Roberto

278 1148 483 1213 Francorum
503 1170 589 1232 rege,
614 1150 705 1234 apud
720 1150 996 1215 Aurelianensem
1020 1148 1138 1213 urbem
1154 1145 1313 1210 tredecim
1335 1143 1385 1204 viri

274 1246 631 1312 Neo-Manichaeorum
659 1247 789 1312 haeresi
812 1248 1031 1312 adhaerentes
1055 1245 1219 1310 combusti
1242 1251 1333 1318 sunt3
1362 1253 1386 1301 et

277 1345 367 1430 apud
397 1345 550 1410 Tolosam
580 1367 712 1432 quoque
743 1357 844 1432 atque
874 1348 909 1410 in
940 1344 1014 1409 aliis
1045 1341 1176 1408 Galliae
1208 1338 1394 1425 regionibus

277 1443 362 1507 varii
378 1443 527 1528 ejusdem
544 1443 689 1508 haeresis
704 1443 859 1524 asseclae,
877 1442 977 1508 simili
995 1441 1092 1507 modo
1109 1439 1268 1506 destructi
1285 1434 1388 1519 sunt¹l

277 1541 317 1603 In
341 1539 481 1604 concilio
506 1540 686 1606 Parisienei
710 1565 739 1606 a.
768 1541 863 1618 1050,
893 1549 1065 1627 praesente
1090 1539 1236 1603 Henrieo
1264 1541 1276 1602 I
1301 1535 1390 1600 Frau-

278 1659 392 1701 eorum
415 1660 501 1723 rege,
526 1638 654 1720 habito,
688 1639 882 1723 Berengsrii
916 1638 1061 1702 haeresis
1089 1637 1248 1701 damnata
1281 1635 1340 1697 suit
1366 1644 1394 1691 et

279 1733 458 1814 decretum,
494 1747 531 1801 nt
557 1737 654 1824 hujas
682 1738 908 1822 perversitatis
939 1748 1055 1801 auctor
1082 1735 1219 1820 ejusque
1247 1750 1394 1817 sequaces

209 1897 212 1904 ,
279 1844 531 1919 quaererentur,
564 1846 597 1899 et
618 1838 682 1900 nisi
714 1835 793 1900 fidei
824 1834 1006 1900 catholicae
1038 1833 1265 1897 consentirent
1292 1829 1392 1892 mortis

277 1951 401 2015 poenas
437 1933 608 2020 luerent.³)
675 1935 773 2000 Anno
812 1932 898 1998 1052
934 1931 1100 1996 Η6661666
1134 1931 1186 1993 Ill
1220 1931 1394 2014 Imperator

280 2028 450 2110 „Natalem
474 2031 611 2096 Domini
635 2031 807 2098 Goslariae
830 2033 911 2116 egit,
936 2029 1048 2116 ibique
1072 2027 1235 2115 quosdam
1260 2025 1389 2092 haereti·

277 2149 350 2208 cos,
392 2129 479 2193 inter
508 2131 573 2196 alia
604 2133 700 2217 pravi
731 2131 849 2194 erroris
890 2129 1046 2213 dogmata
1078 2125 1280 2191 Manichaea
1312 2137 1391 2188 secta

278 2227 385 2289 omnis
409 2249 500 2292 esum
525 2228 679 2294 animalis
703 2238 922 2306 exsecrantes,
948 2247 1111 2290 consensu
1128 2233 1339 2298 cunctorum,
1361 2243 1394 2282 ne

278 2322 443 2388 haeretica
474 2325 602 2390 scabies
631 2325 730 2390 latius
761 2347 895 2411 serpens
926 2323 1037 2410 plnres
1068 2323 1227 2402 inliceret,
1264 2323 1298 2385 in
1324 2318 1394 2405 pati«

278 2419 366 2485 bulis
393 2423 549 2508 suspendi
575 2423 740 2510 jussit.“⁴)
765 2459 808 2472 -
832 2422 957 2486 Versus
985 2445 1015 2486 a.
1042 2421 1128 2485 1120
1159 2417 1394 2488 8666616611166,

279 2516 431 2584 Lisisrdo
456 2523 622 2608 episeopo,
654 2520 764 2607 plnres
788 2520 908 2585 detecti
933 2531 1010 2584 sunt
1033 2519 1202 2598 haeretici,
1236 2531 1394 2604 quumque

279 2615 425 2681 haeresis
456 2619 602 2683 convicti
634 2641 707 2683 eam
738 2629 916 2684 retractare
954 2617 1079 2682 nollent
1113 2637 1247 2682 earcere
1283 2609 1394 2680 detenti

282 2725 368 2796 sunt,
393 2715 498 2780 donec
521 2719 557 2781 in
580 2717 707 2802 synodo
732 2716 868 2781 Belvaoi
893 2714 1093 2779 celebranda
1117 2715 1158 2779 de
1182 2735 1301 2778 eorum
1325 2721 1394 2776 sortt

282 2821 487 2878 statueretur.
540 2813 606 2878 Sed
638 2815 789 2900 populus,
824 2835 934 2878 verens
956 2813 1122 2878 mollitiem
1144 2811 1336 2888 clericalem,
1365 2805 1394 2872 ad

281 2931 445 2973 carcerem
469 2914 670 2997 properavit,
703 2921 736 2975 61
758 2912 941 2976 haereticos
965 2910 1038 2976 illos
1061 2909 1139 2974 inde
1164 2910 1306 2974 eductos
1330 2918 1394 2971 ante

278 3007 424 3073 civitatis
452 3019 563 3095 portas
586 3009 808 3090 combussitl)
855 3009 957 3094 Apud
980 3008 1157 3074 Atrebates
1181 3010 1216 3072 in
1241 3006 1394 3072 Flandris

282 3127 311 3168 a.
339 3107 423 3171 1183
448 3107 633 3192 complures
657 3107 815 3171 haeretici
840 3105 955 3172 ultimo
981 3108 1067 3190 ignis
1091 3107 1253 3192 supplicio
1282 3097 1394 3170 addici

283 3203 401 3291 sunt.⁶)
424 3243 468 3253 -
491 3205 532 3270 In
556 3203 737 3270 Germania
761 3206 885 3290 pariter
908 3205 1017 3269 medio
1042 3203 1174 3268 saeculo
1199 3203 1394 3268 duodecimo

285 3395 499 3404 -——.....

357 3517 377 3584 ¹)
396 3515 499 3570 Ultima
523 3517 589 3571 haee
613 3516 697 3572 verba
722 3531 770 3584 per
791 3532 820 3571 se
842 3515 1007 3584 significant,
1035 3525 1068 3570 61
1086 3515 1216 3570 haeretici
1236 3529 1251 3569 6
1271 3503 1394 3588 territori

282 3593 434 3662 ejicientur,
468 3597 690 3663 quemadmodum
724 3596 887 3651 adhibentur
917 3597 945 3650 iu
977 3601 1056 3650 textu
1082 3597 1181 3663 cepitis
1208 3597 1267 3650 IIIn
1299 3589 1394 3652 Concill

284 3675 476 3730 Lateranensis
500 3676 734 3746 1111(6.6.49).
772 3676 913 3732 Interdum
938 3693 991 3730 vox
1020 3677 1219 3743 „exterminare
1241 3676 1394 3732 leemites

282 3769 364 3810 sensu
383 3757 497 3822 quodam
516 3757 726 3812 indetermInato
745 3756 897 3813 adhibetur.

355 3853 375 3918 ¹)
395 3855 427 3908 V.
446 3854 558 3909 Baronii
576 3855 695 3908 Annales
714 3855 748 3908 ad
767 3871 792 3908 6.
813 3855 882 3909 1017
901 3869 961 3908 cum
982 3855 1063 3923 Pagii
1082 3854 1176 3910 critica
1195 3871 1221 3908 6.
1242 3856 1267 3908 1.

355 3952 376 4010 ”l
396 3951 428 4007 V.
449 3950 537 4006 116661
556 3951 632 4006 XIX.
652 3952 713 4007 782.

354 4047 378 4118 ⁴)
397 4048 568 4102 Hermannus
587 4055 742 4104 contractus
761 4049 789 4103 in
803 4049 933 4103 Chronico
951 4049 985 4103 sd
1004 4050 1121 4106 610511.
1141 4049 1178 4104 11.
1188 4049 1222 4106 G.
1237 4051 1295 4104 Ser.
1308 4049 1342 4104 I'.
1357 4045 1394 4102 rs}

355 4147 377 4218 1)
397 4145 544 4201 Guibertus
562 4146 596 4202 de
607 4147 763 4216 NovIgento
782 4147 849 4202 Vita
868 4165 889 4202 6
911 4150 950 4202 16.
971 4163 1013 4216 sp.
1032 4147 1205 4215 D’srgentre
1223 4147 1258 4202 II.
1277 4149 1305 4200 8.

356 4245 378 4314 ο)
398 4243 517 4299 Annales
530 4244 745 4312 Aquicinctensis
764 4245 922 4310 61666616τί1
941 4245 976 4298 ed
994 4261 1018 4298 a.
1036 4245 1112 4310 1183,
1131 4239 1394 4300 1168661161
