2832 4844
390 451 448 506 ΒΕ.
468 450 632 505 Pontificum
651 451 743 506 series.
810 443 818 460 ‘
974 439 977 449 ⁶
1076 452 1129 507 495

33 597 170 672 Quamvis
190 618 267 660 vero
300 617 414 660 omnes
439 594 634 661 Cardinales
667 607 781 661 contra
809 595 972 681 ejusmodi
1005 596 1127 661 violen-

30 695 89 754 tiam
116 693 237 758 sortiter
259 692 488 776 reclamarent,
513 703 624 758 tamen
649 716 687 758 eo
711 715 763 757 res
787 693 932 774 devenit,
957 704 994 758 ut
1017 695 1126 759 Ponti·

29 789 68 850 ies
90 789 261 875 eligeretur
282 789 433 856 CaroloI
457 802 490 856 et
512 792 583 876 ejus
607 794 692 878 parti
718 791 815 855 valde
839 790 1001 859 addictus.
1049 793 1129 857 Post

1 899 2 902 ’
27 910 69 950 ex
90 911 213 952 menses
235 888 402 971 videlicet,
428 889 482 953 die
498 888 559 953 22⁰
572 889 752 957 Februarii,
771 891 849 953 anni
870 891 965 973 1281,
990 893 1025 954 in
1043 891 1125 955 Pon-

27 985 125 1048 tificem
150 986 270 1050 electus
293 998 343 1050 est
366 987 481 1052 Simon
505 986 546 1050 de
570 987 659 1066 Bria,
686 986 873 1052 Cardinalis
897 1012 922 1052 s.
948 987 1124 1070 Caeciliae,

24 1081 128 1166 Gallus,
153 1087 208 1171 qni
233 1087 397 1150 Martinus
420 1085 474 1149 IV
491 1083 676 1170 appellatus
700 1097 756 1151 est.
804 1085 887 1158 Erat
918 1088 946 1150 is
969 1087 1126 1151 Pontifex
1144 1085 1283 1188 fflgffi

25 1183 48 1242 in
68 1185 200 1267 negotiis
224 1183 379 1267 gerendis
409 1182 494 1247 bene
519 1194 670 1247 versatus
693 1195 726 1247 et
749 1185 924 1248 sanctitate
957 1185 1044 1248 vitae
1078 1188 1125 1249 in·
1278 1176 1284 1188 ’

22 1281 115 1362 signis,
140 1281 197 1346 sed
221 1283 332 1345 minus
355 1282 483 1345 faustae
507 1280 586 1344 Sedi
611 1281 822 1366 Apostolicae
846 1295 1031 1347 evenerunt
1054 1284 1126 1370 ejus

21 1377 190 1442 tendentiae
214 1379 379 1464 politicae,
410 1378 531 1464 quibus
563 1381 703 1442 nimium
727 1379 893 1443 influxum
918 1380 1049 1445 Galliae
1079 1382 1124 1446 fa·

19 1478 102 1540 uioni
139 1477 294 1541 firmavit.
343 1475 519 1562 Rudolpho
544 1475 739 1561 Imperatori
763 1477 898 1563 quidem
923 1477 1122 1544 benevolum

19 1575 212 1656 sostendit,
238 1575 375 1662 ejusque
399 1576 433 1638 in
457 1574 579 1640 Tuscia
603 1575 768 1659 praelecto
793 1575 919 1640 auxilia
942 1581 1122 1662 praestitit3

17 1675 191 1754 praesertim
208 1684 318 1738 tamen
337 1670 446 1736 Caroli
461 1672 477 1735 I
501 1672 756 1756 Andegavensis
772 1676 1003 1738 auctoritatem
1020 1687 1053 1738 et
1067 1699 1122 1762 po-

17 1783 150 1836 testatem
173 1771 261 1836 ultra
284 1771 420 1835 modum
445 1769 648 1855 amplificare
665 1781 697 1834 et
712 1774 795 1835 tueri
811 1774 903 1836 visus
921 1783 978 1838 est.
1010 1773 1122 1854 Quum

14 1865 137 1934 Romani
164 1869 207 1934 sd
232 1869 396 1934 sedandas
420 1867 603 1934 discordias
626 1869 791 1950 Pontifici,
825 1879 861 1933 ut
883 1872 955 1935 viro
980 1874 1121 1956 privato,

14 1968 199 2031 senatoriam
225 1967 420 2052 dignitatem
444 1966 669 2049 contulissent,
700 1967 864 2032 Martinus
887 1970 936 2033 IV
969 1992 1008 2034 ea
1032 1973 1122 2036 inve·

12 2066 88 2128 stivit
111 2065 227 2130 denuo
252 2065 408 2129 Carolnm
423 2067 450 2146 I,
475 2067 577 2129 etita
601 2065 736 2130 rescidit
760 2067 888 2132 Nicolai
912 2067 964 2132 lII
988 2063 1120 2135 statuta.

13 2159 104 2228 Caroli
137 2164 370 2228 dominatione
408 2165 443 2228 in
467 2163 582 2228 Sicilia
620 2186 680 2249 per
702 2162 887 2229 Siculorum
926 2165 1121 2231 seditionem

13 2283 118 2342 eversa,
154 2265 245 2348 regis
269 2273 388 2348 partes,
419 2263 467 2326 uti
493 2261 649 2342 vidimus
681 2284 801 2347 magno
826 2262 942 2328 ardore
967 2267 1121 2350 suscepit,

11 2375 90 2446 uque
125 2361 254 2424 exinde
289 2359 402 2424 multis
434 2359 687 2424 difficultatibus
719 2359 760 2425 ob
785 2359 917 2425 Siciliae
951 2364 1121 2445 negotium

8 2459 94 2524 setes
120 2458 321 2546 Apostolica
360 2458 510 2523 involuta
540 2470 597 2539 est,
636 2467 669 2522 et
705 2459 910 2543 expeditioni
950 2482 1063 2524 sacrae
1086 2463 1120 2525 in

9 2553 168 2622 Orientem
196 2579 285 2622 nova
308 2556 424 2620 oborta
448 2566 524 2621 sunt
547 2556 795 2642 impedimenta.
842 2556 971 2621 Novem
996 2561 1123 2624 creavit

9 2651 159 2720 llaninus
184 2655 236 2718 lV
269 2652 474 2734 Cardinales,
507 2656 594 2718 inter
617 2677 698 2740 quos
722 2677 824 2740 quum
848 2665 991 2740 quatuor
1013 2667 1123 2720 essent

9 2747 89 2836 sralli,
124 2755 194 2818 hac
229 2774 360 2839 quoque
383 2753 510 2816 ratione
534 2751 622 2816 illius
646 2754 790 2816 nationis
825 2752 972 2818 influxus
1003 2764 1122 2819 auctus

5 2871 56 2918 su:
88 2855 208 2916 varios
234 2853 335 2915 etiam
364 2849 493 2915 milites'
508 2848 621 2915 Gallos
649 2859 792 2914 rectores
815 2872 855 2914 ac
878 2851 1062 2936 praefectos
1086 2854 1121 2916 in

6 2951 189 3016 :ivitatibus
214 2949 351 3013 ditionis
376 2948 617 3013 ecclesiasticae
640 2948 796 3012 Pontifex
819 2950 1000 3013 constituit.

79 3051 161 3114 129.
212 3045 500 3132 Constantinopoli
534 3048 666 3110 interim
699 3051 778 3110 unio
809 3044 1012 3110 Graecorum
1044 3068 1121 3112 cum

4 3145 143 3213 Ecclesia
171 3147 326 3210 Romana
350 3166 467 3230 parum
491 3143 647 3210 substitit.
694 3144 877 3229 Imperator
901 3142 1035 3228 quidem
1060 3145 1122 3208 Mi·

4 3245 80 3310 slrael
106 3243 345 3328 Palaeologus,
372 3254 403 3307 et
420 3242 569 3308 Joannes
584 3244 714 3307 Veccus
738 3241 942 3322 Patriarcha,
967 3244 1024 3327 qui
1048 3255 1121 3329 post

3 3345 184 3410 .'oncilinm
201 3342 429 3427 Lugdunense
445 3340 592 3426 Josepho
616 3340 829 3405 Patriarchae
852 3341 967 3403 unioni
993 3339 1121 3404 infenso

1 3445 149 3507 mfi'ectns
177 3451 240 3522 est,
265 3441 422 3506 unionem
446 3439 630 3503 confectum
655 3461 715 3524 per
730 3438 856 3524 aliquot
879 3460 984 3502 anuos
1008 3449 1122 3502 contra

0 3561 8 3595 ι·
46 3542 227 3606 ismaticos
265 3537 403 3601 firmiter
439 3536 706 3601 vindicaverunt.
762 3535 828 3600 Sed
858 3535 1010 3619 refriguit
1043 3535 1121 3626 dein

0 3637 209 3724 inperatoris
235 3636 357 3716 fervor,
380 3656 482 3720 quum
507 3634 681 3698 commoda
704 3633 839 3719 politica
862 3655 947 3719 quae
971 3656 1121 3718 sperave-

1 3754 35 3798 ,ι
57 3759 101 3802 ex
128 3736 262 3799 unione
285 3744 487 3819 proventura
510 3754 576 3797 non
601 3743 838 3817 assequeretur,
872 3741 905 3795 et
932 3730 1121 3795 tendentiae

0 3835 287 3900 hismaticorum
314 3830 598 3916 Constantinopoli
623 3829 763 3894 multum
788 3829 1009 3895 invaluerunt.
1042 3829 1120 3893 Jam

11 3931 148 4000 'is-olaus
182 3929 237 3995 ΙΙΙ
270 3937 438 4015 suspectos
461 3927 579 3992 habuit
602 3928 760 4010 Graecos,
796 3938 895 4014 atque
919 3928 1039 3991 institit
1062 3949 1123 4012 per

1 4029 121 4114 'gatos
162 4041 202 4093 ut
232 4027 334 4091 fidem
358 4025 555 4092 catholicam
578 4027 724 4111 apertius
748 4027 988 4111 profiterentur.
1036 4025 1120 4088 Mar·

1 4155 71 4194 ¹ntis
98 4129 153 4194 lv
183 4149 288 4213 quum
314 4136 471 4208 censeret,
503 4123 701 4188 Michaelem
725 4125 962 4210 Imperatorem
990 4123 1121 4189 simula-

0 4251 70 4292 one
96 4229 148 4292 uti
179 4235 213 4288 et
237 4222 382 4288 schisma
408 4222 530 4305 fovere,
564 4243 602 4287 eo
627 4220 679 4285 vel
704 4225 808 4308 magis
842 4224 930 4308 quod
953 4225 1122 4309 promissa
