2814 4840
275 402 330 456 482
473 401 600 456 XXVHI.
620 401 661 456 De
679 407 756 456 stetu
774 401 914 456 societatis
934 400 1026 456 christ.
1045 417 1116 456 saec.
1136 401 1214 455 XIII.

277 547 426 610 accensis
450 547 484 610 im
509 545 618 610 hieme
642 545 823 630 asperrima
840 547 981 624 centeni,
1006 544 1142 626 milleni,
1168 545 1283 610 decem
1298 547 1387 610 millia

277 665 409 728 quoque
439 666 498 728 per
529 644 682 706 civitates
713 653 745 706 et
776 641 933 706 ecclesias
969 643 1164 722 currebant,
1198 653 1231 707 et
1261 666 1294 708 se
1322 660 1387 706 ante

277 739 395 804 altaria
419 740 589 804 humiliter
617 737 879 824 prosternebant,
904 741 1182 826 praecedentibus
1214 764 1269 806 eos
1299 765 1388 805 sacer-

278 837 410 904 dotibus
435 861 511 903 eum
537 838 691 902 crucibus
710 846 743 901 et
759 837 902 902 vexillis.
928 887 935 902 .
962 889 968 904 .
995 837 1199 903 ‚¹Siluernnt
1222 849 1301 904 tunc
1323 851 1388 902 tem·

277 959 356 1022 porc
381 939 492 1002 omnia
516 937 643 1000 musica
674 937 893 1000 instrumenta
927 946 960 999 et
991 939 1172 1002 amatoriae
1207 937 1388 1002 cantilenae.

277 1034 354 1118 Sola
390 1037 499 1100 cantio
533 1035 732 1120 poenitentis
766 1032 917 1118 lugubris
948 1035 1147 1098 audiebatur
1178 1035 1304 1122 ubique
1334 1048 1388 1099 tom

277 1135 311 1198 in
353 1132 547 1196 civitatibus
586 1153 685 1217 quam
726 1133 760 1194 in
797 1131 901 1212 villis,
942 1131 985 1196 ad
1017 1132 1112 1218 cujus
1151 1131 1298 1197 flebilem
1337 1156 1388 1196 mo·

279 1229 481 1296 dulationem
524 1229 624 1294 corda
664 1251 765 1292 saxea
805 1228 1042 1312 movebantur,
1087 1241 1120 1293 et
1161 1229 1389 1295 obstinatorum

278 1329 364 1393 oculi
389 1352 423 1394 se
447 1328 604 1412 lacrymis
632 1349 697 1391 non
726 1338 879 1412 poterant
902 1329 1082 1392 continere.
1138 1328 1298 1394 Mulieres
1328 1351 1391 1415 que·

278 1449 342 1513 que
373 1436 485 1491 tantae
517 1426 703 1490 devotionis
734 1426 868 1489 fuerunt
899 1427 1036 1489 minime
1067 1437 1230 1512 expertes.
1281 1429 1344 1492 Sed
1365 1431 1390 1490 ir

278 1525 442 1590 cubiculis
466 1525 545 1606 suis,
571 1546 637 1588 nou
661 1534 791 1588 tantum
815 1523 1001 1610 populares,
1027 1525 1085 1588 sed
1110 1527 1209 1589 etiam
1233 1538 1391 1590 matronae

278 1623 406 1688 nobiles
440 1633 472 1687 et
503 1625 649 1706 virgines
687 1621 858 1704 delicatae,
894 1623 1084 1686 cumomni
1116 1621 1291 1688 honestate
1324 1623 1391 1686 beer

279 1722 395 1786 eadem
419 1720 597 1785 faciebant.
652 1721 748 1784 Tunc
772 1721 839 1784 sere
862 1741 976 1784 omnes
1004 1719 1174 1786 discordes
1204 1723 1249 1786 ad
1276 1745 1392 1786 concor·

279 1820 368 1884 diam
393 1820 579 1902 redierunt,
605 1822 746 1884 usurarii
771 1831 803 1883 et
826 1830 974 1906 raptores
990 1819 1076 1884 male
1099 1819 1210 1886 ablata
1232 1825 1392 1886 restituere

278 1917 499 2000 festinabant3
534 1919 656 1982 caeteri
689 1918 829 1982 diversis
864 1916 1061 1982 criminibus
1095 1919 1236 1983 involuti
1268 1935 1400 2020 percat

279 2037 338 2081 sua
370 1967 540 2082 humililer
572 2017 781 2098 confitentes,
813 2039 847 2080 se
878 2039 899 2080 a
932 2017 1001 2080 suis
1025 2017 1230 2081 vanitatibus
1267 2020 1400 2100 corrige

278 2115 361 2179 bant
384 2126 444 2182 etc.
451 2115 499 2201 “¹)
546 2115 673 2180 Eadem
698 2116 868 2201 poenitent
869 2116 920 2178 iae
944 2113 1098 2199 publicae
1114 2113 1220 2178 forma
1246 2118 1345 2179 etiam
1369 2117 1394 2176 in

279 2211 494 2278 Germaniam
508 2214 704 2298 penetravit.
733 2211 843 2299 Atque
857 2214 950 2276 initio
966 2212 1102 2298 quidem
1117 2212 1205 2277 bona
1222 2215 1395 2277 intentione

279 2310 431 2376 homines
454 2311 621 2376 ferventes
651 2309 724 2374 illas
747 2312 973 2396 processiones
1002 2333 1042 2373 ac
1066 2307 1310 2394 flagellationes
1341 2321 1400 2373 sos-I

280 2421 457 2494 ceperunt,
489 2409 546 2475 sed
566 2408 741 2496 ,paulatim
773 2409 850 2472 faex
880 2407 995 2496 pepuli
1027 2431 1061 2472 se
1093 2407 1184 2472 hisee
1215 2411 1352 2473 miscuit
1373 2425 1399 2468 rt

279 2506 444 2572 absurdae
469 2509 642 2595 opiniones
671 2528 862 2593 erroresque
892 2508 996 2592 sparsi
1021 2505 1164 2573 fuerunt.
1218 2507 1399 2572 Contende·

278 2616 357 2668 runt
381 2604 538 2669 videlieet
554 2603 785 2690 Flagellantes,
810 2606 977 2669 neminem
994 2627 1014 2668 a
1030 2607 1175 2689 peccatis
1198 2604 1287 2668 solvi
1302 2627 1399 2690 posse.

280 2706 337 2790 qui
373 2725 487 2768 eorum
523 2713 631 2768 sectae
665 2725 730 2767 non
767 2713 852 2766 esset
887 2703 1084 2786 adscriptus,
1119 2715 1151 2766 ct
1180 2725 1215 2766 se
1246 2705 1399 2770 invicem.

280 2803 435 2887 quamvis
459 2801 536 2865 laici
561 2812 680 2884 essent,
712 2801 827 2865 audita
851 2801 1057 2864 confessione
1082 2823 1101 2864 a
1126 2802 1273 2886 peccatis
1303 2799 1399 2866 absol·

279 2899 413 2964 vebant.
461 2899 550 2964 Hine
573 2900 714 2963 Romani
730 2899 908 2963 Pontifices
932 2898 1114 2963 identidem
1139 2908 1253 2962 eontra
1280 2897 1399 2982 Flagris

280 2998 386 3062 lantes
411 3021 591 3084 eorumque
623 3019 748 3062 errores
772 2997 904 3061 decreta
929 2998 1119 3076 emiserunt,
1153 3009 1186 3059 et
1208 3019 1315 3081 quum
1341 3020 1399 3058 sae-

281 3095 354 3162 culo
372 3095 455 3186 XIV
480 3098 597 3159 iterum
615 3093 869 3179 Flagellantium
895 3093 1012 3159 turbae
1031 3097 1142 3158 varias
1165 3099 1322 3176 regiones
1340 3117 1399 3180 per*¹

281 3204 460 3274 currerent,
485 3217 572 3258 anno
591 3195 676 3258 1349
703 3193 856 3258 Clemens
872 3193 920 3256 VI
944 3191 1025 3256 illud
1050 3194 1275 3279 poenitentiae
1300 3193 1399 3278 publi

281 3316 339 3358 cae
362 3314 468 3378 genus
492 3292 668 3377 prohibuit
677 3292 701 3372 ²)

122 3405 257 3445 Ponefleum
374 3391 447 3455 114.
473 3391 578 3454 Varia
602 3389 737 3476 quidem
762 3391 929 3453 variorum
954 3388 1153 3452 Pontificum
1177 3389 1303 3452 saeculi
1320 3351 1399 3456 Xlll

150 3469 228 3508 Μ’·
281 3499 374 3574 gesta
399 3489 470 3573 jam
503 3488 854 3568 commemoravimus3
887 3507 971 3572 quae
1004 3485 1138 3570 majoris
1168 3489 1328 3550 momenti
1361 3459 1399 3573 dli

283 3587 388 3651 conda
413 3595 589 3672 supersunt
613 3585 709 3650 modo
735 3583 924 3648 referamus.
975 3584 1123 3670 Greporii
1137 3584 1186 3648 IX
1207 3605 1330 3648 nomen
1356 3605 1398 3646 <e

281 3685 371 3750 lebrc
404 3694 453 3749 est
475 3695 546 3748 tum
578 3683 619 3748 ob
651 3682 877 3746 fortitudinem
912 3705 977 3767 qua
1009 3681 1179 3746 Friderico
1208 3681 1241 3746 11
1272 3683 1398 3762 restitit,

281 3793 352 3846 tum
377 3782 418 3846 ob
436 3780 600 3846 Ordinurn
625 3805 649 3845 s.
666 3781 835 3845 DomIniei
860 3789 893 3844 et
915 3803 940 3846 s.
958 3780 1128 3844 Francisci
1153 3783 1398 3864 protectionem,

281 3890 352 3944 tum
377 3879 419 3944 ob
444 3881 561 3944 merita
585 3879 625 3944 de
651 3878 827 3964 disciplina
850 3879 942 3944 luris
966 3879 1131 3961 cenonicI,
1155 3877 1242 3942 sacta
1265 3878 1398 3941 autben·

358 4113 377 4178 ¹)
397 4109 494 4164 t'bron.
514 4111 543 4163 L.
564 4109 615 4163 ΙΙΙ.
636 4140 666 4148 -
687 4109 721 4162 V.
738 4107 860 4172 Bedese,
879 4107 1002 4162 Historia
1021 4107 1240 4176 Flagellantium,
1259 4107 1288 4163 C.
1306 4107 1358 4160 tx.

354 4191 377 4262 ¹²)
398 4192 452 4244 Csr.
471 4191 561 4244 Natol.
582 4191 658 4244 Alex.
678 4205 746 4244 saec.
766 4186 844 4243 XIII.
864 4205 885 4242 c.
905 4188 955 4242 III.
975 4203 999 4243 a.
1021 4187 1053 4242 V.
