2868 4844
299 441 353 498 230
497 443 611 497 XXXll.
634 445 671 498 De
690 444 867 498 Pontificibus
886 445 1027 502 Aveuioue
1045 449 1224 504 commoratis.

130 588 242 636 ΟΜΝ
256 593 289 631 ¹¹¹·
282 593 397 676 ·oipue
412 607 542 672 semper
556 587 629 667 fuit,
655 588 744 674 quod
759 599 889 652 tantum
905 591 977 654 auri
995 601 1028 653 et
1043 594 1171 674 argenti
1188 613 1230 655 ex
1238 591 1390 657 Germania

168 653 252 704 lm
299 689 438 754 Romam
463 686 702 772 deportaretur,
726 685 814 772 quod
841 686 919 750 inde
942 686 1136 752 ecclesiae
1126 711 1160 753 rn
1186 688 1349 754 Germania
1368 703 1391 750 er

300 788 371 871 ipsa
404 783 585 849 Germania
624 783 878 869 depauperetur,
916 787 996 850 item
1033 796 1169 871 propter
1206 788 1391 873 provisiones

299 885 553 968 exspectatione,
579 880 771 946 collationes
796 881 1033 948 beneficiorum
1053 907 1111 970 per
1124 884 1297 950 Pontifices
1311 884 1393 948 factus

299 981 352 1046 vel
386 991 580 1057 reservatas,
615 993 749 1065 propter
778 980 1005 1065 indulgentias
1028 991 1061 1046 et
1085 985 1244 1067 pecuniae
1273 982 1341 1046 iude
1360 981 1384 1044 lu

299 1079 450 1144 orandas.
481 1117 523 1125 —
557 1077 654 1141 Certe
678 1077 860 1142 Germania
893 1101 931 1142 eo
964 1082 1034 1165 ipso
1059 1101 1153 1160 aevo,
1188 1102 1252 1166 quo
1275 1081 1394 1144 maxime

299 1179 380 1242 haec
412 1175 556 1240 lamenta
587 1175 820 1249 audiebantur,
860 1177 943 1244 adeo
976 1199 1102 1262 pauper
1134 1200 1201 1243 non
1231 1179 1300 1259 fuit,
1331 1179 1394 1262 quir

298 1277 408 1360 potius
433 1296 513 1338 auro
539 1285 571 1337 et
594 1284 730 1357 argento
770 1274 973 1340 abundabat.
1022 1275 1136 1354 ,Quod
1159 1278 1186 1342 si
1214 1293 1323 1340 verum
1351 1291 1394 1340 est

299 1373 414 1438 scribit
451 1372 494 1437 ad
535 1370 779 1437 Cancellarium
819 1373 1051 1457 Moguntinum
1089 1375 1252 1438 Meierum
1289 1375 1395 1438 Aeneas

298 1471 450 1557 Sylvius,
490 1470 580 1556 quod
612 1469 723 1554 ajunt,
766 1470 812 1534 ibi
848 1491 927 1556 opes
962 1493 1051 1549 esse,
1092 1471 1149 1537 ubi
1185 1474 1395 1556 negotiatores:

298 1571 442 1650 fatearis,
467 1589 602 1632 necesse
618 1580 676 1646 est,
701 1567 971 1654 opulentissimos
985 1591 1057 1634 esee
1069 1567 1264 1652 Germanos,
1279 1589 1394 1656 quorun

298 1690 374 1753 pars
406 1669 552 1731 niaxima
585 1665 686 1729 lucris
719 1666 863 1747 inhians,
898 1671 1094 1732 mercaturis
1126 1671 1265 1749 intenta,
1296 1667 1396 1732 aliems

296 1764 394 1850 longe
417 1763 549 1849 lateque
572 1764 763 1849 provincias
788 1775 997 1850 pervagatur,
1024 1813 1083 1831 ...
1109 1790 1149 1830 ae
1178 1767 1308 1831 nonnisi
1324 1765 1396 1828 dives

297 1865 526 1944 revertitur.‘¹)
565 1899 608 1910 -
647 1861 775 1944 Quodsi
804 1863 1023 1928 nihilominus
1059 1863 1221 1928 ecclesiae
1259 1863 1395 1950 quaedam

297 1960 513 2050 particulares
537 1972 570 2024 et
592 1961 741 2046 episcopi
765 1979 927 2045 pauperes
950 1960 1099 2044 fuerunt,
1132 1961 1185 2026 vel
1215 1961 1396 2026 alienatore

296 2062 437 2146 gravati,
462 2079 542 2123 num
568 2059 642 2122 ideo
668 2071 801 2143 propter
824 2072 973 2137 armatas,
1007 2060 1286 2140 confirmationes,
1310 2057 1395 2144 pallia

298 2157 543 2244 depauperatae
586 2156 694 2219 sunt?
755 2157 981 2240 inspiciantur
1022 2157 1169 2222 Annales
1216 2157 1394 2241 singularum

296 2255 512 2320 ecelesiarum
536 2267 570 2317 et
595 2253 732 2319 historia
748 2263 945 2339 temporum,
970 2278 1011 2319 ex
1028 2255 1150 2340 quibus
1166 2256 1209 2320 ad
1223 2257 1396 2321 convincen-

297 2353 357 2418 dos
380 2353 587 2418 adversarios
610 2353 689 2416 satis
713 2353 924 2416 manifestum
950 2366 1008 2434 est,
1045 2354 1161 2439 quodsi
1199 2355 1349 2440 episcopi,
1376 2346 1412 2410 til

296 2451 456 2516 ecclesiae
488 2450 733 2536 depauperatae
768 2462 800 2514 ct
824 2450 946 2515 debitis
981 2463 1140 2535 gravatae
1164 2454 1301 2530 fuerint,
1330 2461 1397 2512 certe

297 2552 455 2615 continua
472 2548 567 2628 bella,
587 2549 645 2634 jus
661 2558 696 2612 ut
712 2560 834 2614 vocant
848 2552 1068 2624 manuarium,
1094 2552 1258 2626 civitates,
1283 2545 1395 2614 nobiles

297 2646 458 2728 subditos,
496 2646 638 2712 vasallos
665 2649 700 2710 in
732 2669 833 2712 causa
862 2647 975 2728 fuisse,
1009 2651 1067 2734 qui
1094 2671 1153 2734 pro
1178 2671 1268 2713 more
1291 2645 1411 2712 illoruu¹

297 2757 495 2831 temporum,
533 2744 691 2810 ecclesias
727 2757 760 2808 et
799 2744 924 2810 clerum
965 2745 1143 2827 vexabant,
1184 2767 1298 2811 eorum
1330 2712 1411 2804 bonel

297 2843 510 2928 diripiebant,
534 2864 633 2929 saepe
657 2845 757 2907 etiam
782 2843 1050 2928 prodigalitatem
1071 2844 1302 2929 praelatorum,
1325 2853 1356 2902 ut
1367 2837 1397 2898 de

297 2943 379 3006 luxu
410 2951 442 3004 et
472 2941 576 3024 fastu,
616 2962 715 3027 quem
749 2941 951 3006 Germaniae
982 2944 1148 3027 episcopis
1182 2963 1242 3006 auo
1274 2953 1397 3022 tempor

297 3039 460 3126 exprobat
486 3041 615 3104 Aeneas
640 3039 775 3124 Sylvius
801 3039 884 3105 nibil
908 3039 1029 3104 dicam.
1061 3075 1103 3088 -—
1137 3039 1191 3104 Ab
1223 3033 1410 3124 adversariis,

296 3139 493 3224 praeprimis
521 3138 713 3223 exemplum
746 3137 787 3202 de
819 3137 957 3202 ecclesia
989 3139 1185 3222 ldoguntina
1219 3134 1396 3223 proponitur.

296 3237 353 3302 sed
384 3247 513 3322 praeter
543 3259 591 3314 ea,
630 3257 714 3322 quae
741 3236 928 3302 Annalibus
956 3236 1102 3301 testibus·
1136 3235 1177 3299 de
1216 3234 1347 3298 eeclesia
1374 3237 1409 3296 tl

295 3334 556 3419 archiepiscopis
580 3334 785 3420 Mogontinis
809 3335 1006 3416 referuntur,
1031 3336 1181 3399 loannes
1204 3331 1394 3415 archiepisco

297 3455 359 3520 pus
382 3434 416 3496 in
434 3435 578 3496 comit-iis
591 3433 796 3516 Moguntinis
819 3433 862 3497 ab
880 3432 1083 3518 Imperatore
1096 3433 1241 3517 Ruperto
1257 3427 1409 3494 summani

295 3533 433 3618 triginta
458 3531 597 3596 millium
623 3531 856 3595 florenorum
841 3551 913 3618 jam
938 3555 958 3595 a
978 3530 1096 3596 Carolo
1113 3531 1162 3594 lv
1186 3529 1249 3595 sibi
1271 3525 1395 3592 debitam

296 3629 487 3716 postulavit
536 3630 701 3714 Rupertua
736 3629 934 3742 reponebat,
970 3632 1049 3716 quia
1079 3629 1163 3694 haec
1195 3647 1319 3694 summa
1347 3639 1408 3684 uun

293 3728 372 3794 ab
363 3749 434 3813 ipso
461 3727 588 3807 Carolo,
622 3749 684 3790 nec
708 3726 750 3791 ab
775 3727 847 3812 ejus
870 3727 938 3791 filio
964 3727 1162 3792 Wenceslao
1187 3727 1320 3812 repetita
1340 3719 1395 3783 fuit

296 3827 396 3890 etiam
421 3847 511 3889 nune
534 3825 598 3890 sibi
623 3825 857 3888 remittendam
882 3847 963 3890 esse.
1012 3823 1162 3890 Wenlrer
1174 3845 1286 3909 appar
1304 3843 1332 3906 p
1347 3809 1408 3879 29⁰

296 3923 374 3988 inde
398 3925 556 4009 sequitur,
583 3923 670 4008 quod
688 3923 873 4007 Imperator
884 3923 1099 4008 judicaverit
1126 3923 1324 4006 noveritque
1345 3931 1395 3978 nou

293 4023 379 4088 adeo
405 4043 583 4108 pauperem
617 4043 686 4086 esse
718 4020 891 4085 ecclesiam
917 4021 1164 4104 Moguntinam,
1201 4016 1326 4108 quando
1354 4009 1395 4072 ill²

371 4237 390 4288 ¹i
411 4235 450 4289 De
470 4235 526 4288 ritu
546 4244 575 4290 et
593 4235 649 4288 situ
669 4235 759 4290 Germ.
781 4235 797 4287 1.
817 4251 838 4287 e.

1393 4615 1405 4800 l
