2868 4844
363 443 401 498 De
421 442 604 498 exstinctione
622 442 783 500 schismatis.
1075 443 1129 498 297

20 587 228 672 episcoporum
265 609 433 652 numerus.
491 585 728 652 Oardinalibns
768 589 868 651 etiam
904 587 1128 671 significatum

21 687 77 764 init
106 705 219 748 eornm
251 686 447 768 suffragium
480 695 609 749 tantum
633 688 668 749 in
692 687 773 770 ipsis
798 687 900 749 variis
932 683 1126 748 nationibus

20 781 110 846 locum
132 791 165 846 et
189 781 339 846 valorem
356 782 498 864 habere3
523 805 693 869 quumque
717 783 931 868 postularent,
956 792 993 846 ut
1013 782 1127 846 saltem

19 881 185 965 Collegium
211 902 327 944 eorum
348 881 587 966 adjungeretur
601 881 793 946 nationibus
809 891 846 945 ut
862 903 981 967 corpus
1006 880 1129 945 morale

19 979 153 1064 speciale,
190 978 225 1042 id
258 980 339 1064 ipsis
373 979 573 1063 denegatum
596 980 672 1044 fuit.
711 1017 755 1028 -·
793 981 1037 1065 Dispositiones
1070 979 1130 1042 has

20 1079 194 1161 provenisse
219 1099 262 1140 ex
286 1076 417 1142 influxu
441 1077 572 1142 illorum
597 1080 761 1160 virorum,
792 1098 932 1163 qnorum
957 1078 1130 1163 opiniones

18 1187 44 1238 et
61 1175 246 1240 tendentIas
270 1197 371 1260 supra
395 1176 741 1256 commemoravimus,
765 1195 825 1261 per
847 1198 881 1240 se
905 1183 1006 1259 patet.
1046 1173 1129 1238 Con·

17 1276 206 1338 stitutionem
240 1293 354 1337 veram
388 1273 559 1338 Ecclesiae
596 1275 658 1360 ipsi
699 1295 765 1338 non
800 1275 880 1338 satia
913 1295 993 1358 prae
1026 1272 1130 1336 oculis

19 1370 182 1452 habebant,
207 1382 241 1434 et
263 1370 334 1435 zelo
354 1381 566 1457 praepostero
590 1371 754 1436 elementa
775 1371 1000 1435 democratiea
1020 1381 1128 1434 aucto-

17 1471 158 1555 ritatique
194 1467 380 1554 periculosa
418 1472 452 1533 in
483 1469 805 1534 administrationem
841 1471 1049 1552 negotiorum
1084 1471 1129 1532 in-

17 1566 233 1632 traducebant.

92 1665 121 1730 8.
171 1665 275 1728 Venit
297 1664 445 1730 Joannes
469 1663 591 1729 XXIII
621 1663 851 1730 Constantiam
885 1686 1000 1729 versus
1028 1664 1129 1727 finem
1158 1723 1278 1764 ,mm

18 1765 123 1826 nensis
158 1761 313 1828 Octobris
344 1787 374 1829 a.
410 1765 506 1843 1414,
546 1783 668 1846 magna
702 1785 778 1826 cum
810 1784 933 1848 pompa
957 1773 990 1825 et
1012 1762 1129 1847 majori
1167 1786 1274 1827 consuo.

17 1860 110 1924 cordis
151 1863 331 1927 anxietate.
393 1860 592 1926 Solemuiter
630 1860 803 1924 inchoavit
842 1859 1028 1924 Concilium
1077 1859 1138 1922 die·

14 1957 269 2040 5⁰Novembria,
287 1960 459 2044 primaque
483 1959 583 2022 sessio
609 1957 723 2022 habita
747 1967 796 2022 cst
820 1958 874 2022 die
900 1959 959 2023 16⁰
982 1957 1131 2044 ejusdem

17 2059 134 2120 mensis.
185 2055 276 2120 Huic
299 2059 425 2142 primae
449 2077 578 2120 necnon
604 2056 771 2120 secundae
796 2057 933 2120 sessioni
965 2055 1133 2142 praesedit

16 2153 163 2219 loannes.
211 2155 314 2218 Initio
338 2154 474 2241 quidem
499 2153 633 2239 plurimi
668 2164 878 2234 censuerunt,
913 2152 1039 2217 tuenda
1061 2175 1133 2217 esse

16 2256 234 2317 auctoritatem
262 2249 404 2318 Concilii
435 2253 559 2334 Pisani,
591 2251 822 2336 pontificatum
846 2251 987 2317 Joannis
1010 2250 1132 2316 XXIII

15 2361 41 2414 et
69 2352 310 2437 depositionem
336 2349 492 2436 Gregorii
526 2371 565 2414 ac
589 2349 782 2422 Benedicti;
822 2349 879 2413 sed
914 2348 1007 2412 brevi
1042 2347 1132 2435 apud

16 2449 120 2514 nultos
148 2471 188 2512 ea
211 2448 356 2512 invaluit
379 2451 553 2528 sententia,
586 2451 768 2512 oessIouem
800 2449 900 2511 trium
932 2448 1131 2511 contenden-

15 2550 84 2612 tium
115 2550 161 2612 de
191 2557 315 2634 papatu
349 2549 509 2632 optimam
542 2569 613 2612 esse
648 2548 783 2610 unionis
819 2548 918 2611 viam.
973 2545 1130 2626 Joannes,

14 2649 160 2728 quamvis
199 2646 295 2710 initio
335 2645 497 2732 ejusmodi
539 2646 757 2730 propositioni
796 2654 1013 2729 repugnaret,
1054 2665 1133 2708 mox

16 2755 113 2808 umen
150 2744 331 2829 acquievit,
363 2765 401 2808 eo
427 2743 480 2807 vel
505 2745 620 2827 magis,
653 2743 743 2828 quod
775 2741 878 2806 libelli
911 2753 1025 2807 contra
1056 2763 1132 2806 eum

15 2852 278 2927 propagarentur,
319 2840 441 2927 quibus
477 2840 655 2905 multorum
689 2841 868 2904 criminum
901 2839 1131 2905 accusabatur.

16 2937 146 3005 Concilii
180 2941 283 3024 igitur
314 2941 449 3004 nomine
479 2949 614 3023 rogatus
647 2961 686 3002 ac
716 2941 870 3018 monitus,
903 2948 939 3002 ut
962 2958 1020 3024 pro
1045 2938 1132 3002 bono

15 3041 94 3119 pacis
114 3037 314 3124 pontificatu
331 3037 473 3118 cederet,
499 3035 696 3102 cedentibus
713 3035 873 3121 Gregorio
891 3046 924 3100 et
940 3036 1131 3116 Benedicto,

14 3135 41 3198 iu
74 3139 222 3200 sessione
262 3136 424 3217 secunda,
464 3136 518 3201 die
549 3135 587 3198 2⁰
610 3135 724 3198 Martii
761 3158 791 3199 a.
819 3133 904 3198 1415
943 3133 1134 3198 solemniter

13 3235 184 3318 spopondit
207 3245 241 3298 et
259 3235 397 3320 juravit,
431 3255 466 3298 ae
499 3233 534 3297 id
557 3233 723 3297 facturum
748 3253 830 3296 ease.
877 3232 995 3316 Legati
1020 3243 1132 3296 autem

14 3329 156 3418 Gregorii
190 3332 258 3396 XII
299 3343 332 3394 et
369 3331 544 3395 Benedicti
575 3329 663 3394 XIII
703 3329 917 3395 Constantiae
953 3329 1134 3393 honorifice

13 3434 126 3516 recepti
152 3440 242 3511 sunt,
266 3439 300 3493 et
323 3431 369 3493 ita
388 3429 429 3495 de
445 3431 532 3494 facto
550 3425 691 3492 Concilii
710 3427 824 3490 Pisani
849 3429 1042 3508 sententiae,
1067 3447 1134 3513 qua

15 3537 43 3590 nt
58 3527 218 3592 haeretici
230 3537 263 3591 et
275 3527 477 3592 schismatici
496 3526 543 3590 illi
561 3526 701 3612 depositi
720 3535 823 3606 erant,
848 3526 944 3608 vigor
959 3524 1134 3610 ademptus

13 3637 61 3688 est
107 3628 229 3710 Legati
263 3625 416 3710 Gregorii
444 3625 530 3703 XII,
570 3645 711 3709 quornm
751 3632 853 3708 caput
884 3630 954 3685 erat
984 3621 1135 3687 loannes

14 3723 177 3790 Dominici
202 3722 393 3788 Cardinalis
417 3723 623 3806 Rugusanns,
661 3721 893 3806 promiserunt,
933 3742 968 3783 se
999 3741 1134 3804 operam

14 3821 139 3887 daturos
164 3844 246 3916 epse,
273 3831 309 3885 ut
332 3821 374 3885 ab
399 3842 438 3885 eo
462 3822 645 3884 cessionem
663 3822 888 3903 impetrarent.
918 3817 1037 3902 Legati
1054 3839 1133 3881 vero

14 3917 180 3986 benedieti
205 3919 291 3984 nihil
314 3919 406 3984 aliud
431 3917 631 3996 obtulerunt,
657 3918 721 3980 nisi
741 3915 831 4001 quod
848 3917 876 3979 is
891 3926 1025 4001 paratus
1049 3925 1135 3979 esset

15 4015 49 4079 de
77 4021 132 4082 ria
164 4019 299 4082 unionis
330 4017 479 4082 conferre
511 4037 587 4079 cum
620 4013 832 4099 Sigismnndo
867 4013 1070 4098 Imperatore
1103 4022 1136 4076 et

14 4113 36 4176 F
39 4116 219 4182 ordinando
245 4137 322 4200 rege
346 4115 562 4198 Arragoniae,
593 4133 771 4196 congressu
797 4111 913 4175 Niciae
937 4112 972 4174 in
996 4111 1136 4194 Liguria

15 4211 172 4279 habendo.
