2964 4838
242 471 347 526 Causae
367 477 565 538 praeparantes
583 469 760 525 detectionem
780 469 1005 532 protestantium,
1132 473 1187 526 473

65 639 127 702 que
150 633 262 680 sacrae
286 625 319 681 et
342 625 477 680 sauctae
502 615 659 697 virgines.
707 611 760 677 Ibi
791 634 923 699 quoque
947 618 1186 682 monasterium
1213 617 1345 719 ¹223?

67 725 113 778 est
128 713 169 778 ad
186 721 337 778 sanctum
350 712 595 795 Hieronymum
607 720 848 796 nuncupatum,
871 714 904 775 iu
921 731 985 798 quo
997 715 1187 778 meretrices
1327 708 1333 720 '

67 830 242 876 conversae
272 811 488 895 recipiuntur,
528 829 613 895 quac
638 808 692 872 die
722 831 762 872 ac
785 818 882 872 nocte
908 808 1049 894 hymnos
1071 810 1188 897 lingua

66 907 253 972 theutonica
282 908 479 972 decantant:
512 927 653 993 quarum
678 908 705 970 si
724 927 791 992 qua
814 906 922 970 redire
946 906 989 971 ad
1012 917 1186 993 peccatum

66 1006 269 1092 deprehensa
290 1006 401 1086 fuerit,
426 1008 461 1070 in
479 1005 674 1070 Danubium
698 1006 948 1090 praecipitatur.
994 1004 1060 1070 Sed
1083 1018 1189 1092 agunt

66 1103 109 1168 ibi
135 1103 291 1190 pudicam
316 1115 349 1168 et
371 1114 520 1170 sanctam
547 1105 668 1183 vitam3
693 1125 787 1166 rarus
811 1101 853 1165 de
877 1100 928 1166 bis
952 1124 1059 1168 sermo
1081 1104 1188 1169 malus

65 1201 207 1266 auditur.
233 1255 239 1268 .
259 1251 290 1268 ..
315 1201 494 1266 Studeutee
510 1199 777 1284 (Universitatis)
794 1201 856 1286 ipsi
873 1198 1033 1286 voluptati
1052 1223 1187 1287 operam

66 1299 224 1386 praebent
240 1301 310 1363 vini
336 1299 469 1386 cibique
494 1300 595 1366 avidi.
631 1298 733 1363 Pauci
759 1308 933 1384 emergunt
956 1298 1054 1380 docti,
1079 1321 1189 1386 neque

66 1397 125 1462 sub
150 1419 290 1462 censura
313 1405 477 1480 tenentur,
508 1398 562 1463 die
586 1407 753 1483 noctuque
777 1407 952 1482 vagantur,
984 1418 1189 1484 magnaeque

66 1497 196 1561 civibus
221 1494 387 1561 molestiae
411 1496 566 1561 inserunt.
615 1494 669 1559 Ad
694 1495 777 1558 haec
802 1492 976 1559 mulierum
1002 1499 1189 1581 procacitas

68 1603 193 1658 mentes
216 1613 328 1657 eorum
354 1594 488 1658 alienat.
515 1645 521 1658 .
549 1645 555 1658 .
582 1647 589 1660 .
616 1592 791 1658 Caeterum
817 1595 851 1657 in
868 1603 962 1657 tauta
985 1605 1018 1657 et
1041 1605 1108 1659 tam
1133 1614 1188 1658 no·

66 1690 122 1755 bili
148 1693 286 1755 civitate
318 1691 421 1756 multa
445 1694 594 1758 enormia
617 1701 713 1768 sunt3
747 1689 801 1755 die
825 1702 991 1778 noctuque
1024 1693 1118 1756 rixae
1146 1693 1188 1758 ad

69 1789 203 1854 modum
228 1788 342 1875 praelii
368 1799 546 1876 geruntur:
570 1811 659 1854 nune
676 1789 819 1853 artifices
834 1789 995 1854 adversus
1009 1789 1189 1872 studentes,

67 1909 155 1954 nuuc
180 1888 320 1952 curiales
344 1890 378 1952 iu
394 1888 549 1966 artifices,
575 1909 664 1952 nunc
688 1889 742 1951 isti
766 1888 901 1972 opifices
924 1887 1085 1954 adversus
1109 1888 1192 1953 alios

67 2007 157 2050 arma
174 1997 319 2050 sumunt.
350 1986 438 2050 Raro
463 1985 638 2050 celebritas
662 1986 788 2071 absque
813 1983 993 2050 homicidio
1010 1987 1189 2070 peragitur.

66 2085 270 2170 Frequentes
294 2084 413 2148 caedes
437 2085 698 2148 committuntur.
747 2082 814 2149 Ubi
839 2086 912 2147 rixa
936 2097 996 2161 est,
1025 2105 1090 2148 nou
1115 2095 1193 2149 sunt

67 2183 121 2268 qui
140 2182 297 2246 dividant
308 2181 557 2246 contendentes.
581 2183 697 2268 Neque
711 2183 933 2265 magistratus,
957 2204 1019 2247 nec
1035 2185 1191 2269 princepe

71 2280 255 2344 custodiam
281 2283 332 2360 (ut
355 2285 528 2363 parasset)
553 2279 595 2344 ad
620 2279 708 2343 mala
731 2279 902 2345 adhibent.
951 2280 1074 2345 Vinum
1101 2281 1190 2346 domi

68 2377 213 2444 vendere
237 2376 321 2441 nihil
345 2378 582 2441 existimationi
608 2377 720 2440 officit.
769 2376 895 2442 Omnes
920 2379 987 2442 fere
1020 2381 1111 2444 cives
1144 2382 1191 2444 vi·

67 2479 177 2540 uarias
201 2476 356 2539 tabernas
389 2474 510 2556 colunt,
546 2475 660 2540 stubas
690 2475 900 2557 calefaciunt,
934 2477 1110 2562 coquinam
1144 2479 1191 2542 in·

66 2585 213 2654 struunt,
245 2573 378 2638 bibulos
402 2585 434 2638 et
458 2575 648 2638 meretrices
672 2587 863 2642 accersunt.
897 2573 1015 2659 hisque
1044 2573 1110 2638 cibi
1135 2574 1192 2639 sli-

66 2673 146 2760 quid
173 2673 258 2736 cocti
281 2674 385 2756 gratis
402 2673 571 2758 praebent,
598 2684 634 2736 ut
650 2672 794 2757 amplius
808 2671 934 2752 bibant,
959 2672 1016 2737 sed
1029 2675 1190 2738 minorem

68 2790 256 2834 mensuram
292 2767 382 2834 dant.
436 2769 535 2834 Plebs
566 2772 674 2834 uentri
711 2768 833 2844 dedita,
873 2791 987 2850 vorax,
1028 2771 1192 2858 quidquid

67 2867 279 2932 bebdomada
310 2889 409 2932 manu
435 2869 610 2954 quaesivit,
641 2868 676 2932 id
700 2869 782 2932 festo
814 2868 868 2933 die
898 2877 1004 2933 totum
1028 2870 1191 2942 absumit:

67 2965 213 3046 lacerum
247 2977 280 3028 et
307 2967 563 3053 incompositum
598 2965 726 3049 vulgus,
781 2967 993 3030 Meretricum
1026 2969 1193 3032 maximus

70 3085 241 3140 numerum
267 3086 340 3128 raro
365 3061 484 3128 mulier
508 3073 557 3130 est
580 3085 646 3130 uuo
671 3074 828 3130 contenta
853 3066 936 3130 viro.
982 3063 1119 3130 Nobiles
1133 3063 1192 3130 ubi

68 3162 111 3226 ad
135 3164 228 3228 cives
252 3163 392 3226 veniunt
416 3183 536 3228 uxores
566 3183 679 3226 eorum
719 3161 763 3226 ad
794 3161 995 3248 colloquium
1029 3173 1193 3230 secretum

71 3259 218 3341 trabunt,
243 3261 306 3324 viri
331 3258 430 3325 allato
456 3261 534 3324 vino
559 3259 657 3324 domo
672 3259 1193 3346 abeuntceduntquenobilibua.

68 3355 303 3442 Plurimaeque
336 3356 465 3440 puellae
499 3357 649 3442 patribus
682 3358 796 3422 insciis
821 3359 910 3421 viros
938 3357 1001 3424 eibi
1026 3358 1193 3442 delegunt.

68 3454 202 3520 Viduas
226 3456 312 3518 iutra
336 3464 487 3540 tempora
503 3453 613 3518 luctus
629 3475 671 3518 ex
687 3454 825 3518 arbitrio
840 3477 900 3519 suo
916 3453 1056 3522 nubunt.
1089 3455 1194 3522 Pauci

69 3553 103 3616 iu
129 3554 266 3616 civitate
299 3563 385 3629 sunt,
417 3574 556 3637 quornm
582 3573 724 3636 proavos
747 3554 874 3616 vicinia
897 3555 1002 3635 novit,
1032 3575 1126 3619 rarae
1149 3555 1195 3620 la·

70 3650 182 3714 miliae
207 3660 368 3731 vetustae,
401 3649 553 3718 aduenae
577 3663 610 3713 et
633 3648 789 3735 inquilini
823 3671 946 3714 omnes,
995 3651 1195 3718 Mercatores

71 3746 194 3812 divites
232 3750 323 3812 senio
361 3748 503 3813 confecti
542 3748 669 3834 puellas
707 3750 741 3812 in
777 3749 1024 3813 matrimonium
1056 3750 1194 3832 ducunt,

70 3867 192 3930 easque
217 3845 311 3909 brevi
336 3845 509 3910 dimittunt
532 3846 670 3927 viduas3
705 3845 780 3910 illae
811 3847 898 3910 iuter
928 3846 1109 3912 familiares
1140 3849 1194 3913 do-

71 3947 236 4026 mesticos,
268 3967 342 4008 cum
377 3942 499 4030 quibus
523 3966 620 4028 saepe
652 3943 927 4010 consuetudinem
960 3945 1115 4010 adulterii
1140 3945 1195 4012 ha-

70 4041 225 4124 buerunt,
245 4043 388 4127 juvenes
406 4043 495 4106 viros
511 4043 699 4125 accipiuut3
725 4044 770 4106 ita
783 4043 838 4128 qui
855 4041 924 4106 beri
943 4065 1078 4129 pauper,
1096 4044 1195 4110 bodie

71 4139 168 4203 dives
190 4141 370 4206 invenitur.
418 4140 543 4204 Contra
567 4161 699 4225 quoque
723 4139 757 4204 hi
781 4142 1044 4224 superviventss,
1077 4164 1196 4208 uxores

70 4237 154 4301 alias
184 4239 365 4323 accipiunt,
399 4258 515 4323 resque
539 4257 598 4322 per
622 4237 782 4301 circulum
808 4237 950 4302 ducitur.
998 4235 1084 4299 Raro
1110 4234 1197 4299 tilius
