2868 4844
402 487 506 542 electio
525 457 628 541 oriani
648 487 695 541 vr.
1073 490 1125 543 251

1424 148 1425 184 l

1424 331 1425 378 l

1424 595 1425 622 l

18 629 158 692 conclave
173 632 369 716 inceperunt
384 629 425 694 de
438 632 569 714 negotio
582 630 753 695 electionis
766 631 908 716 colloqui
926 642 959 695 et
973 643 1125 714 tractore,

19 745 45 788 et
65 737 139 791 tune
162 725 352 792 Cardinslis
375 727 598 792 Pictaviensis
622 728 709 792 dixit
732 727 775 792 od
800 739 928 814 partem
953 727 1125 795 Cardineli
1424 761 1425 826 p

16 825 259 890 Mediolanensi:
283 826 323 890 In
348 825 478 906 effectu,
503 827 584 911 quid
609 825 721 890 dicitis
747 847 814 906 vos,
841 826 984 890 Domine
1001 827 1125 893 Medio·
1424 845 1425 918 l

16 925 169 988 lonensis?
223 923 410 988 Videtnrne
450 923 546 988 vobis
586 925 707 989 bonus·
725 926 818 1010 Papa
854 925 1125 1012 archiepiscopus

14 1020 175 1087 burensis?
198 1022 398 1086 Affirmante
421 1021 662 1087 Mediolanensi
686 1021 904 1086 adverterunt
930 1021 1125 1089 Cardineles
1424 1043 1425 1098 l

13 1121 60 1202 qni
78 1119 145 1204 jem
169 1122 325 1184 antesin
350 1119 531 1183 Berensem
565 1123 715 1184 animum
747 1119 970 1200 intenderant,
1004 1143 1038 1185 se
1069 1121 1125 1186 he·

14 1215 125 1282 bitnros
147 1241 219 1283 esse
243 1240 302 1304 pro
327 1219 397 1304 ipso
422 1217 642 1282 sufficientem
672 1240 848 1282 numerum
879 1220 1124 1304 suffragiorum,
1424 1225 1425 1248 ¹

11 1327 38 1376 st
53 1313 235 1380 Cardinslis
259 1316 301 1380 de
317 1314 479 1399 Agriiolio
505 1315 592 1380 dixit
614 1315 768 1401 reliquis:
793 1317 932 1381 Domini
949 1315 1124 1381 sedeamus

10 1432 121 1494 omues,
135 1417 313 1500 statimque
324 1435 382 1498 pro
394 1423 482 1476 certo
496 1413 606 1491 oredo,
620 1413 709 1498 quod
723 1417 756 1479 in
769 1416 951 1479 continenti
964 1415 1125 1499 eligemus

9 1523 36 1572 et
58 1509 251 1576 babebimus
266 1513 404 1597 Pepem.
443 1511 486 1574 Et
509 1520 589 1575 tunc
614 1511 803 1576 Oerdinnlis
827 1512 868 1576 de
894 1514 1024 1578 Ursinis
1047 1535 1123 1578 cum
1424 1497 1425 1558 l

9 1609 218 1692 perpenderet
248 1631 305 1672 seu
340 1611 558 1694 praesentiret
582 1610 794 1674 concordiem
819 1611 1064 1696 praedictorum
1090 1614 1124 1676 in

9 1703 124 1770 dietum
155 1717 225 1772 tum
258 1708 439 1772 Berensem
472 1708 777 1792 archiepiscopum,
811 1710 924 1772 volens
954 1713 1123 1793 negotium

10 1803 107 1868 dictae
131 1805 302 1870 electionis
327 1805 479 1868 dividere
507 1804 560 1868 vel
576 1805 719 1884 differre,
746 1804 808 1885 vel,
835 1818 871 1869 ut
886 1807 1042 1884 creditur,
1066 1810 1123 1872 im-

9 1901 122 1984 pedire,
139 1902 227 1967 dixit
238 1903 322 1967 hoec
338 1903 441 1967 verbe
455 1905 490 1967 in
504 1904 641 1967 effectu:
657 1903 820 1969 Odomini
832 1906 906 1982 mei,
920 1904 1123 1984 differemus,

9 1999 29 2060 si
50 1999 165 2084 placet,
191 2004 287 2066 istem
313 2002 518 2082 electionem,
545 2011 581 2064 nt
602 2003 767 2087 possimus
791 2001 947 2066 deludere
972 2001 1044 2067 illos
1067 2003 1124 2068 oli·

9 2119 78 2180 qnos
110 2099 291 2178 Romanos,
332 2100 389 2184 qui
431 2097 556 2162 vellent
586 2098 709 2164 hebere
738 2112 771 2162 et
801 2101 969 2185 petierunt
998 2101 1124 2186 Papam

9 2193 203 2276 Romanum,
244 2205 277 2259 et
311 2217 469 2260 vocemus
500 2196 543 2260 sd
575 2219 635 2260 nos
667 2219 770 2260 unum
801 2199 934 2262 fratrem
961 2199 1123 2262 Minorem

9 2291 200 2374 ltomenom,
241 2297 451 2379 imponemus
482 2297 512 2358 ei
545 2316 686 2380 coppam
718 2306 751 2358 et
781 2297 927 2372 mitram,
963 2297 1124 2380 lingentes

9 2413 71 2454 enm
96 2393 234 2477 elegisse
258 2395 292 2456 in
316 2393 454 2478 Papam,
486 2404 519 2456 et
550 2396 598 2457 sic
629 2393 821 2457 recedemus
845 2393 886 2456 de
910 2394 981 2458 loeo
1006 2397 1067 2458 isto
1092 2405 1125 2458 et

9 2489 208 2572 postmodum
233 2490 336 2554 elium
360 2489 550 2574 eligemus.“

87 2589 139 2652 13.
172 2587 271 2653 Hanc
285 2590 543 2674 propositionem
563 2588 751 2652 Cerdinalis
767 2589 889 2669 Ursini,
915 2591 972 2674 qui
997 2590 1120 2655 dicitur
1130 2587 1293 2691 ,¹2:33³ss

9 2683 65 2766 ipse
88 2685 247 2750 ambiisse
271 2688 400 2766 tiaram,
434 2709 509 2751 cum
539 2687 767 2770 indignatione
791 2687 907 2772 rejecit
931 2687 1119 2753 Cordinalis
1364 2717 1370 2726 ·

9 2777 257 2864 lemovicensis,
283 2783 470 2864 advertens,
496 2807 531 2847 se
556 2785 654 2849 modo
680 2807 744 2848 non
770 2794 924 2849 curantes
948 2788 1124 2870 petitiones

9 2880 108 2964 populi
135 2901 252 2944 verum
277 2883 407 2966 Pepem
439 2881 601 2946 electuros
632 2904 712 2946 esse.
761 2882 873 2962 Quum
898 2884 1125 2950 consedissent

9 2981 169 3063 proposuit
212 2978 401 3043 Cardinelis
441 2980 654 3044 Florentinos
700 2981 895 3045 electionem
937 2981 1124 3047 Cardinelis

9 3097 26 3137 r.
47 3077 153 3158 Petri,
192 3077 250 3140 sed
281 3076 459 3141 noluerunt
490 3099 564 3141 enm
598 3078 654 3142 elii
687 3078 815 3164 elegere
846 3101 883 3144 eo
917 3079 1004 3165 quod
1039 3092 1125 3145 esset

9 3171 167 3238 Romanus
192 3186 224 3238 et
247 3197 347 3239 senex
373 3176 534 3241 infirmus.
579 3177 644 3258 ,Et
667 3178 702 3240 in
719 3179 902 3241 continenti
927 3177 1015 3242 dicto
1048 3201 1123 3242 con-

9 3270 81 3334 clavi
97 3271 211 3336 adbuc
225 3272 337 3337 clauso
355 3284 388 3337 ot
404 3274 533 3338 firmato
552 3274 712 3360 undique,
737 3286 770 3338 et
784 3275 939 3340 omnibus
956 3279 1011 3361 qui
1031 3287 1125 3340 erent

9 3365 33 3431 in
55 3369 145 3433 dicto
169 3369 293 3455 palatio
318 3382 351 3435 et
374 3373 464 3435 eirca
489 3374 598 3456 ipsum
632 3371 793 3457 palatium
819 3372 987 3438 silentium
1012 3387 1123 3438 tenen-

9 3467 92 3549 tibus,
129 3517 138 3531 .
164 3517 171 3532 .
198 3518 205 3532 .
240 3467 429 3533 Cardinelis
452 3469 705 3534 Lemovicensis
730 3470 944 3535 audientibus
968 3473 1123 3536 omnibus

9 3563 69 3629 sliis
84 3579 167 3629 tune
184 3565 429 3644 Cardinolibus,
455 3567 555 3652 elegit
570 3569 755 3652 praefatum
773 3569 956 3632 Dominum
974 3580 1122 3634 nostrum

9 3663 299 3748 lsrobiepiscopum
316 3663 512 3744 Berensem)
538 3668 571 3728 in
585 3666 711 3750 Papam
726 3666 912 3730 Romanum
928 3667 1122 3731 Pontificem

9 3757 139 3826 dicendo
163 3760 246 3824 boec
271 3762 398 3826 verbet·
417 3761 488 3846 Ego
516 3785 595 3847 pure
621 3775 653 3827 et
675 3763 779 3827 libere
803 3764 888 3848 eligo
913 3775 946 3828 et
969 3787 1063 3828 sumo
1089 3768 1121 3830 in

9 3857 119 3943 Papam
140 3860 311 3923 dominum
324 3859 617 3926 Bartholomaeum
631 3862 918 3947 archiepiscopum
931 3862 1122 3942 Berensem,

9 3968 31 4018 et
51 3960 163 4021 animo
189 3967 222 4020 et
244 3957 417 4022 voluntate
442 3959 530 4044 quod
556 3961 599 4023 sit
622 3981 721 4024 verus
745 3959 853 4044 Papa,
884 3971 915 4023 et
939 3959 1026 4024 illico
1051 3962 1122 4024 sine

9 4056 153 4140 temporis
178 4055 351 4120 intervallo
376 4057 516 4140 praefati
541 4057 596 4122 elii
619 4069 699 4122 tono
715 4055 909 4122 Cardineles
933 4061 967 4122 in
984 4080 1121 4122 numero

9 4153 186 4234 sufficienti,
218 4175 257 4217 ac
290 4153 451 4218 facientes
476 4157 634 4242 mojorem
660 4168 786 4242 partem
812 4156 952 4220 duarum
977 4159 1121 4242 partium

9 4249 140 4332 ipsorum
167 4253 315 4315 omnium
338 4262 421 4315 tunc
435 4251 674 4336 cardinalium,
700 4276 781 4338 pure
799 4266 831 4318 et
846 4253 949 4318 libere
966 4255 1120 4319 eumdem

1424 4485 1425 4511 l
