2850 4834
280 399 332 453 114
493 396 594 452 XXXI.
614 395 654 450 De
673 393 819 450 abolitione
838 393 947 450 Ordinis
965 395 1185 464 Templariorum.

280 569 300 607 a
325 553 388 607 toto
416 538 556 607 Concilio
580 538 759 616 electorum,
794 537 870 625 plns
895 563 988 624 quam
1020 551 1156 626 quatuor
1188 543 1234 607 vel
1262 547 1369 631 mirique
1397 566 1398 624 i

272 641 423 729 partibus
454 637 644 714 coriandem,
677 637 777 700 vuum
809 647 855 700 est
886 637 1045 702 decentius
1070 649 1100 702 et
1123 641 1326 726 expedientius
1349 655 1371 706 et

278 740 390 804 utilius
409 761 470 824 pro
494 737 558 799 Dei
581 736 695 798 bonore
719 745 749 796 et
766 757 830 821 pro
855 737 1089 800 conservatione
1103 737 1188 820 fidei
1209 741 1371 804 arntiam

279 861 316 901 uc
331 836 471 900 subsidio
491 835 607 897 Terrae
631 843 769 909 soractae,
793 831 958 918 multisque
982 834 1059 898 aliis
1074 837 1251 914 rationibus
1268 837 1371 904 ualidis
1398 872 1399 902 l

278 935 465 1020 sequ-endam
480 933 558 1018 fore
580 933 687 1017 potius
710 932 794 994 viam
810 932 1024 996 ordinationis
1047 945 1077 997 et
1097 937 1287 1019 provisionis
1301 935 1374 998 Sedis

279 1032 491 1118 Apostolicae,
512 1031 663 1092 Ordinem
685 1050 780 1114 saepe
795 1028 907 1114 fatum
932 1029 1070 1094 tollendo
1095 1042 1125 1094 et
1148 1031 1230 1096 bona
1253 1034 1374 1098 adissem

279 1132 322 1194 ad
346 1153 433 1216 qvem
456 1131 610 1215 deputata
643 1126 779 1212 fucrant
817 1127 1031 1213 applicando,
1069 1129 1107 1192 de
1124 1133 1271 1214 personis
1300 1131 1400 1200 etian,

279 1229 379 1314 ipsias
421 1228 553 1292 Ordinis
593 1248 671 1310 qnae
715 1227 822 1289 visunt
860 1225 1030 1290 salubriter
1055 1227 1270 1312 providendo,
1303 1251 1375 1314 aaran

279 1327 475 1413 defensionis
512 1325 600 1413 juris
646 1322 878 1387 observationes
921 1334 950 1388 et
988 1326 1106 1410 rsepotii
1145 1327 1375 1411 prosopotiones.

278 1425 562 1488 animadvertentes
576 1443 704 1507 quoque,
728 1420 812 1505 qnod
824 1423 909 1487 alios
932 1422 1028 1486 etium
1051 1425 1118 1486 sine
1134 1421 1230 1508 culpo
1244 1423 1375 1509 fratrum.

279 1521 421 1586 Ecclesia
446 1525 592 1586 Romanu
624 1518 702 1600 fecit
725 1519 884 1583 interdum
914 1521 996 1585 alios
1024 1521 1161 1585 Ordines
1188 1520 1329 1584 solemnes
1348 1543 1401 1579 en

278 1623 382 1684 cnissis
415 1617 709 1706 iriconvpornbiliter
744 1619 933 1700 nsirsoribus,
972 1643 1064 1704 quam
1099 1621 1164 1682 sint
1190 1620 1378 1705 praemissas.

277 1741 417 1782 cessare:
455 1741 518 1781 reon
550 1718 617 1780 sine
649 1715 754 1779 cordis
788 1716 1004 1780 amaritudine
1037 1725 1066 1779 et
1099 1715 1218 1794 dolore,
1257 1739 1314 1780 non
1331 1739 1379 1801 per

278 1817 402 1880 sinodum
425 1816 605 1900 definitivas
629 1815 811 1890 sententiae,
836 1814 891 1878 sed
908 1813 1108 1901 permodum
1128 1817 1319 1899 provisionis
1339 1836 1377 1875 ser

277 1915 494 1978 ordinationis
505 1911 720 1999 Apostolicue,
742 1910 928 1997 praefatum
957 1911 1080 1997 Templi
1107 1913 1256 1976 Ordinem
1279 1925 1306 1974 st
1327 1915 1379 1998 sjns

277 2023 403 2088 stolium,
427 2011 565 2076 babitans
585 2019 678 2094 atque
700 2031 821 2088 nomen,
846 2009 1070 2096 irrefrapubili
1094 2021 1122 2074 et
1143 2021 1296 2095 perpetuu
1317 2008 1380 2072 ruli·

277 2121 349 2174 turo
374 2109 512 2173 tollimus
536 2109 708 2184 sursctione,
734 2131 771 2170 uc
786 2119 963 2192 perpetuae
975 2107 1188 2193 prohibitioni
1210 2109 1380 2198 subjicimus,
1402 2094 1403 2100 ἵ

277 2232 366 2271 sacro
381 2204 521 2272 Concilio
532 2205 740 2292 approbante,
757 2205 936 2269 districtius
952 2205 1134 2284 inhibentes,
1147 2231 1186 2270 ne
1199 2209 1268 2292 quis
1283 2207 1380 2268 dietum

281 2305 430 2369 Ordinem
461 2305 500 2368 de
533 2314 654 2367 caetero
685 2305 817 2382 intrare,
841 2303 890 2366 vel
913 2308 980 2394 ejus
1002 2303 1143 2367 babilam
1165 2307 1318 2390 suscipere
1347 2301 1382 2363 nl

273 2413 416 2490 portare,
447 2413 503 2466 aut
530 2425 593 2488 pro
620 2400 800 2487 Templurio
823 2424 928 2488 perere
962 2425 993 2466 se
1014 2413 1209 2488 praesumat.
1237 2455 1243 2468 .
1269 2452 1276 2466 .
1301 2451 1307 2467 .
1329 2401 1382 2464 Do·

280 2511 345 2564 tvm
375 2500 523 2578 Viennae,
548 2499 599 2563 XI
621 2498 694 2563 Kal.
719 2498 825 2584 April.
851 2500 940 2564 Pont.
966 2511 1063 2565 nostr.
1095 2500 1163 2563 VII.

106 2621 252 2663 'martenio
374 2599 427 2665 29.
451 2597 525 2662 Hae
540 2595 637 2662 Bulla
659 2598 761 2681 igitur
784 2595 937 2662 Clemens
960 2600 995 2661 in
1012 2596 1214 2662 Consistorio
1239 2597 1383 2682 imprimis

142 2687 229 2726 ³¹¹⁰*
276 2707 399 2760 secreto
425 2694 652 2760 Cardinalium
677 2693 882 2780 aliorumque
906 2695 1137 2781 praelatorum,
1163 2695 1217 2759 die
1242 2691 1382 2759 imitar-

277 2795 313 2857 tii
338 2793 467 2875 habito,
501 2793 662 2859 Ordinem
686 2792 815 2878 Templi
842 2817 904 2879 per
926 2795 1011 2857 viem
1037 2795 1234 2880 provisionis
1264 2790 1383 2856 oboluit.

276 2892 438 2958 Eandem
463 2891 741 2957 Constitutionem
772 2892 847 2956 dein
874 2892 927 2956 die
951 2893 998 2957 3¹⁰
1026 2891 1153 2978 Aprilis
1184 2892 1218 2955 in
1243 2893 1292 2955 2⁰·
1315 2889 1381 2952 Con·

233 2996 237 3006 ’
276 2990 343 3055 oilii
368 2993 523 3075 sessione,
557 2990 786 3075 praesentibus
809 2991 908 3053 etiam
934 2989 1089 3076 Philippo
1121 2989 1258 3076 ejusque
1290 2986 1381 3052 tribas

275 3088 362 3170 tiliis,
395 3087 585 3152 solemniter
609 3086 803 3172 publicavit.
850 3088 903 3151 Ex
928 3088 1044 3152 eadem
1069 3087 1149 3152 ordo
1180 3087 1312 3172 negotii,
1344 3085 1381 3145 nti

275 3187 428 3250 Viennae
452 3196 622 3272 peractum
648 3195 705 3266 est,
731 3184 818 3250 clare
842 3184 958 3251 elucet.
995 3185 1082 3266 Quia
1101 3185 1182 3249 haec
1200 3183 1383 3248 Constitutio

275 3284 455 3370 praecipua
486 3283 623 3347 eruditis
654 3281 744 3346 haud
780 3296 851 3347 erat
885 3295 979 3364 nota,
1019 3282 1157 3348 multum
1193 3281 1383 3347 indulserunt

276 3383 474 3468 conjecturis
498 3392 530 3446 et
553 3380 837 3466 suppositionibus
862 3381 961 3462 falsis,
994 3383 1233 3462 existimantes,
1266 3379 1381 3446 nonnisi

274 3481 456 3566 aegerrime
496 3477 638 3544 Consilii
677 3480 791 3544 Patres
830 3479 992 3544 adductos
1030 3480 1141 3562 fuisse,
1189 3491 1226 3544 ut
1262 3477 1383 3546 Ordinis

274 3577 446 3642 abolitioni
483 3580 724 3658 consentirent,
768 3599 807 3642 ao
842 3588 1016 3664 propterea
1050 3587 1179 3642 tantum
1216 3579 1250 3642 in
1282 3576 1383 3640 ultima

275 3676 420 3742 sessione
449 3675 602 3754 Consilii,
643 3676 697 3740 dis
732 3675 769 3739 6⁰
793 3675 884 3760 Maji,
922 3674 1138 3740 abolitionem
1174 3674 1240 3740 dici
1274 3673 1382 3738 factam

275 3774 472 3861 approbante
500 3771 651 3839 Concilio.
698 3772 783 3837 Tota
807 3771 889 3836 haec
920 3773 1112 3858 conjectura
1138 3773 1209 3859 ‚iam
1239 3769 1381 3838 concidit

274 3873 313 3937 ln
336 3871 434 3937 Bulla
457 3874 530 3958 ipsa
553 3871 694 3936 fideliter
717 3871 866 3950 refertur,
899 3869 1058 3956 plurimos
1089 3871 1302 3949 existimasse,
1332 3865 1379 3932 Or·

275 3971 389 4036 dinem
413 3967 538 4035 aboleri
564 3991 630 4034 non
655 3989 749 4054 posse
773 3991 832 4054 per
854 3967 1063 4034 definitivam
1087 3971 1283 4034 sententiam
1309 3965 1378 4052 jari·

275 4069 395 4142 dicam,
431 4077 609 4154 antequam
645 4088 802 4132 concessa
832 4066 1024 4132 defensione
1056 4069 1224 4154 negotium
1259 4063 1381 4131 alterius

275 4166 460 4230 discussum
485 4166 602 4247 fuerit3
627 4165 724 4232 simul
740 4187 817 4230 vero
842 4175 942 4252 petet,
967 4187 1165 4232 consensum
1182 4163 1330 4242 adfuisse,
1352 4173 1380 4221 at
