2828 4842
109 554 210 596 Orienti·
226 555 258 594 Im

140 619 235 669 perium.

144 3023 240 3066 Atesim

111 3087 197 3128 auxilia
205 3089 272 3138 petit.

278 411 331 464 302
546 411 647 468 XXVI.
666 412 706 466 Ite
724 411 890 466 Pontificatu
909 411 1062 466 Innocentii
1080 411 1133 468 III.

261 553 410 620 'barunt
457 555 580 639 Magna
611 577 686 619 eum
710 556 850 620 saevitia
874 565 907 620 et
930 555 1124 620 crudelitate
1157 578 1217 641 per
1240 555 1321 620 duos
1342 579 1388 620 an·

278 673 339 716 nos
369 673 508 736 regnum
538 654 646 716 tenuit
675 653 902 734 Andronicus,
943 653 1059 717 foedus
1093 655 1210 734 etism,
1249 657 1389 738 quamvis

277 757 385 813 aetate
408 750 480 836 jam
508 761 695 834 provectus,
729 751 771 814 ob
796 752 974 815 effraenem
997 751 1183 816 libidinem.
1231 751 1294 815 Sed
1319 751 1388 816 dun

278 849 393 912 Isaaco
417 847 547 933 Angelo
571 849 699 933 proceri
726 846 859 912 CPtano
885 871 999 914 necem
1024 849 1204 930 moliretur,
1229 871 1249 912 a
1272 849 1390 912 furente

278 945 375 1031 plebe
399 957 515 1031 captus
538 968 578 1010 ac
601 945 756 1010 ludibriis
780 946 892 1010 multis
909 949 1047 1012 affectus
1071 949 1298 1026 ettormentis,
1324 969 1388 1010 curn

277 1045 500 1130 poenitentiae
524 1045 627 1129 signis
651 1045 749 1130 periit
771 1067 801 1108 a.
829 1045 923 1111 1185.

368 1143 421 1206 91.
467 1143 652 1226 Imperator
674 1152 755 1206 tunc
778 1141 939 1206 salutatus
962 1152 1011 1206 est
1034 1143 1127 1206 Isaac
1151 1141 1300 1226 Aapclue,
1333 1145 1390 1228 qui.

278 1240 367 1326 quod
382 1240 563 1304 virtutibus
587 1242 680 1318 vitia,
705 1241 847 1324 egregiis
870 1240 967 1304 factis
990 1239 1148 1304 indecora
1172 1241 1334 1320 misceret,
1356 1239 1390 1302 ab

278 1337 352 1403 aliis
376 1337 591 1423 scriptoribus
615 1348 651 1401 nt
674 1340 829 1423 princeps
853 1339 1003 1422 insignis,
1041 1337 1084 1400 ab
1114 1337 1189 1402 aliis
1229 1347 1265 1402 ut
1303 1337 1390 1400 horno

277 1439 421 1521 ignavus
450 1446 483 1500 et
510 1437 605 1502 luxui
638 1437 769 1501 deditus
803 1436 988 1502 exhibetur.
1039 1436 1183 1520 Imperio
1217 1445 1330 1500 autem
1367 1452 1391 1498 et

278 1535 382 1600 oculis
406 1534 683 1619 Isaac'Angelus,
722 1545 819 1598 natus
843 1557 948 1598 annos
976 1533 1208 1620 quadraginta,
1248 1555 1268 1596 a
1302 1535 1397 1624 fratre

278 1655 337 1698 suo
352 1633 468 1698 Alexio
492 1630 621 1717 Angelo
646 1633 796 1716 privatus
820 1642 870 1695 est
892 1654 979 1696 anno
1006 1631 1101 1711 1195,
1127 1633 1209 1694 etin
1235 1653 1390 1694 carcerem

279 1732 457 1816 conjectus.
505 1730 645 1795 Alexius
668 1751 746 1792 vero
771 1739 851 1793 tuno
875 1729 1056 1814 imperium
1081 1729 1234 1808 obtinuit,
1265 1732 1323 1815 qui
1347 1728 1392 1791 ab·

274 1830 364 1916 jecto
380 1828 500 1913 Angeli
525 1830 659 1892 nomine
683 1827 857 1912 gentilitio,
883 1829 1048 1892 Comneni
1072 1830 1190 1891 iterum
1217 1847 1392 1910 cognomen

279 1929 466 2012 assumpsit.
513 1926 575 1990 Vir
597 1927 660 1991 fuit
683 1927 717 1989 in
743 1925 929 2010 voluptates
953 1927 1085 2006 effusus,
1118 1925 1175 1989 sed
1199 1927 1234 1989 in
1258 1925 1392 2010 Imperio

279 2025 495 2111 gubernando
524 2027 554 2088 ei
578 2023 686 2088 adfuit
710 2022 931 2109 Euphrosyne
955 2045 1048 2105 uxor,
1080 2023 1204 2087 femina
1232 2023 1393 2108 impudica

279 2133 312 2187 et
335 2123 486 2208 superba,
512 2131 545 2186 at
569 2121 656 2186 virili
681 2123 792 2186 animo
817 2131 850 2185 ct
866 2121 975 2185 adres
991 2120 1269 2207 gerendassupre
1287 2127 1397 2185 sexum*

280 2223 394 2306 capaci
418 2220 578 2306 praedita.
626 2219 748 2285 Filium
786 2219 896 2283 fratris
928 2222 977 2283 sui
1002 2219 1120 2303 Issaei,
1159 2220 1329 2301 Alesiam,
1366 2221 1393 2280 in

279 2317 415 2382 vincula
430 2318 616 2404 conjeceret
631 2328 784 2402 patruus,
802 2315 860 2380 sed
877 2338 918 2380 ex
936 2317 1053 2380 iisdem
1068 2316 1198 2402 elapsus
1210 2316 1393 2382 adolescens

279 2417 429 2502 confugit
451 2419 485 2480 in
505 2415 732 2496 Occidentem,
758 2425 790 2479 et
814 2413 940 2478 auxilia
964 2417 1059 2500 petiit
1082 2425 1152 2479 tum
1177 2415 1266 2501 apud
1280 2413 1393 2498 Philip-

279 2536 358 2598 pum
388 2514 531 2579 Sueviae
563 2515 692 2596 ducem,
725 2516 781 2601 qui
815 2515 886 2600 ejus
920 2535 1064 2578 sororem
1098 2517 1228 2578 Ircnom
1262 2513 1397 2578 duxerat

280 2634 428 2694 uxorem,
459 2625 529 2677 tum
562 2613 652 2699 apud
676 2615 824 2677 Venetos
855 2635 894 2676 ec
934 2613 1143 2677 Bonifacium
1176 2612 1393 2676 marchionem

279 2709 515 2775 Montisferrati
540 2723 572 2776 et
591 2733 752 2797 proceres,
778 2713 835 2798 qui
859 2711 1105 2796 expeditionem
1131 2714 1313 2776 cruciatam
1337 2733 1394 2773 sus·

280 2818 446 2893 ceperant.
478 2847 521 2856 -
556 2811 658 2874 Hisce
682 2812 784 2894 igitur
815 2810 978 2874 derebus
1003 2809 1149 2875 Orientis
1173 2809 1266 2872 brevi
1294 2831 1393 2873 narra·

280 2906 369 2970 tione
394 2909 562 2992 expositis,
587 2908 631 2972 ad
654 2911 857 2994 propositum
881 2918 1097 2972 revertamur.

372 3015 424 3080 92.
458 3015 568 3097 Quum
589 3017 661 3104 jam
686 3026 783 3080 antea
808 3015 947 3080 Alexius
970 3037 1046 3080 cum
1070 3017 1171 3080 variis
1195 3016 1397 3102 principibus

283 3113 324 3177 de
347 3113 471 3178 auxilio
496 3117 559 3200 ipsi
584 3114 781 3200 praestando
806 3116 935 3198 egisset,
959 3136 999 3178 ac
1015 3136 1107 3200 spem
1131 3115 1231 3178 ctiam
1256 3116 1286 3178 ei
1312 3115 1397 3177 fecis·¹

281 3221 355 3275 sent
369 3213 492 3276 Veneti
518 3222 551 3276 ct
573 3214 792 3296 crucesignati
818 3212 858 3276 de
875 3213 1035 3298 suppetiis
1059 3211 1213 3294 ferendis,
1238 3211 1281 3276 nd
1297 3225 1397 3275 castrt

280 3310 374 3372 venit
390 3313 703 3396 crucesignatorum,
718 3308 797 3372 dum
813 3311 903 3396 apud
918 3309 1077 3376 Jaderam
1094 3332 1202 3373 moras
1214 3310 1390 3375 trahebant

280 3415 379 3492 atque
403 3405 527 3472 ibidem
553 3409 684 3472 enixius
707 3409 836 3491 institit,
869 3419 905 3472 ut
929 3430 1043 3472 eorum
1075 3430 1136 3493 ope
1160 3409 1194 3471 in
1218 3409 1391 3494 Imperium

280 3506 516 3570 restitueretur.
564 3506 640 3586 Qua
671 3507 712 3571 de
743 3529 778 3570 re
811 3505 1004 3572 Guntherus
1035 3506 1235 3587 monachus,
1271 3511 1326 3594 qui
1360 3529 1391 3568 es

281 3613 387 3667 aetate
400 3603 570 3669 historiam
588 3607 757 3669 CPtanam
782 3603 965 3690 scripsit:¹)
989 3606 1202 3683 Faciamus,
1227 3629 1319 3690 passm
1343 3603 1391 3666 ad-

355 3799 377 3870 ¹)
398 3798 571 3865 „Guntherus
590 3799 735 3853 monachus
749 3799 779 3854 Ο.
791 3798 866 3852 Clnn.
886 3799 915 3853 in
928 3798 1054 3853 coenobio
1068 3797 1222 3862 Parisiensi‚
1242 3815 1294 3852 non
1308 3797 1391 3866 regiae

255 3885 259 3894 ’
282 3879 433 3936 Galliamm
460 3879 542 3946 urbis,
573 3879 620 3934 sed
648 3879 735 3933 altero
763 3879 891 3934 dioecesis
919 3878 1093 3943 Bssileensis‚
1125 3879 1234 3947 scripsit
1262 3879 1390 3933 historiari

282 3961 421 4015 OPtanam
439 3960 473 4014 de
491 3959 525 4013 iis
545 3948 717 4026 temporibus,
741 3959 838 4026 quibus
862 3958 1030 4012 aBalduIno
1056 3963 1136 4026 cepta
1155 3959 1397 4026 Constantinopolis,

282 4047 332 4096 est.
369 4039 443 4106 Quae
462 4040 570 4107 scripsit
589 4056 606 4093 a
624 4039 742 4093 Martino
762 4039 867 4105 abbate,
894 4039 940 4106 qui
959 4038 1156 4107 expugnationi
1174 4039 1249 4094 urbis
1267 4039 1389 4094 interfuit.

282 4137 311 4175 se
330 4121 463 4188 accepisse
481 4120 632 4187 profitetur.
670 4119 754 4174 Edita
772 4126 815 4174 est
833 4118 967 4173 sCanisio
985 4117 1016 4172 Τ.
1030 4119 1062 4172 V.
1082 4119 1174 4187 Antiq.
1193 4118 1284 4175 Lect.“
1309 4117 1387 4174 Nessi

283 4201 360 4258 Alex.
380 4216 448 4256 saec.
467 4201 546 4258 XIII.
565 4217 586 4256 e.
606 4201 655 4255 IV.
675 4217 699 4257 s.
721 4201 744 4258 t.
