2814 4840
280 417 334 472 tta
477 413 608 472 XXVIII.
627 415 668 469 De
685 419 762 470 statu
780 415 920 470 societatis
938 414 1030 470 christ
1050 430 1119 472 saec.
1139 415 1215 472 XIII.

282 559 522 625 Dominicanos
546 558 652 624 voluit
683 557 857 646 sepeliri‚¹)
890 557 944 622 vel
967 566 1005 622 ut
1027 581 1062 623 se
1086 559 1196 624 dolere
1218 559 1395 646 ostendenti

282 659 323 724 de
356 659 606 744 impugnatione
639 677 763 737 eorum,
794 655 848 720 vel
881 665 918 720 ut
940 655 1004 720 hac
1027 659 1154 722 ratione
1185 653 1395 738 confirmaret

282 777 316 821 se
340 755 484 821 uoluisse
507 757 616 842 ipsum
641 753 803 821 Ordinem
826 756 1033 840 impugnare.

370 853 458 918 latae
482 853 720 918 commotiones
743 873 829 938 quae
852 852 1005 916 accidere
1020 851 1134 933 solent,
1158 853 1290 938 quaudo
1312 873 1383 916 nova

282 951 434 1016 instituta
449 971 508 1037 pro
524 951 771 1036 opportunitate
787 959 974 1035 temporum
991 951 1025 1013 in
1042 949 1191 1014 Ecclesia
1207 953 1383 1028 excitantur,

283 1050 362 1114 dum
385 1048 538 1114 homines
569 1047 678 1112 cordis
701 1057 734 1112 et
757 1049 883 1133 ingenii
908 1049 1117 1131 angustioris,
1149 1047 1203 1112 vel
1228 1036 1396 1128 amuthal

283 1146 336 1211 vel
360 1156 571 1232 praepostera
594 1147 782 1212 novitatum
806 1147 995 1230 suspicione
1023 1146 1242 1234 moventur,¹)
1272 1169 1385 1231 genera·

281 1247 342 1310 tim
358 1243 545 1310 Ecclesiam
570 1243 622 1308 vel
638 1242 782 1310 Ordines
797 1243 1026 1309 mendicantes
1042 1265 1159 1330 parum
1176 1244 1386 1309 turbaverunt.

374 1369 447 1435 102.
495 1367 813 1434 Commemorandae
836 1371 936 1433 etiam
960 1378 1037 1432 sunt
1060 1369 1244 1434 simultates
1269 1379 1300 1432 et
1321 1367 1387 1446 lites,

169 1514 183 1542 n
199 1515 216 1542 Β,
282 1468 458 1554 quaejam
483 1468 598 1554 primis
622 1465 793 1531 decenniis
816 1467 902 1530 iuter
925 1466 1167 1530 Dominicanos
1198 1477 1231 1530 et
1255 1467 1388 1530 Francis·

283 1587 383 1630 canos
416 1575 549 1631 exortae
582 1573 668 1644 sunt,
708 1586 790 1649 quas
820 1575 932 1628 tamen
964 1565 1028 1629 viri
1060 1563 1203 1629 illustres
1236 1567 1397 1648 utriusque

283 1662 419 1730 Ordinis
456 1687 495 1729 ac
525 1663 670 1727 Ministri
703 1661 873 1746 generales
908 1674 1192 1748 compescuerunt.
1242 1663 1281 1727 In
1317 1661 1390 1725 hunc

282 1782 418 1847 scopum
452 1783 538 1826 anno
566 1761 651 1826 1255
683 1782 895 1825 communem
925 1757 1098 1846 epistolam
1130 1760 1325 1825 circularem
1347 1757 1389 1821 ad·

282 1859 417 1923 modum
442 1860 607 1944 insignem
630 1859 729 1923 ambo
754 1857 899 1923 Ministri
923 1858 1093 1944 generales
1117 1857 1313 1929 ediderunt:
1340 1879 1392 1943 qua

281 1957 323 2021 ad
349 1957 561 2022 concordiam
586 1968 619 2021 et
642 1957 812 2021 caritatem
832 1957 931 2042 juxta
958 1957 1171 2021 fundatorum
1205 1955 1392 2041 exemploru,

282 2055 454 2141 utriusque
478 2053 615 2120 Ordinis
639 2053 790 2119 membra
813 2063 959 2132 monent,
984 2054 1201 2140 subditosque
1223 2054 1398 2118 hortantur!

282 2162 319 2217 nt
349 2154 452 2216 unitis
476 2153 604 2218 viribus
627 2173 686 2239 pro
710 2153 897 2216 animarum
922 2151 1026 2216 salute
1055 2151 1216 2218 laborent.
1266 2152 1341 2216 Istis
1369 2153 1393 2212 in

280 2249 398 2316 litteris
430 2253 530 2315 etiam
562 2250 726 2337 quaedam
764 2258 888 2336 puncta
923 2249 1133 2332 exhibentur,
1174 2273 1262 2337 quae
1298 2251 1398 2315 litibus

281 2371 380 2413 ansas
403 2347 617 2433 praebebant.
669 2346 858 2429 Cavendum,
883 2347 1035 2412 scribunt
1059 2348 1200 2413 Ministri
1225 2347 1399 2434 generales.

280 2470 319 2510 ne
336 2457 474 2532 propter
495 2448 694 2534 iniquitatem
717 2445 863 2522 aliorum,
888 2445 950 2510 aiii
965 2448 1010 2510 sic
1024 2469 1055 2510 ae
1072 2445 1305 2524 abominentur,
1329 2439 1399 2532 qrrotl

280 2543 440 2608 localitas
472 2546 556 2609 inter
586 2568 653 2627 nos,
688 2567 753 2607 non
767 2543 967 2629 fraternitas
993 2543 1151 2624 videntia,
1176 2594 1184 2609 .
1210 2595 1218 2610 .
1246 2599 1254 2612 .
1280 2571 1319 2608 ae
1343 2567 1399 2608 coo-

281 2651 402 2727 ceptam
426 2643 613 2707 transeundi
636 2642 681 2705 ad
703 2639 891 2705 alterutrum
914 2652 1092 2706 nostrornm
1121 2643 1291 2720 Ordinem,
1325 2664 1399 2729 pren

282 2738 400 2825 aliquio
422 2741 579 2805 inveniret
600 2743 636 2805 in
659 2740 776 2826 aliquo,
801 2738 944 2803 debilitet
965 2739 1014 2804 cel
1029 2742 1210 2826 eaeatinpnat
1224 2743 1294 2806 zelo
1311 2745 1399 2828 ι’]ιιιιιι

282 2837 466 2902 attrahendi
486 2838 531 2902 ad
554 2863 643 2903 snam
670 2835 830 2915 Ordinem,
863 2837 921 2900 aed
937 2839 1049 2924 potine
1080 2840 1238 2924 inceptam
1261 2838 1399 2925 propian-

283 2945 346 2998 tnm
365 2933 484 3019 faveat
507 2946 537 2999 et
559 2937 724 3022 confirmet.
773 2935 849 2998 Item
872 2959 910 2998 ne
926 2935 1116 3020 familiares
1139 2947 1169 2999 et
1193 2935 1399 3023 benefactore

283 3032 416 3096 alterins
443 3032 576 3100 Ordinis
606 3034 723 3120 aliquia
753 3057 774 3096 a
804 3055 864 3096 aaa
887 3033 1049 3097 devotione
1073 3034 1191 3098 audent
1215 3046 1358 3098 uomere
1381 3045 1399 3089 rt

284 3129 327 3194 ad
346 3129 496 3194 Ordinem
520 3157 608 3197 sunm
632 3141 819 3197 convertere.
846 3182 853 3198 .
879 3180 887 3196 .
912 3180 920 3196 .
945 3131 1025 3196 Item
1046 3153 1085 3196 ne
1110 3129 1179 3194 loca
1202 3155 1285 3217 qnae
1311 3133 1399 3214 olipa

358 3396 377 3460 ¹)
397 3395 497 3465 Digby.
511 3395 586 3465 Ager
604 3393 635 3450 ol
652 3395 723 3451 saith
741 3397 796 3453 vol.
808 3396 842 3452 X.
861 3413 885 3452 c.
899 3396 989 3452 XVII.
1009 3396 1116 3467 (Versio
1129 3411 1213 3466 germ.
1234 3397 1286 3451 Die
1300 3398 1399 3451 Kloste

283 3475 329 3530 tles
348 3476 533 3541 Mittelalters,
551 3489 604 3530 von
624 3475 744 3546 Kobler.)

356 3554 378 3626 ²)
398 3555 498 3610 Notum
517 3561 567 3620 est,
585 3555 686 3610 similia
710 3556 832 3611 evenisse
856 3572 936 3623 quum
961 3555 1082 3610 Societas
1099 3555 1166 3610 Iesu
1191 3555 1332 3610 mediante
1355 3571 1399 3606 sas

283 3635 343 3690 culo
361 3634 428 3688 XVI
445 3635 534 3703 magis
552 3635 693 3704 magisque
718 3653 746 3692 se
766 3643 931 3706 propagaret
955 3642 984 3690 et
1008 3652 1136 3704 magalim
1162 3634 1294 3689 inflexum
1322 3635 1397 3702 aratu

283 3720 364 3770 reret.
400 3714 565 3770 Praesertim
582 3716 727 3786 theologus
747 3716 933 3772 celeberrimus
962 3715 1092 3770 Melcbior
1111 3715 1200 3769 Canus
1225 3721 1291 3768 tunc
1310 3731 1399 3768 nomn

284 3793 410 3851 Ordinem
435 3796 468 3850 ob
495 3795 628 3850 instituta
651 3811 702 3850 sua
727 3797 823 3851 hebuit
842 3803 874 3850 ut
892 3796 972 3850 valde
991 3795 1176 3864 periculosum,
1195 3801 1224 3848 et
1242 3797 1399 3850 sennonibu

284 3883 379 3930 contra
397 3877 550 3930 emissarios
569 3877 731 3931 Antichristi
751 3883 834 3944 atque
852 3877 1021 3945 hypocrytas,
1047 3891 1117 3930 anno
1136 3877 1207 3930 1549
1225 3877 1399 3930 Salmantica

284 3956 407 4010 Jesuitas
425 3956 607 4025 impugnavit.
651 3957 741 4024 Ipsum
765 3957 871 4024 quidem
895 3958 1044 4025 superiores
1070 3955 1127 4023 ejus
1152 3961 1338 4015 coercuerunt.
1364 3973 1399 4008 sa

284 4035 402 4090 haesisse
426 4051 487 4090 enm
510 4035 537 4089 in
563 4036 736 4104 praejudiciis
759 4037 815 4092 suis
840 4041 918 4106 patet
942 4053 974 4090 ex
994 4036 1136 4104 posthumo
1161 4037 1220 4105 ejus
1239 4051 1319 4104 opere
1343 4037 1399 4090 Lm·

286 4118 430 4188 theolcpt'ca'
448 4117 499 4171 IV.
517 4121 545 4171 2.
564 4147 597 4157 -
618 4117 672 4173 Clr.
692 4118 883 4182 Schneemann‚
904 4117 953 4171 ilie
968 4116 1142 4184 Entstehung
1160 4115 1209 4171 der
1227 4117 1397 4171 themistisch

284 4195 496 4251 molinistischen
514 4197 700 4263 controversa,
720 4197 854 4266 Freiburg
874 4199 950 4252 1879.
971 4199 996 4251 S.
1019 4199 1076 4252 135.
