2828 4842
365 490 406 544 De
424 489 528 544 haemi
547 489 744 558 albigensium.
1067 489 1119 544 331

103 633 147 698 20.
180 631 357 698 Contendit
378 655 475 718 porro
500 633 611 713 Hahn,
645 635 745 697 etiam
778 632 903 718 legatos
936 633 1119 714 Pontificis,

39 731 188 816 exemplum
212 731 309 817 hujus
333 745 471 813 secutos,
497 731 571 796 dolo
596 734 855 796 circumvenisse
871 729 1117 814 ltaymuudum,

39 829 210 895 ullilonem
242 831 366 915 gaudio
391 830 508 894 infami
531 830 664 915 gloriari
699 831 732 894 in
758 828 896 915 epistola
919 828 963 892 ad
987 828 1121 892 Pontifi-

38 947 89 990 cem
118 930 244 1014 scripta,
278 951 313 992 se
338 951 413 992 eum
446 930 681 993 constrinxisse
712 925 959 992 conditionibus
989 924 1121 1010 talibus,

37 1045 95 1108 quas
113 1025 306 1112 impossibile
331 1029 373 1090 sit
396 1026 439 1090 ad
463 1038 621 1091 statutum
646 1025 688 1090 ab
714 1047 751 1090 eo
777 1024 907 1110 impleri
932 1024 1121 1102 terminum,

35 1124 66 1182 ita
85 1133 113 1185 ut
133 1135 285 1210 tanquam
318 1125 469 1210 perjurus
498 1127 683 1188 necessario
716 1127 749 1188 in
781 1124 936 1210 laqueum
969 1130 1121 1208 paratam

33 1231 106 1304 atque
127 1222 158 1285 in
180 1243 303 1307 poenas
326 1223 498 1287 condictas
521 1225 591 1307 ipse
615 1244 752 1287 casurus
775 1224 827 1286 sit.
875 1222 1008 1301 Mirum,
1033 1221 1122 1307 quod

35 1319 56 1379 in
75 1317 138 1382 talis
159 1322 378 1384 accusationis
402 1331 634 1404 argumentum
662 1330 778 1385 auctor
802 1323 881 1384 citet
897 1318 1032 1384 Milonis
1056 1321 1122 1405 epi-

32 1415 130 1495 stolam,
160 1421 283 1505 inqua
315 1441 431 1482 revera
463 1417 546 1482 nihil
579 1420 741 1504 ejusmodi
772 1421 977 1500 continetur,
1009 1420 1055 1482 ita
1086 1429 1123 1482 ut

32 1537 79 1578 non
99 1517 186 1582 aliter
209 1521 271 1581 ista
294 1517 429 1581 assertio
455 1516 613 1601 explicari
640 1519 754 1602 possit,
787 1518 850 1581 nisi
875 1515 964 1602 quod
988 1537 1122 1580 sensum

32 1613 175 1678 verborum
198 1615 375 1680 latinorum
400 1625 516 1678 auctor
545 1637 610 1680 non
642 1615 851 1680 intellexerit.
906 1615 1030 1682 Scribit
1062 1620 1121 1681 soi·

29 1707 86 1774 licet
106 1713 178 1778 llilo
203 1717 289 1776 inter
311 1712 376 1777 alia
398 1713 570 1777 Pontifici:
594 1714 830 1778 Beatitaclinem
853 1725 988 1778 cestram
1011 1717 1124 1780 humili

28 1811 228 1895 supplicatione
258 1811 402 1898 deposco,
433 1821 586 1895 quatenus
619 1813 647 1876 si
668 1813 827 1899 forsitan,
858 1815 939 1875 sicat
970 1837 990 1876 a
1014 1815 1123 1878 multis

26 1909 147 1990 ceditur,
175 1909 351 1973 Tolosanus
375 1931 473 1972 comes
485 1911 579 1995 pacis
593 1921 622 1972 et
629 1912 779 1999 justitiae
795 1913 950 1992 iuimicus,
976 1913 1019 1974 ad
1027 1933 1120 1997 prae·

25 2009 130 2070 entiam
152 2019 284 2072 oestrum
309 2009 482 2088 meuserit,
502 2031 565 2094 pro
581 2010 808 2094 recuperandis
824 2012 939 2074 castris
952 2033 1032 2094 quae
1047 2013 1123 2075 milti

26 2115 102 2168 nstro
123 2109 243 2169 nomine
260 2107 446 2190 assipnacit,
470 2106 554 2190 quod
577 2129 609 2169 se
625 2109 733 2192 jactat
742 2129 836 2192 posse
851 2108 956 2194 facile
971 2107 1120 2184 adnuere,

24 2227 69 2264 oven
91 2226 139 2264 ros
168 2215 286 2266 moveat
319 2207 386 2290 ejus
415 2201 525 2287 linpua
552 2203 630 2268 solis
661 2206 834 2269 mendaciis
865 2217 895 2269 et
927 2205 1123 2271 contumeliis

22 2301 134 2380 ruditu,
159 2303 222 2378 scd,
256 2305 336 2364 aaut
358 2302 482 2380 meruit,
515 2301 552 2364 de
577 2302 628 2365 dic
652 2303 687 2365 in
712 2303 794 2366 diem
825 2327 937 2367 monus
960 2305 1122 2368 Ecclesiae

22 2403 116 2463 nnn'ct
136 2401 306 2486 prasiorcs.
359 2398 433 2464 Cum
457 2401 539 2462 enim
563 2423 657 2485 super
676 2401 852 2485 quindecim
876 2403 921 2465 ad
944 2405 1047 2466 minus
1070 2427 1120 2466 ca-

21 2496 111 2578 ,riola
127 2509 259 2583 praeter
290 2497 375 2560 alias
395 2499 593 2586 juratoriam
620 2498 660 2561 ab
685 2523 719 2562 eo
742 2501 912 2586 receperim
935 2502 1121 2584 canaonem,

15 2591 69 2674 serr
92 2597 122 2658 in
150 2595 292 2658 omnibus
322 2594 579 2680 manifestissime
610 2596 774 2684 dejeravit,
808 2600 845 2661 in
872 2599 920 2661 lsis
949 2601 1123 2684 praecipue

21 2715 80 2770 pru
101 2695 133 2755 in
157 2693 234 2757 aliis
258 2692 375 2757 litteris
398 2695 607 2770 conducatur,
632 2693 736 2779 factis
759 2696 883 2758 nomi-nc
906 2697 1039 2759 Domini
1061 2699 1121 2761 Re·

20 2792 102 2870 ‹pnn's
123 2802 152 2854 st
174 2813 252 2855 meo.
277 2827 319 2837 -
346 2789 472 2856 Ultima
496 2789 578 2854 haec
603 2790 706 2855 verba
729 2794 764 2855 in
783 2793 831 2855 tis
848 2796 1024 2880 praecipue
1047 2805 1120 2876 etc,

22 2891 129 2966 punctis
152 2890 280 2975 positis,
304 2889 427 2952 omittit
450 2899 566 2953 auctor
582 2891 710 2954 citatus.
735 2927 778 2936 -
807 2889 895 2954 Unde
912 2896 1014 2980 ajuro
1039 2893 1123 2977 quod

19 2981 91 3046 labet
112 2989 145 3049 in
169 2989 298 3050 ciuitate
321 2987 473 3074 Melporii
502 2987 614 3051 cecidit
643 2987 820 3073 manifeste,
853 2999 883 3050 et
913 3001 1027 3076 septem
1060 3014 1123 3054 mu·

20 3083 153 3147 citissima
177 3095 286 3149 casim
309 3107 388 3169 quae
411 3085 450 3148 de
473 3086 540 3149 suis
562 3085 659 3149 labeo
683 3087 718 3148 in
741 3089 934 3149 commissum
957 3089 1123 3151 Romanae

20 3177 157 3246 Ecclesiae
180 3182 369 3247 ceciderunt.
396 3232 403 3246 .
431 3233 438 3248 .
464 3232 470 3247 .
503 3183 616 3246 Verum
645 3185 726 3248 eiciet
748 3185 783 3246 in
801 3185 969 3271 praefatis
991 3185 1124 3248 liabetur

19 3273 121 3357 litteris,
154 3283 258 3346 adlzuc
280 3304 376 3367 usque
400 3281 445 3344 ad
472 3285 651 3368 proximum
675 3281 799 3367 festum
828 3284 965 3346 omnium
993 3282 1121 3347 Sancto·

18 3379 341 3468 irrecuperabilem
368 3383 404 3444 in
434 3403 493 3465 quo
524 3381 554 3444 si
580 3403 644 3443 non
674 3382 794 3444 uenerit
824 3380 1050 3465 samsfacturus
1083 3380 1123 3443 de

18 3477 147 3558 erunibus,
181 3489 294 3540 ronna
322 3479 425 3564 ipsum
450 3488 513 3541 tam
538 3478 751 3565 spiritualiter
780 3501 873 3565 quam
906 3477 1124 3566 temporaliter

14 3575 224 3654 passerum)

87 3683 136 3746 21.
170 3684 213 3747 In
237 3681 289 3745 his
313 3681 458 3767 profecto
485 3683 568 3748 nihil
593 3684 789 3764 continetur,
822 3681 911 3745 unde
935 3683 1041 3766 turpis
1066 3681 1122 3746 illa

18 3783 163 3846 accusatio
198 3779 324 3844 firmari
355 3782 469 3865 possit.
524 3780 589 3846 Sed
614 3780 699 3844 forte
717 3779 807 3844 illam
824 3801 940 3844 vocem
966 3779 1123 3868 dejeravit

18 3890 118 3960 auctor,
142 3877 361 3965 praejudiciis
386 3880 420 3942 in
444 3878 640 3943 Pontificem
674 3879 810 3964 ejusque
834 3877 959 3962 legatos
989 3897 1121 3961 praeoc-

18 3989 143 4058 cupatus,
169 3985 222 4041 est
245 3977 489 4060 interpretatus,
515 3988 551 4040 ut
574 3977 753 4061 significari
771 3985 928 4055 censeret,
954 3974 1121 4056 Raymun-

18 4067 76 4134 lom
101 4076 234 4158 jurasse
274 4073 496 4155 conditiones,
531 4097 613 4160 quas
647 4071 850 4159 impossibile
883 4081 952 4135 erat
985 4070 1123 4156 implere

18 4205 207 4221 ‘'Q—-

74 4270 90 4319 u
109 4271 173 4339 epp.
194 4271 227 4324 n.
248 4269 307 4322 xu.
329 4269 380 4323 roe

1153 633 1276 674 Accusatio

1136 700 1217 736 contra
1234 697 1296 746 lega-

1191 763 1235 798 ton.
