2858 4834
401 459 439 513 De
459 457 547 512 initiis
566 461 775 516 controversiae.
1101 467 1150 520 165

54 615 106 686 post
126 604 327 668 evectionem
351 623 446 666 suam
470 602 616 667 Thomas
649 604 743 689 plura
767 605 856 670 bona
881 606 1039 673 ecclesiae
1064 607 1147 674 Oan-

52 703 208 780 tnariensis,
238 700 361 787 quibus
391 701 512 786 injuste
545 700 672 766 nobiles
696 705 790 787 potiti
825 713 927 784 erant,
959 709 1090 792 repetiit
1114 715 1146 771 et

52 797 185 863 ecelesiae
206 797 347 863 addixit.
393 797 563 862 Ecclesiae
597 800 685 863 enim
716 801 804 866 bona
833 825 1031 884 servares
1011 813 1046 868 ut
1075 815 1146 869 tum
1183 807 1294 849 ”mist

52 898 132 980 ipsius
160 897 337 976 ecelesiae,
371 907 442 960 tum
473 918 656 1008 pauperum
690 899 943 964 necessitatibus
978 901 1146 987 provideri

52 1007 146 1079 posset,
170 1016 409 1081 procerumque
433 995 567 1078 rapinas
592 1017 809 1081 compescere,
834 997 978 1084 praesuli
1003 1002 1146 1110 proposi·

50 1107 103 1154 tum
114 1093 181 1156 fuit.
212 1089 394 1178 Conquesti
419 1105 496 1156 sunt
520 1114 670 1177 proceres
693 1095 782 1180 apud
808 1117 929 1180 regem,
955 1097 1011 1181 qui
1035 1107 1147 1161 tamen

51 1191 123 1252 initio
145 1201 254 1276 partes
281 1190 523 1276 archiepiscopi
547 1193 650 1255 tuitus
674 1203 731 1256 est.
765 1194 843 1258 Jom
859 1194 1045 1279 quibasdam
1060 1189 1150 1280 repni

50 1289 233 1374 ιιιιφιαὶίὸιιι,
258 1291 336 1352 ciris
361 1291 482 1374 mapnis
507 1289 737 1375 etpotentibus,
762 1291 801 1354 de
811 1291 962 1377 praediis
978 1316 1041 1378 per
1051 1316 1148 1379 pree·

48 1385 219 1450 decessorum
242 1389 459 1474 impotentiam
488 1410 542 1450 sen
569 1389 726 1451 insontium
754 1389 901 1453 eccleciae
932 1413 1008 1452 onae
1032 1387 1150 1454 ablotis

48 1488 236 1566 precationem
268 1497 386 1565 mooet;
423 1485 578 1570 quaedem
608 1487 786 1570 repete-ndo,
822 1485 977 1552 comella
1000 1510 1072 1552 vero
1096 1488 1150 1556 nbi

50 1585 196 1669 nonffesta
228 1583 399 1648 videbatur
428 1586 560 1670 injurio,
595 1583 708 1670 absque
748 1587 928 1670 quaestione
963 1586 1149 1650 revocando.

52 1677 204 1745 &necatus
227 1705 298 1745 uero
323 1705 420 1767 qnare
443 1683 499 1746 hoc
513 1682 652 1767 feceret,
683 1683 858 1768 respondit,
889 1683 978 1746 nelle
1002 1683 1092 1747 modo
1116 1705 1149 1746 se

49 1775 106 1840 relle
136 1778 263 1864 litiporc
293 1803 389 1865 saper
417 1781 465 1843 his
495 1803 574 1864 quae
606 1780 649 1842 ed
677 1781 849 1844 dominium
872 1804 961 1844 suunt
988 1781 1149 1866 pertinere

48 1875 137 1942 inisset
172 1879 380 1954 notissimam,
414 1879 473 1941 etsi
505 1901 692 1963 quocumque
724 1877 815 1941 titulo
798 1880 1012 1966 oinjnstee
994 1878 1148 1942 alienata.

4 2007 5 2012 κ
47 1973 107 2034 Et
96 1987 138 2036 sto
153 1975 263 2060 fende
279 1999 385 2039 omnen
404 1976 430 2040 ι
431 1976 475 2054 l,a
500 1999 579 2062 quae
597 1975 687 2060 firme
702 1976 825 2062 feudal
825 1999 857 2040 es
872 1977 1065 2058 dicebantur,
1084 2000 1148 2063 pro

46 2069 184 2136 rolrrntote
215 2097 275 2136 anre
307 2075 407 2136 tenuit
435 2084 465 2137 et
488 2074 659 2153 ordinavit,
694 2075 790 2138 dertee
814 2073 1000 2138 exturbatus
1022 2075 1096 2137 hoec
1121 2085 1150 2138 et

45 2167 98 2230 ulio
119 2183 256 2256 propter
280 2173 444 2258 justitiam
471 2173 673 2258 proscipiens
694 2172 848 2258 perdidit,
900 2173 988 2237 Unde
1011 2173 1147 2262 hujusce·

47 2267 114 2329 orodi
134 2272 225 2332 moie's
248 2269 493 2355 quaestionibus,
518 2273 663 2333 orinrstar
674 2270 821 2354 pontifici
843 2293 916 2334 moa
939 2271 1151 2334 contentiones

45 2375 67 2423 et
85 2364 151 2429 lites
174 2379 205 2430 et
228 2367 410 2431 adversarii
432 2367 531 2432 m'relti.
559 2419 565 2433 .
593 2423 598 2434 .
625 2417 632 2431 .
664 2369 775 2432 Verum
805 2371 860 2454 qni
889 2393 920 2432 se
950 2368 1053 2431 laesos
1084 2389 1150 2431 sen·

45 2463 146 2526 dehent
168 2475 224 2528 aut
248 2465 421 2529 laedendos
444 2465 641 2543 verebantur,
666 2489 767 2552 repens
791 2477 885 2530 entra
907 2487 1035 2551 repnunt
1059 2487 1149 2549 epen-

46 2567 91 2620 tcn
112 2562 236 2640 adeunt,
262 2575 291 2626 et
314 2575 533 2648 conquerentes
556 2574 726 2650 seponunt,
758 2563 860 2649 aliqui
882 2587 914 2628 se
938 2585 1059 2649 pessos,
1090 2563 1150 2626 ali-

44 2658 86 2738 pni
105 2682 133 2721 se
152 2683 307 2746 passuros
331 2685 396 2725 esse
420 2663 572 2749 injuriam
589 2685 652 2747 per
669 2663 859 2746 pontificem,
895 2665 959 2727 nisi
981 2664 1068 2748 repia
1092 2661 1149 2724 cle·

47 2760 143 2820 nuntia
158 2761 310 2847 justitiae
334 2759 482 2822 adhibeat
505 2783 673 2824 rna-..num
703 2758 832 2823 ..Sed
847 2783 914 2842 rere,
939 2784 993 2845 qus
1005 2783 1096 2845 opere
1121 2770 1151 2824 et

45 2858 157 2920 tentate
182 2881 251 2922 enm
262 2855 426 2943 dilipedat,
450 2881 471 2920 e
495 2855 614 2921 talibus
637 2857 797 2921 avertebat
813 2858 968 2922 anditum.
974 2859 1082 2934 ¹t)
1038 2857 1149 2922 Etiam

45 2953 159 3034 spuendo
184 2977 244 3018 rex
267 2977 354 3020 anno
376 2956 492 3019 1163
485 2978 519 3019 rn
538 2956 693 3040 Angliam
714 2959 815 3038 veuit,
841 2977 960 3039 magno
985 2958 1020 3020 in
1037 2955 1150 3020 favore

44 3047 188 3117 Thomam
223 3053 354 3134 habuit,
390 3055 436 3117 ita
470 3065 506 3116 ut
537 3057 566 3118 ei
599 3065 796 3140 proponeret
828 3055 1149 3118 administrationem

45 3153 122 3232 regni
146 3153 179 3215 in
196 3152 318 3237 Anglia
335 3152 594 3238 suscipiendam,
619 3151 698 3216 dum
717 3154 871 3238 princeps
896 3155 929 3217 in
945 3153 1150 3216 Normannia

46 3243 171 3328 degeret.
218 3250 259 3315 Id
281 3273 359 3314 vero
384 3250 530 3314 Thomas
554 3251 733 3335 prudenter
756 3251 946 3315 declinavit.

122 3375 170 3439 13.
217 3375 345 3441 Eodem
376 3396 464 3440 anno
500 3375 585 3440 1163
614 3374 769 3458 Thomas,
806 3379 1031 3439 consentiente
1062 3395 1149 3458 rege,

47 3489 108 3533 enm
139 3472 213 3536 aliis
243 3475 406 3560 episeopis
437 3474 603 3559 profectus
638 3483 688 3538 est
710 3474 860 3538 Turonas
884 3478 1011 3556 (mense
1035 3473 1149 3558 hlajo),

49 3566 93 3630 uhi
114 3569 302 3635 Alexander
325 3571 376 3635 III
410 3571 576 3655 synodum
609 3570 808 3636 celebrabat.
856 3570 1019 3635 Peculiari
1052 3569 1149 3634 modo

47 3665 224 3732 aPontitice
239 3669 384 3734 Thomas
400 3669 579 3733 honoratus
603 3680 661 3752 est,
688 3691 889 3756 magnasque
907 3679 1017 3755 partes
1033 3668 1151 3732 habuit

49 3761 77 3825 in
95 3767 271 3832 condendis
295 3766 382 3833 illius
398 3767 517 3852 synodi
535 3768 685 3849 decretis,
711 3770 903 3853 praesertim
921 3777 1035 3831 eontra
1051 3767 1150 3831 bono-

49 3881 107 3925 rum
138 3865 432 3930 ecclesiasticorum
461 3876 672 3951 usurpatores
696 3876 728 3928 et
750 3865 913 3930 libertatis
937 3864 1150 3929 eeclesiarum

49 3977 249 4043 oppressores.
280 3963 478 4028 Perhibetur
502 3979 612 4028 autem
629 3963 784 4045 Thomas,
810 3986 913 4049 quum
928 3963 1152 4027 eonscientiae

70 4123 75 4126 -
87 4123 241 4136 -----........,

110 4245 129 4308 'l
147 4247 320 4315 vinosior.
340 4265 362 4302 c.
382 4247 458 4302 XIII.

1165 869 1195 908 ho
1181 879 1229 908 ona
1243 871 1321 912 necle-

1205 931 1351 976 sa.te‘
