2900 4836
394 414 437 468 Dc
457 413 576 468 Concilio
595 413 755 472 Basileensi.
1084 412 1137 469 373

22 557 134 623 Omnia
158 559 257 624 etiam
282 557 404 623 deinde
427 567 494 621 tam
520 557 717 640 inordinate,
742 557 956 622 tumultuarie
981 567 1014 622 et
1035 553 1308 660 auda-{2253

24 667 84 719 oter
105 655 192 721 facta
215 666 309 738 suut,
340 665 377 720 ut
400 679 443 720 ex
466 655 530 720 bae
553 677 685 741 quoque
708 666 802 742 parte
826 655 972 742 dignitas
996 653 1136 720 Concilii
1207 690 1253 722 rus.

20 756 217 819 oecumenici
241 754 299 819 toli
323 755 573 838 congregationi
597 752 789 836 deroganda
812 775 881 820 esse
906 753 1069 818 videatur.
1093 787 1137 798 -

23 852 55 915 3ο
75 852 258 918 Revocavit
288 852 366 918 dein
396 852 567 936 Eugenius
595 851 644 916 IV
676 851 925 918 dissolutionem
957 871 1069 932 suam,
1105 859 1138 913 et

22 947 235 1014 characterem
261 948 403 1014 Ooneilii
428 951 634 1014 oecumenici
664 952 764 1016 etiam
789 972 848 1036 pro
876 941 1052 1014 transactis
1075 969 1137 1012 ses-

21 1046 161 1112 sionibus
191 1047 326 1132 Syncdo
357 1047 537 1133 adjudicat.
592 1046 659 1114 Sed
690 1070 732 1112 cx
765 1049 928 1114 sententia
959 1045 1137 1110 multorum

21 1143 180 1209 decretum
212 1145 275 1210 hoe
306 1145 368 1210 sub
393 1145 523 1210 influxu
554 1147 742 1230 gravissimi
768 1146 895 1211 timoris
926 1144 1053 1210 editum
1078 1153 1136 1224 est,

16 1263 53 1304 ac
82 1253 271 1328 praeterea,
306 1247 354 1308 uti
379 1245 612 1328 exposuimus,
649 1246 758 1330 potius
787 1245 823 1308 in
845 1244 1075 1308 aestimatione
1106 1251 1138 1305 et

20 1340 81 1404 loro
107 1342 195 1428 juris
227 1344 343 1408 statuit
364 1343 555 1426 Eugenius,
593 1341 780 1408 Concilium
813 1341 895 1407 illud
926 1349 963 1405 ut
991 1339 1137 1425 legitime

17 1441 241 1504 continuatum
266 1440 460 1506 habendum
482 1463 563 1522 esso,
586 1462 687 1527 quam
713 1451 750 1504 ut
765 1441 929 1505 sententia
946 1436 1137 1502 doctrinalis

20 1549 215 1622 proponatur
245 1537 287 1602 de
310 1538 512 1604 sessionibus
541 1541 725 1607 transactis.
773 1539 948 1603 Praeterea
979 1556 1057 1600 vero
1082 1534 1137 1599 ad-

9 1635 95 1718 jecta
119 1637 183 1700 fuit
213 1635 292 1702 huic
316 1637 568 1708 confirmationi,
585 1637 749 1719 conditio,
786 1648 823 1700 ut
845 1637 958 1701 omnia
988 1633 1137 1698 tolleren-

18 1743 72 1814 tur,
96 1755 183 1820 quae
207 1746 323 1800 contra
343 1735 538 1800 Pontificem
563 1735 652 1800 facta
676 1744 780 1816 erant,
804 1737 902 1820 eique
926 1731 1039 1798 debita
1063 1730 1136 1796 obe-

16 1829 136 1896 dientia
171 1841 204 1896 et
238 1834 424 1899 reverentia
459 1833 708 1899 exhiberentur.
755 1832 916 1898 Neutrum
948 1851 1026 1894 vcro
1057 1829 1138 1894 fecit

18 1925 197 1994 Concilium
214 1931 413 2012 Basileense,
438 1931 588 2018 adeoque
613 1955 671 1998 suo
695 1931 816 2017 agendi
841 1928 939 1995 modo
964 1927 1135 1993 confirma·

15 2027 133 2092 tionem
158 2028 302 2112 Eugenii
333 2030 533 2110 infirmavit,
570 2051 632 2094 nec
657 2028 795 2094 obeam
828 2027 1080 2093 oecumenicum
1104 2036 1137 2089 ct

15 2119 194 2207 legitimum
231 2125 346 2191 baberi
382 2137 497 2214 potest.
534 2165 577 2176 -
611 2127 650 2192 4⁰
681 2128 853 2211 Eugenius
887 2135 1000 2190 tamen
1035 2125 1136 2188 etiam

17 2233 121 2303 postea
153 2225 251 2288 annis
284 2225 369 2289 1446
401 2235 435 2289 et
460 2227 564 2306 1447,
601 2247 703 2312 quum
736 2234 889 2310 ageretur
919 2223 960 2286 de
990 2224 1136 2288 reconci-

14 2315 120 2384 lianda
147 2320 345 2405 Germania,
382 2323 548 2408 professus
581 2333 646 2404 est,
682 2345 717 2386 se
748 2323 916 2408 suscipere
948 2317 1135 2384 Concilium

15 2423 162 2505 generale
177 2420 366 2487 Basilecnsc
391 2421 554 2506 usquead
574 2419 822 2485 translationem
846 2417 977 2502 abipso
1002 2418 1135 2492 factam,

12 2531 106 2608 atque
140 2523 187 2585 sic
219 2518 382 2605 ejusmodi
413 2519 600 2603 agnitione,
637 2539 722 2604 quae
761 2515 945 2602 supplesset
976 2513 1134 2596 defectus,

14 2620 155 2704 dignitas
191 2616 333 2682 Concilii
369 2618 576 2682 oecumenici
612 2617 718 2682 eidem
756 2612 858 2678 tribui
893 2622 1012 2699 posset.
1067 2611 1134 2678 Sed

9 2719 164 2783 omnibus
188 2714 414 2796 consideratis,
438 2716 569 2780 nonnisi
595 2735 653 2798 per
676 2711 918 2797 indulgentiam
942 2709 1133 2798 quamdam,

14 2827 44 2878 ut
65 2816 194 2901 majora
219 2813 306 2878 mala
326 2815 457 2890 vitaret,
481 2811 637 2878 Pontifex
662 2811 749 2876 banc
774 2808 1031 2876 declarationem
1056 2810 1134 2872 cmi-

11 2916 60 2996 eit,
84 2914 230 2999 injurias
252 2933 272 2974 a
296 2909 446 2975 Concilio
472 2911 535 2994 ipsi
560 2909 665 2974 factas
689 2908 791 2973 veluti
818 2907 1020 2972 condonans.
1067 2905 1134 2970 Ad·

10 3009 95 3076 ditur
133 3031 265 3096 quoque
301 3010 346 3089 (in
382 3007 499 3072 litteris
533 3007 577 3072 ad
611 3006 736 3091 legatos
770 3003 983 3084 Germaniae)
1018 3003 1134 3089 ubsque

9 3119 109 3173 tomen
131 3107 332 3196 praejudicio
354 3107 447 3194 jurio,
472 3105 639 3191 dignitatis
663 3115 692 3168 ct
710 3103 982 3189 praeeminentiae
998 3124 1023 3166 a.
1041 3099 1135 3166 Sedis

12 3205 211 3292 Apostolicoc
243 3228 280 3268 cc
304 3204 478 3290 potcstatis
501 3203 564 3265 cibi
593 3213 623 3265 ct
645 3203 680 3264 ia
710 3200 819 3264 eadem
848 3201 996 3264 canocice
1027 3200 1133 3262 aeden-

9 3306 87 3370 tibus
112 3325 297 3382 ccccccccc;
328 3311 427 3386 atque
451 3302 550 3364 etiam
582 3310 656 3387 post
680 3297 888 3363 Concordata
918 3317 995 3360 cum
1019 3296 1133 3361 Orato-

11 3401 96 3468 ribus
133 3402 325 3487 principum
358 3398 558 3464 Germaniac
593 3398 761 3478 confecta,
798 3396 852 3461 die
886 3395 925 3461 5⁰
957 3393 1132 3458 Februarii

8 3522 34 3563 a.
61 3501 149 3566 1447
181 3499 275 3562 brevi
303 3507 380 3560 ante
405 3506 542 3561 mortem
575 3495 726 3583 publicas
759 3493 866 3558 edidit
888 3493 1059 3577 Eugenius
1083 3491 1133 3556 lv

9 3594 130 3662 litteras
155 3597 253 3660 Decet
276 3593 456 3658 Romanum
480 3595 675 3678 Pontificem,
707 3591 829 3678 quibus
853 3589 1014 3670 declarat,
1046 3589 1133 3654 nolle

9 3717 56 3778 se,
87 3707 125 3760 ut
149 3716 209 3782 per
232 3693 371 3780 quaevis
394 3713 552 3778 responsa
576 3711 778 3756 concessave
795 3690 874 3774 jura
897 3710 936 3752 ac
960 3707 1132 3773 praeroga·

9 3796 73 3858 tiva
98 3793 243 3858 Romani
259 3789 431 3856 Pontificis
455 3790 521 3856 ullo
546 3790 644 3854 modo
668 3787 957 3852 labefactarentur.
985 3821 1023 3834 -
1049 3785 1133 3849 Pon-

8 3892 86 3956 tifex
112 3894 148 3956 in
166 3887 406 3975 multiplicibus
431 3900 616 3975 temporum
640 3886 770 3950 illorum
788 3881 1041 3949 difficultatibus
1065 3905 1133 3946 nou

6 3989 182 4053 tenebatur
206 4009 347 4052 examen
370 3987 555 4072 juridicum
579 3987 765 4064 instituere,
802 3993 911 4046 utrum
937 3984 971 4044 in
996 3979 1131 4066 Synodo

8 4085 189 4154 Basileensi
225 4087 420 4152 continuata
455 4085 609 4171 impletae
639 4084 760 4146 luerint
791 4079 1013 4159 conditiones,
1050 4101 1133 4165 quas

7 4185 253 4250 confirmationi
293 4185 364 4269 ipse
399 4192 614 4270 apposuerat,
657 4190 756 4266 atque
791 4187 902 4242 utrum
937 4197 1002 4242 non
1046 4185 1133 4240 totus
