2852 4836
319 457 372 514 162
515 457 630 512 XXXII.
651 457 690 513 De
708 454 886 512 Pontificibus
904 455 1044 510 Avenione
1063 433 1244 510 commoratis.

319 611 350 665 et
383 603 419 666 io
452 611 604 688 quantum
635 611 738 666 status
770 611 800 664 et
830 599 968 664 conditio
994 601 1123 686 patitur
1153 600 1279 662 animae
1312 620 1419 683 separo·

321 701 391 766 toe“
418 708 478 764 etc.

413 807 464 872 13.
491 805 545 870 Ex
560 804 612 869 his
628 804 840 869 manifestum
858 814 916 886 est,
937 804 1103 870 Joannem
1120 804 1184 870 hac
1199 805 1234 868 in
1250 802 1420 889 quaestione

320 925 382 969 nec
413 903 540 990 aliquid
570 925 743 968 erroneum
776 903 967 968 definivisse
996 902 1050 968 vel
1080 914 1117 967 ut
1144 902 1246 968 fidem
1273 899 1420 966 Ecclesiae

318 1001 539 1085 praedicasse,
561 1023 622 1064 nee
638 1003 746 1086 ipsum
762 1001 919 1086 privatim
937 1002 1136 1066 sententiam
1152 1001 1272 1066 falsam
1287 999 1420 1063 tenuisse.

317 1099 390 1164 Imo
414 1098 600 1184 colligimus
625 1101 802 1180 excitatis,
828 1121 902 1164 eum
927 1121 1036 1185 neque
1051 1107 1087 1163 ut
1103 1100 1252 1184 opinioni
1276 1093 1420 1183 probabili

318 1196 508 1262 adhaesisse
545 1197 745 1274 sententiae,
793 1218 859 1282 qna
886 1197 1095 1261 statuebatur
1122 1196 1247 1262 differri
1278 1196 1420 1258 visionem

317 1293 516 1362 beatificam.
564 1295 656 1358 Dicit
684 1296 772 1359 enim
803 1297 838 1358 in
862 1317 921 1358 sua
950 1295 1173 1360 declaratione
1206 1315 1365 1379 mens
1389 1291 1420 1352 in

319 1395 486 1457 tentionem
509 1415 604 1479 quam
626 1393 713 1457 circo
735 1395 801 1458 iata
823 1393 915 1457 babet
938 1403 969 1457 et
990 1392 1111 1472 babuit,
1140 1413 1175 1457 se
1199 1391 1296 1456 fateri
1322 1403 1354 1454 et
1373 1409 1420 1452 cte·

318 1490 396 1556 dere
420 1492 549 1555 animas
565 1498 697 1556 sanetas
712 1489 826 1554 videre
843 1491 954 1556 Deum
978 1492 1063 1555 facie
1087 1489 1286 1555 adfaciem.
1316 1488 1420 1551 Pariter

317 1589 353 1652 in
378 1588 556 1675 diplomate
581 1587 849 1654 canonisationis
873 1613 898 1657 s.
915 1590 1081 1655 Ludovici
1102 1589 1258 1654 Tolosani
1284 1586 1420 1654 Pontifex

317 1688 379 1752 ait:
424 1687 565 1752 Tandem
586 1686 758 1772 plotioaum
780 1689 937 1753 resolutus
959 1691 994 1754 io
1017 1699 1159 1768 mortem,
1193 1689 1248 1773 qui
1275 1687 1327 1749 bic
1355 1687 1420 1748 uuis

317 1783 491 1849 ambulavit
513 1787 548 1848 io
571 1786 762 1865 innocentio,
792 1787 836 1850 ad
859 1785 1134 1874 oonmmplaudum
1157 1788 1192 1850 iu
1214 1784 1337 1871 quadie
1352 1783 1420 1870 fecit

316 1882 458 1948 revelata
487 1895 533 1948 est
564 1885 733 1970 inpressos.
781 1883 824 1948 Et
847 1885 984 1950 Parisiis
1007 1885 1125 1949 Frater
1154 1884 1209 1949 ille
1233 1882 1274 1949 Ο.
1302 1881 1350 1962 Ρ.,
1381 1879 1420 1964 qui

316 1982 387 2066 ipse
425 1980 647 2064 existimabat,
688 1981 812 2045 differri
843 1984 1008 2047 visionem
1043 1982 1243 2060 beatificam,
1286 1977 1420 2044 declarat

317 2078 497 2163 Pontificem
518 2079 605 2143 houd
628 2089 731 2143 tentare
755 2078 847 2144 illam
862 2081 1048 2145 doctrinam.
1089 2079 1319 2144 Nihilominus
1334 2075 1420 2162 plnru¹

316 2177 346 2239 ei
371 2175 458 2240 hanc
482 2175 667 2240 doctrinam
691 2177 955 2262 adscripserunt3
979 2178 1034 2243 alii
1061 2179 1177 2242 saltem
1194 2178 1420 2250 existimarunt

316 2295 392 2338 eum
416 2274 622 2360 propendere
646 2276 681 2340 in
706 2277 803 2340 istam
827 2278 1034 2344 sententiam.
1081 2277 1152 2341 Nec
1168 2285 1284 2340 tamen
1308 2291 1420 2352 censen

316 2371 396 2435 dum
428 2381 487 2455 ast,
519 2373 629 2436 minus
662 2374 826 2438 sinceram
856 2374 958 2439 fuisse
986 2373 1245 2439 declarationem
1270 2353 1420 2438 Pontificil

314 2478 348 2533 et
370 2469 461 2534 illem
485 2471 709 2553 assertionem,
734 2471 793 2536 sed
817 2495 869 2536 res
892 2483 969 2558 apte
993 2472 1153 2558 explicari
1178 2479 1290 2556 potest
1312 2469 1363 2534 bis
1383 2465 1419 2542 ob

314 2567 568 2634 servationibus.
593 2568 729 2632 Praeter
743 2572 982 2655 quaestionem,
1006 2581 1117 2635 utrum
1142 2569 1250 2634 beatis
1266 2551 1419 2632 animabul

316 2667 426 2729 statim
450 2667 536 2731 visio
560 2667 625 2730 Dei
657 2667 868 2750 concedatur,
899 2692 943 2734 an
967 2691 1047 2734 vero
1072 2668 1245 2732 differatur
1270 2657 1418 2751 usquead

316 2761 405 2826 diem
424 2762 556 2848 judieii,
580 2763 711 2828 aliaest
734 2768 884 2852 quaestio
909 2766 949 2832 de
966 2768 1090 2852 majore
1115 2765 1319 2852 perfectione
1343 2761 1418 2844 huju

315 2861 453 2924 visionis
477 2871 509 2924 et
531 2872 709 2946 augmento
733 2862 950 2930 beatitudinis
974 2875 1049 2951 post
1071 2864 1346 2929 resurrectionem
1372 2879 1417 2932 cor

313 2979 443 3044 porum.
489 2959 600 3044 Atque
633 2961 718 3023 inter
741 2963 895 3048 antiquos
918 2963 1053 3028 fuerunt
1076 2964 1132 3049 qui
1157 2961 1417 3026 existimaverunt

316 3077 392 3119 cum
416 3077 439 3120 s.
457 3054 654 3138 Augustino,
679 3079 704 3122 s.
719 3058 957 3126 Bonaventura
981 3070 1013 3125 et
1029 3061 1196 3126 Richardo
1214 3083 1234 3124 a
1251 3081 1276 3124 s.
1293 3057 1416 3126 Victore

314 3154 468 3218 intensive
502 3152 592 3217 illam
625 3155 789 3221 visionem
823 3159 1054 3243 perfectiorem
1090 3160 1168 3240 fore,
1209 3179 1248 3222 ac
1284 3155 1416 3240 majoren

314 3250 556 3316 beatitudinem
586 3263 755 3338 resumpto
787 3277 938 3342 corpore,
974 3280 1012 3322 eo
1046 3256 1135 3344 quod
1169 3265 1274 3320 status
1307 3255 1415 3318 animat

315 3359 486 3435 separatae
517 3349 713 3434 praepediat
752 3353 961 3440 aliquatenus
991 3379 1012 3420 a
1044 3355 1192 3442 perfecta
1223 3349 1415 3418 beatitudine

316 3446 385 3511 Alii
409 3468 485 3511 eum
509 3469 534 3512 s.
559 3446 689 3512 Thomu
712 3451 880 3534 tenebant,
904 3456 1071 3519 intensive
1095 3453 1185 3518 illam
1210 3453 1372 3518 visionem
1393 3467 1414 3508 a

314 3543 557 3609 beatitudinem
581 3543 672 3611 haud
704 3547 774 3612 fore
798 3552 998 3637 majorem.¹)
1045 3552 1151 3616 Priori
1183 3551 1365 3616 sententiae
1392 3545 1414 3608 lt

316 3641 442 3707 rebant
468 3641 578 3727 plures
608 3664 740 3730 quoque
771 3649 955 3715 Doctorum
986 3651 1235 3732 Parisiensium‚
1266 3669 1346 3734 quos
1379 3663 1413 3732 ret

315 3741 492 3827 Philippus
509 3741 684 3808 consuluit.
730 3745 843 3812 Verum
858 3759 913 3830 est,
938 3749 1054 3815 scribit
1069 3747 1288 3814 Continuator
1301 3737 1413 3828 Nangil

313 3839 399 3926 quod
422 3837 524 3922 aliqui
546 3837 707 3921 demoraret,
732 3845 816 3930 quod
830 3848 896 3911 ista
909 3849 988 3912 nisio
1012 3849 1048 3912 ia
1064 3849 1116 3912 die
1132 3848 1254 3938 judieii
1262 3841 1412 3934 persentit

315 3939 386 4017 erit,
417 3947 445 4001 et
477 3957 545 4000 cum
568 3937 639 4000 istis
656 3941 845 4025 praedictus
870 3947 1019 4011 llinister
1047 3969 1111 4011 noa
1134 3955 1244 4034 apeme
1267 3943 1319 4009 sed
1344 3957 1412 4028 qaut

390 4243 409 4308 ¹)
428 4241 497 4297 Vide
515 4243 606 4298 Trsot.
626 4249 749 4300 nostrum
767 4247 800 4302 de
820 4247 988 4314 Novissime,
1009 4265 1035 4305 n.
1057 4249 1116 4304 tto.

1395 4605 1408 4805 j
