<?xml version="1.0" encoding="UTF-8"?>
<!DOCTYPE html PUBLIC "-//W3C//DTD XHTML 1.0 Transitional//EN"
    "http://www.w3.org/TR/xhtml1/DTD/xhtml1-transitional.dtd">
<html xmlns="http://www.w3.org/1999/xhtml" xml:lang="en" lang="en">
 <head>
  <title>
</title>
<meta http-equiv="Content-Type" content="text/html;charset=utf-8" />
  <meta name='ocr-system' content='tesseract 3.04.00' />
  <meta name='ocr-capabilities' content='ocr_page ocr_carea ocr_par ocr_line ocrx_word'/>
</head>
<body>
  <div class='ocr_page' id='page_1' title='image "./dissertationess00junggoog_0514.png"; bbox 0 0 2832 4844; ppageno 0'>
   <div class='ocr_carea' id='block_1_1' title="bbox 10 467 1246 3660">
    <p class='ocr_par' dir='ltr' id='par_1_1' title="bbox 10 467 1246 1504">
     <span class='ocr_line' id='line_1_1' title="bbox 10 467 1094 548; baseline 0.002 -3"><span class='ocrx_word' id='word_1_1' title='bbox 10 467 12 524; x_wconf 65' lang='lat' dir='ltr'>t</span> <span class='ocrx_word' id='word_1_2' title='bbox 356 491 414 546; x_wconf 82' lang='lat' dir='ltr'><strong>sn</strong></span> <span class='ocrx_word' id='word_1_3' title='bbox 433 491 596 547; x_wconf 71' lang='lat' dir='ltr'><strong>nonnosum</strong></span> <span class='ocrx_word' id='word_1_4' title='bbox 614 492 704 548; x_wconf 71' lang='lat' dir='ltr'><strong>sese.</strong></span> <span class='ocrx_word' id='word_1_5' title='bbox 1040 491 1094 547; x_wconf 76' lang='lat' dir='ltr'><strong>aaa</strong></span> 
     </span>
     <span class='ocr_line' id='line_1_2' title="bbox 22 635 1094 702; baseline 0.003 -4"><span class='ocrx_word' id='word_1_6' title='bbox 22 645 126 700; x_wconf 79' lang='lat' dir='ltr'><strong>unctam</strong></span> <span class='ocrx_word' id='word_1_7' title='bbox 145 637 369 702; x_wconf 86' lang='lat' dir='ltr'><strong>renuntiatum</strong></span> <span class='ocrx_word' id='word_1_8' title='bbox 392 635 465 701; x_wconf 85' lang='lat' dir='ltr'><strong>luit.</strong></span> <span class='ocrx_word' id='word_1_9' title='bbox 489 635 647 700; x_wconf 87' lang='lat' dir='ltr'><strong>Nicolaus</strong></span> <span class='ocrx_word' id='word_1_10' title='bbox 661 635 709 700; x_wconf 91' lang='lat' dir='ltr'><strong>1v</strong></span> <span class='ocrx_word' id='word_1_11' title='bbox 733 657 812 700; x_wconf 87' lang='lat' dir='ltr'><strong>vero</strong></span> <span class='ocrx_word' id='word_1_12' title='bbox 828 635 984 701; x_wconf 78' lang='lat' dir='ltr'>Pontifex</span> <span class='ocrx_word' id='word_1_13' title='bbox 998 635 1094 702; x_wconf 87' lang='lat' dir='ltr'><strong>brevi</strong></span> 
     </span>
     <span class='ocr_line' id='line_1_3' title="bbox 10 732 1094 820; baseline 0.001 -22"><span class='ocrx_word' id='word_1_14' title='bbox 10 745 73 818; x_wconf 56' lang='lat' dir='ltr'><strong>,post</strong></span> <span class='ocrx_word' id='word_1_15' title='bbox 92 733 238 799; x_wconf 79' lang='lat' dir='ltr'><strong>videlicet</strong></span> <span class='ocrx_word' id='word_1_16' title='bbox 268 733 323 798; x_wconf 90' lang='lat' dir='ltr'><strong>die</strong></span> <span class='ocrx_word' id='word_1_17' title='bbox 345 735 385 798; x_wconf 84' lang='lat'><strong>4⁰</strong></span> <span class='ocrx_word' id='word_1_18' title='bbox 408 732 533 819; x_wconf 81' lang='lat' dir='ltr'><strong>Aprilis</strong></span> <span class='ocrx_word' id='word_1_19' title='bbox 556 735 636 798; x_wconf 88' lang='lat' dir='ltr'><strong>anni</strong></span> <span class='ocrx_word' id='word_1_20' title='bbox 662 733 758 815; x_wconf 77' lang='lat'><strong>1292,</strong></span> <span class='ocrx_word' id='word_1_21' title='bbox 791 733 880 798; x_wconf 91' lang='lat' dir='ltr'><strong>diem</strong></span> <span class='ocrx_word' id='word_1_22' title='bbox 903 752 1094 820; x_wconf 86' lang='lat' dir='ltr'><strong>supremum</strong></span> 
     </span>
     <span class='ocr_line' id='line_1_4' title="bbox 21 829 1093 919; baseline 0.003 -27"><span class='ocrx_word' id='word_1_23' title='bbox 21 829 79 896; x_wconf 79' lang='lat' dir='ltr'><strong>abiit</strong></span> <span class='ocrx_word' id='word_1_24' title='bbox 125 832 273 898; x_wconf 83' lang='lat' dir='ltr'><strong>Exornat</strong></span> <span class='ocrx_word' id='word_1_25' title='bbox 307 831 401 896; x_wconf 92' lang='lat' dir='ltr'><strong>illum</strong></span> <span class='ocrx_word' id='word_1_26' title='bbox 439 854 464 897; x_wconf 91' lang='lat' dir='ltr'><strong>s.</strong></span> <span class='ocrx_word' id='word_1_27' title='bbox 493 831 683 896; x_wconf 82' lang='lat' dir='ltr'><strong>Antoninus</strong></span> <span class='ocrx_word' id='word_1_28' title='bbox 720 830 823 896; x_wconf 91' lang='lat' dir='ltr'><strong>nobili</strong></span> <span class='ocrx_word' id='word_1_29' title='bbox 853 830 969 918; x_wconf 88' lang='lat' dir='ltr'><strong>elogio,</strong></span> <span class='ocrx_word' id='word_1_30' title='bbox 1005 831 1093 919; x_wconf 91' lang='lat' dir='ltr'><strong>quod</strong></span> 
     </span>
     <span class='ocr_line' id='line_1_5' title="bbox 19 929 1095 1016; baseline 0.003 -25"><span class='ocrx_word' id='word_1_31' title='bbox 19 932 96 1012; x_wconf 77' lang='lat' dir='ltr'><strong>prsis</strong></span> <span class='ocrx_word' id='word_1_32' title='bbox 115 931 222 996; x_wconf 87' lang='lat' dir='ltr'><strong>verbis</strong></span> <span class='ocrx_word' id='word_1_33' title='bbox 250 929 411 995; x_wconf 85' lang='lat' dir='ltr'><strong>absolvit:</strong></span> <span class='ocrx_word' id='word_1_34' title='bbox 449 931 628 1016; x_wconf 82' lang='lat' dir='ltr'><strong>Reputatus</strong></span> <span class='ocrx_word' id='word_1_35' title='bbox 655 940 759 994; x_wconf 82' lang='lat' dir='ltr'><strong>rectus</strong></span> <span class='ocrx_word' id='word_1_36' title='bbox 789 931 877 994; x_wconf 81' lang='lat' dir='ltr'><strong>bomo</strong></span> <span class='ocrx_word' id='word_1_37' title='bbox 907 941 938 996; x_wconf 87' lang='lat' dir='ltr'><strong>et</strong></span> <span class='ocrx_word' id='word_1_38' title='bbox 966 941 1095 996; x_wconf 81' lang='lat' dir='ltr'><strong>sunctae</strong></span> 
     </span>
     <span class='ocr_line' id='line_1_6' title="bbox 18 1025 1094 1114; baseline 0.001 -25"><span class='ocrx_word' id='word_1_39' title='bbox 18 1027 417 1114; x_wconf 50' lang='lat' dir='ltr'><strong>attentionem-Quae</strong></span> <span class='ocrx_word' id='word_1_40' title='bbox 441 1027 634 1093; x_wconf 78' lang='lat' dir='ltr'><strong>electionem</strong></span> <span class='ocrx_word' id='word_1_41' title='bbox 659 1050 684 1096; x_wconf 91' lang='lat' dir='ltr'><strong>a.</strong></span> <span class='ocrx_word' id='word_1_42' title='bbox 712 1025 882 1094; x_wconf 75' lang='lat' dir='ltr'><strong>Caelestini</strong></span> <span class='ocrx_word' id='word_1_43' title='bbox 910 1027 942 1092; x_wconf 80' lang='lat' dir='ltr'><strong><em>V</em></strong></span> <span class='ocrx_word' id='word_1_44' title='bbox 958 1027 1094 1114; x_wconf 85' lang='lat' dir='ltr'><strong>ejusque</strong></span> 
     </span>
     <span class='ocr_line' id='line_1_7' title="bbox 17 1124 1095 1212; baseline 0.003 -25"><span class='ocrx_word' id='word_1_45' title='bbox 17 1125 200 1206; x_wconf 85' lang='lat' dir='ltr'><strong>pontificatum</strong></span> <span class='ocrx_word' id='word_1_46' title='bbox 225 1135 386 1212; x_wconf 84' lang='lat' dir='ltr'><strong>spectant,</strong></span> <span class='ocrx_word' id='word_1_47' title='bbox 410 1127 457 1190; x_wconf 87' lang='lat' dir='ltr'><strong>ita</strong></span> <span class='ocrx_word' id='word_1_48' title='bbox 481 1147 557 1190; x_wconf 91' lang='lat' dir='ltr'><strong>oum</strong></span> <span class='ocrx_word' id='word_1_49' title='bbox 581 1125 746 1191; x_wconf 83' lang='lat' dir='ltr'><strong>Boniiacii</strong></span> <span class='ocrx_word' id='word_1_50' title='bbox 762 1124 847 1191; x_wconf 89' lang='lat' dir='ltr'>VIII</span> <span class='ocrx_word' id='word_1_51' title='bbox 863 1128 933 1190; x_wconf 88' lang='lat' dir='ltr'><strong>vita</strong></span> <span class='ocrx_word' id='word_1_52' title='bbox 947 1135 980 1190; x_wconf 91' lang='lat' dir='ltr'><strong>et</strong></span> <span class='ocrx_word' id='word_1_53' title='bbox 994 1126 1095 1210; x_wconf 90' lang='lat' dir='ltr'><strong>gestis</strong></span> 
     </span>
     <span class='ocr_line' id='line_1_8' title="bbox 17 1221 1095 1310; baseline 0.003 -26"><span class='ocrx_word' id='word_1_54' title='bbox 17 1221 160 1306; x_wconf 71' lang='lat' dir='ltr'><strong>cohaerent,</strong></span> <span class='ocrx_word' id='word_1_55' title='bbox 185 1235 222 1288; x_wconf 92' lang='lat' dir='ltr'><strong>ut</strong></span> <span class='ocrx_word' id='word_1_56' title='bbox 244 1223 288 1290; x_wconf 87' lang='lat' dir='ltr'><strong>ad</strong></span> <span class='ocrx_word' id='word_1_57' title='bbox 309 1233 502 1310; x_wconf 80' lang='lat' dir='ltr'><strong>sequentem</strong></span> <span class='ocrx_word' id='word_1_58' title='bbox 527 1223 792 1288; x_wconf 78' lang='lat' dir='ltr'><strong>dissertationem</strong></span> <span class='ocrx_word' id='word_1_59' title='bbox 815 1222 899 1288; x_wconf 91' lang='lat' dir='ltr'><strong>haec</strong></span> <span class='ocrx_word' id='word_1_60' title='bbox 922 1221 1095 1288; x_wconf 80' lang='lat' dir='ltr'><strong>referenda</strong></span> 
     </span>
     <span class='ocr_line' id='line_1_9' title="bbox 15 1320 1007 1387; baseline 0.008 -5"><span class='ocrx_word' id='word_1_61' title='bbox 15 1339 59 1382; x_wconf 81' lang='lat' dir='ltr'><strong>esse</strong></span> <span class='ocrx_word' id='word_1_62' title='bbox 77 1322 254 1387; x_wconf 78' lang='lat' dir='ltr'><strong>videantur.</strong></span> <span class='ocrx_word' id='word_1_63' title='bbox 1002 1320 1007 1332; x_wconf 84' lang='grc'><em>’</em></span> 
     </span>
     <span class='ocr_line' id='line_1_10' title="bbox 74 1411 1246 1504; baseline 0.001 -21"><span class='ocrx_word' id='word_1_64' title='bbox 74 1419 136 1486; x_wconf 85' lang='grc'><strong>134.</strong></span> <span class='ocrx_word' id='word_1_65' title='bbox 159 1419 390 1484; x_wconf 85' lang='lat' dir='ltr'><strong>Percurrimus</strong></span> <span class='ocrx_word' id='word_1_66' title='bbox 414 1411 448 1484; x_wconf 87' lang='lat' dir='ltr'><strong>in</strong></span> <span class='ocrx_word' id='word_1_67' title='bbox 474 1417 538 1483; x_wconf 89' lang='lat' dir='ltr'><strong>hac</strong></span> <span class='ocrx_word' id='word_1_68' title='bbox 554 1417 785 1482; x_wconf 71' lang='lat' dir='ltr'><strong>dissertatione</strong></span> <span class='ocrx_word' id='word_1_69' title='bbox 807 1440 847 1482; x_wconf 91' lang='lat' dir='ltr'><strong>ae</strong></span> <span class='ocrx_word' id='word_1_70' title='bbox 870 1411 1094 1504; x_wconf 86' lang='lat' dir='ltr'><strong>praecedenti·</strong></span> <span class='ocrx_word' id='word_1_71' title='bbox 1118 1434 1246 1476; x_wconf 68' lang='lat' dir='ltr'><strong>ceroma·</strong></span> 
     </span>
    </p>

    <p class='ocr_par' dir='ltr' id='par_1_2' title="bbox 11 1509 1159 3660">
     <span class='ocr_line' id='line_1_11' title="bbox 11 1509 1095 1604; baseline 0.004 -28"><span class='ocrx_word' id='word_1_72' title='bbox 11 1509 53 1578; x_wconf 82' lang='lat' dir='ltr'><strong>tu</strong></span> <span class='ocrx_word' id='word_1_73' title='bbox 69 1539 100 1580; x_wconf 87' lang='lat' dir='ltr'><strong>ea</strong></span> <span class='ocrx_word' id='word_1_74' title='bbox 121 1528 278 1604; x_wconf 88' lang='lat' dir='ltr'><strong>tempora,</strong></span> <span class='ocrx_word' id='word_1_75' title='bbox 303 1516 424 1603; x_wconf 90' lang='lat' dir='ltr'><strong>quibus</strong></span> <span class='ocrx_word' id='word_1_76' title='bbox 448 1519 629 1581; x_wconf 85' lang='lat' dir='ltr'><strong>auctoritas</strong></span> <span class='ocrx_word' id='word_1_77' title='bbox 653 1528 686 1579; x_wconf 91' lang='lat' dir='ltr'><strong>et</strong></span> <span class='ocrx_word' id='word_1_78' title='bbox 708 1516 864 1602; x_wconf 88' lang='lat' dir='ltr'><strong>majestas</strong></span> <span class='ocrx_word' id='word_1_79' title='bbox 887 1515 984 1580; x_wconf 89' lang='lat' dir='ltr'><strong>Sedis</strong></span> <span class='ocrx_word' id='word_1_80' title='bbox 1007 1515 1095 1604; x_wconf 86' lang='lat' dir='ltr'><strong>Apo-</strong></span> 
     </span>
     <span class='ocr_line' id='line_1_12' title="bbox 12 1611 1095 1700; baseline 0.006 -27"><span class='ocrx_word' id='word_1_81' title='bbox 12 1611 108 1677; x_wconf 78' lang='lat' dir='ltr'><strong>dolicae</strong></span> <span class='ocrx_word' id='word_1_82' title='bbox 129 1635 257 1680; x_wconf 90' lang='lat' dir='ltr'><strong>summo</strong></span> <span class='ocrx_word' id='word_1_83' title='bbox 282 1637 358 1680; x_wconf 90' lang='lat' dir='ltr'><strong>cum</strong></span> <span class='ocrx_word' id='word_1_84' title='bbox 382 1614 557 1700; x_wconf 88' lang='lat' dir='ltr'><strong>splendore</strong></span> <span class='ocrx_word' id='word_1_85' title='bbox 581 1612 713 1680; x_wconf 80' lang='lat' dir='ltr'><strong>effulsit</strong></span> <span class='ocrx_word' id='word_1_86' title='bbox 764 1612 903 1678; x_wconf 89' lang='lat' dir='ltr'><strong>Saeculo</strong></span> <span class='ocrx_word' id='word_1_87' title='bbox 927 1616 1016 1679; x_wconf 90' lang='lat' dir='ltr'><strong>euim</strong></span> <span class='ocrx_word' id='word_1_88' title='bbox 1040 1614 1095 1681; x_wconf 92' lang='lat' dir='ltr'><strong>de-</strong></span> 
     </span>
     <span class='ocr_line' id='line_1_13' title="bbox 13 1709 1093 1798; baseline 0.009 -28"><span class='ocrx_word' id='word_1_89' title='bbox 13 1709 153 1777; x_wconf 80' lang='lat' dir='ltr'><strong>cimotertio</strong></span> <span class='ocrx_word' id='word_1_90' title='bbox 168 1715 316 1778; x_wconf 88' lang='lat' dir='ltr'><strong>maxime</strong></span> <span class='ocrx_word' id='word_1_91' title='bbox 332 1712 514 1798; x_wconf 86' lang='lat' dir='ltr'><strong>adimpleta</strong></span> <span class='ocrx_word' id='word_1_92' title='bbox 530 1721 563 1776; x_wconf 91' lang='lat' dir='ltr'><strong>et</strong></span> <span class='ocrx_word' id='word_1_93' title='bbox 578 1710 794 1798; x_wconf 87' lang='lat' dir='ltr'><strong>comprobata</strong></span> <span class='ocrx_word' id='word_1_94' title='bbox 817 1722 894 1776; x_wconf 90' lang='lat' dir='ltr'><strong>sunt</strong></span> <span class='ocrx_word' id='word_1_95' title='bbox 907 1711 964 1776; x_wconf 89' lang='lat' dir='ltr'><strong>illa</strong></span> <span class='ocrx_word' id='word_1_96' title='bbox 980 1712 1093 1795; x_wconf 83' lang='lat' dir='ltr'><strong>verba,</strong></span> 
     </span>
     <span class='ocr_line' id='line_1_14' title="bbox 12 1805 1093 1896; baseline 0.007 -26"><span class='ocrx_word' id='word_1_97' title='bbox 12 1805 96 1892; x_wconf 81' lang='lat' dir='ltr'><strong>qubus</strong></span> <span class='ocrx_word' id='word_1_98' title='bbox 118 1811 189 1896; x_wconf 86' lang='lat' dir='ltr'><strong>jam</strong></span> <span class='ocrx_word' id='word_1_99' title='bbox 219 1832 277 1876; x_wconf 91' lang='lat' dir='ltr'><strong>suo</strong></span> <span class='ocrx_word' id='word_1_100' title='bbox 305 1821 453 1896; x_wconf 90' lang='lat' dir='ltr'><strong>tempore</strong></span> <span class='ocrx_word' id='word_1_101' title='bbox 484 1833 508 1878; x_wconf 91' lang='lat' dir='ltr'><strong>s.</strong></span> <span class='ocrx_word' id='word_1_102' title='bbox 533 1810 602 1874; x_wconf 91' lang='lat' dir='ltr'><strong>Leo</strong></span> <span class='ocrx_word' id='word_1_103' title='bbox 635 1809 778 1894; x_wconf 89' lang='lat' dir='ltr'><strong>Magnus</strong></span> <span class='ocrx_word' id='word_1_104' title='bbox 801 1807 940 1874; x_wconf 80' lang='lat' dir='ltr'><strong>Romam</strong></span> <span class='ocrx_word' id='word_1_105' title='bbox 971 1811 1093 1896; x_wconf 87' lang='lat' dir='ltr'><strong>evehit,</strong></span> 
     </span>
     <span class='ocr_line' id='line_1_15' title="bbox 12 1901 1093 1996; baseline 0.007 -28"><span class='ocrx_word' id='word_1_106' title='bbox 12 1901 62 1968; x_wconf 81' lang='lat' dir='ltr'><strong>lun</strong></span> <span class='ocrx_word' id='word_1_107' title='bbox 88 1929 124 1975; x_wconf 89' lang='lat' dir='ltr'><strong>ss.</strong></span> <span class='ocrx_word' id='word_1_108' title='bbox 148 1908 384 1996; x_wconf 81' lang='lat' dir='ltr'><strong>Apostolorum</strong></span> <span class='ocrx_word' id='word_1_109' title='bbox 415 1908 506 1973; x_wconf 86' lang='lat' dir='ltr'><strong>Petri</strong></span> <span class='ocrx_word' id='word_1_110' title='bbox 537 1917 569 1973; x_wconf 91' lang='lat' dir='ltr'><strong>et</strong></span> <span class='ocrx_word' id='word_1_111' title='bbox 598 1907 694 1972; x_wconf 86' lang='lat' dir='ltr'><strong>Pauli</strong></span> <span class='ocrx_word' id='word_1_112' title='bbox 730 1909 882 1972; x_wconf 87' lang='lat' dir='ltr'><strong>encomia</strong></span> <span class='ocrx_word' id='word_1_113' title='bbox 913 1909 1093 1993; x_wconf 86' lang='lat' dir='ltr'><strong>celebrans,</strong></span> 
     </span>
     <span class='ocr_line' id='line_1_16' title="bbox 12 2000 1095 2096; baseline 0.008 -30"><span class='ocrx_word' id='word_1_114' title='bbox 12 2000 70 2067; x_wconf 87' lang='lat' dir='ltr'><strong>lisce</strong></span> <span class='ocrx_word' id='word_1_115' title='bbox 89 2005 210 2073; x_wconf 89' lang='lat' dir='ltr'><strong>Urbem</strong></span> <span class='ocrx_word' id='word_1_116' title='bbox 234 2007 431 2094; x_wconf 86' lang='lat' dir='ltr'><strong>alloquitur:</strong></span> <span class='ocrx_word' id='word_1_117' title='bbox 463 2007 523 2071; x_wconf 86' lang='lat' dir='ltr'><strong>Isti</strong></span> <span class='ocrx_word' id='word_1_118' title='bbox 545 2017 628 2085; x_wconf 80' lang='lat' dir='ltr'><strong>aaut,</strong></span> <span class='ocrx_word' id='word_1_119' title='bbox 652 2007 707 2092; x_wconf 82' lang='lat' dir='ltr'><strong>qai</strong></span> <span class='ocrx_word' id='word_1_120' title='bbox 730 2017 758 2070; x_wconf 85' lang='lat' dir='ltr'><strong>te</strong></span> <span class='ocrx_word' id='word_1_121' title='bbox 787 2007 832 2070; x_wconf 88' lang='lat' dir='ltr'><strong>ad</strong></span> <span class='ocrx_word' id='word_1_122' title='bbox 853 2009 932 2072; x_wconf 80' lang='lat' dir='ltr'><strong>bunc</strong></span> <span class='ocrx_word' id='word_1_123' title='bbox 960 2009 1095 2096; x_wconf 67' lang='lat' dir='ltr'><strong>gloriam</strong></span> 
     </span>
     <span class='ocr_line' id='line_1_17' title="bbox 12 2103 1094 2192; baseline 0.006 -26"><span class='ocrx_word' id='word_1_124' title='bbox 12 2117 189 2186; x_wconf 60' lang='lat' dir='ltr'><strong>peceant,</strong></span> <span class='ocrx_word' id='word_1_125' title='bbox 220 2118 352 2192; x_wconf 73' lang='lat' dir='ltr'><strong>atqcue</strong></span> <span class='ocrx_word' id='word_1_126' title='bbox 380 2117 502 2187; x_wconf 79' lang='lat' dir='ltr'><strong>sancto,</strong></span> <span class='ocrx_word' id='word_1_127' title='bbox 527 2103 671 2191; x_wconf 83' lang='lat' dir='ltr'><strong>populus</strong></span> <span class='ocrx_word' id='word_1_128' title='bbox 695 2103 819 2188; x_wconf 86' lang='lat' dir='ltr'><strong>electus,</strong></span> <span class='ocrx_word' id='word_1_129' title='bbox 851 2107 964 2173; x_wconf 79' lang='lat' dir='ltr'><strong>ciuitas</strong></span> <span class='ocrx_word' id='word_1_130' title='bbox 995 2131 1094 2173; x_wconf 83' lang='lat' dir='ltr'><strong>socer·</strong></span> 
     </span>
     <span class='ocr_line' id='line_1_18' title="bbox 13 2193 1093 2292; baseline 0.005 -28"><span class='ocrx_word' id='word_1_131' title='bbox 13 2193 92 2266; x_wconf 65' lang='lat' dir='ltr'><strong>ttulit</strong></span> <span class='ocrx_word' id='word_1_132' title='bbox 111 2215 140 2267; x_wconf 84' lang='lat' dir='ltr'><strong>et</strong></span> <span class='ocrx_word' id='word_1_133' title='bbox 161 2208 263 2290; x_wconf 74' lang='lat' dir='ltr'><strong>rapio,</strong></span> <span class='ocrx_word' id='word_1_134' title='bbox 281 2229 345 2292; x_wconf 80' lang='lat' dir='ltr'><strong>per</strong></span> <span class='ocrx_word' id='word_1_135' title='bbox 367 2227 491 2268; x_wconf 66' lang='lat' dir='ltr'><strong>sumam</strong></span> <span class='ocrx_word' id='word_1_136' title='bbox 512 2205 610 2268; x_wconf 84' lang='lat' dir='ltr'><strong>Beati</strong></span> <span class='ocrx_word' id='word_1_137' title='bbox 633 2205 721 2267; x_wconf 78' lang='lat' dir='ltr'><strong>Petri</strong></span> <span class='ocrx_word' id='word_1_138' title='bbox 744 2202 855 2269; x_wconf 68' lang='lat' dir='ltr'><strong>&amp;dem</strong></span> <span class='ocrx_word' id='word_1_139' title='bbox 885 2205 983 2269; x_wconf 84' lang='lat' dir='ltr'><strong>latius</strong></span> <span class='ocrx_word' id='word_1_140' title='bbox 999 2227 1093 2292; x_wconf 84' lang='lat' dir='ltr'><strong>prae·</strong></span> 
     </span>
     <span class='ocr_line' id='line_1_19' title="bbox 14 2293 1096 2388; baseline 0.004 -26"><span class='ocrx_word' id='word_1_141' title='bbox 14 2293 92 2364; x_wconf 72' lang='lat' dir='ltr'><strong>t&#39;lses</strong></span> <span class='ocrx_word' id='word_1_142' title='bbox 110 2302 264 2388; x_wconf 79' lang='lat' dir='ltr'><strong>reliqiene</strong></span> <span class='ocrx_word' id='word_1_143' title='bbox 288 2302 409 2386; x_wconf 82' lang='lat' dir='ltr'><strong>diviua,</strong></span> <span class='ocrx_word' id='word_1_144' title='bbox 434 2326 528 2388; x_wconf 85' lang='lat' dir='ltr'><strong>qaam</strong></span> <span class='ocrx_word' id='word_1_145' title='bbox 542 2301 758 2366; x_wconf 77' lang='lat' dir='ltr'><strong>dominatione</strong></span> <span class='ocrx_word' id='word_1_146' title='bbox 775 2313 911 2367; x_wconf 76' lang='lat' dir='ltr'><strong>terreae.</strong></span> <span class='ocrx_word' id='word_1_147' title='bbox 945 2301 1096 2376; x_wconf 81' lang='lat' dir='ltr'><strong>Quamuis</strong></span> 
     </span>
     <span class='ocr_line' id='line_1_20' title="bbox 13 2395 1095 2490; baseline 0.006 -31"><span class='ocrx_word' id='word_1_148' title='bbox 13 2395 58 2458; x_wconf 73' lang='lat' dir='ltr'><strong>aab</strong></span> <span class='ocrx_word' id='word_1_149' title='bbox 78 2399 179 2464; x_wconf 67' lang='lat' dir='ltr'><strong>malda</strong></span> <span class='ocrx_word' id='word_1_150' title='bbox 205 2413 301 2465; x_wconf 83' lang='lat' dir='ltr'><strong>aucta</strong></span> <span class='ocrx_word' id='word_1_151' title='bbox 331 2402 485 2480; x_wconf 80' lang='lat' dir='ltr'><strong>victoriis,</strong></span> <span class='ocrx_word' id='word_1_152' title='bbox 511 2405 570 2490; x_wconf 87' lang='lat' dir='ltr'><strong>jus</strong></span> <span class='ocrx_word' id='word_1_153' title='bbox 601 2402 730 2486; x_wconf 71' lang='lat' dir='ltr'><strong>imperii</strong></span> <span class='ocrx_word' id='word_1_154' title='bbox 760 2402 807 2464; x_wconf 86' lang='lat' dir='ltr'><strong>tui</strong></span> <span class='ocrx_word' id='word_1_155' title='bbox 836 2410 923 2464; x_wconf 79' lang='lat' dir='ltr'><strong>terro</strong></span> <span class='ocrx_word' id='word_1_156' title='bbox 954 2403 1095 2487; x_wconf 77' lang='lat' dir='ltr'><strong>murique</strong></span> 
     </span>
     <span class='ocr_line' id='line_1_21' title="bbox 14 2495 1094 2584; baseline 0.006 -27"><span class='ocrx_word' id='word_1_157' title='bbox 14 2495 157 2562; x_wconf 74' lang='lat' dir='ltr'><strong>attuleris:</strong></span> <span class='ocrx_word' id='word_1_158' title='bbox 181 2499 287 2562; x_wconf 83' lang='lat' dir='ltr'><strong>minas</strong></span> <span class='ocrx_word' id='word_1_159' title='bbox 311 2510 415 2562; x_wconf 84' lang='lat' dir='ltr'><strong>tamea</strong></span> <span class='ocrx_word' id='word_1_160' title='bbox 434 2509 488 2583; x_wconf 84' lang='lat' dir='ltr'><strong>est,</strong></span> <span class='ocrx_word' id='word_1_161' title='bbox 512 2497 597 2584; x_wconf 85' lang='lat' dir='ltr'><strong>quod</strong></span> <span class='ocrx_word' id='word_1_162' title='bbox 620 2497 679 2562; x_wconf 84' lang='lat' dir='ltr'><strong>tibi</strong></span> <span class='ocrx_word' id='word_1_163' title='bbox 693 2496 823 2562; x_wconf 82' lang='lat' dir='ltr'><strong>bellicus</strong></span> <span class='ocrx_word' id='word_1_164' title='bbox 837 2497 929 2562; x_wconf 83' lang='lat' dir='ltr'><strong>labor</strong></span> <span class='ocrx_word' id='word_1_165' title='bbox 941 2497 1094 2584; x_wconf 73' lang='lat' dir='ltr'><strong>subdidit,</strong></span> 
     </span>
     <span class='ocr_line' id='line_1_22' title="bbox 14 2591 1094 2685; baseline 0.006 -30"><span class='ocrx_word' id='word_1_166' title='bbox 14 2607 68 2670; x_wconf 64' lang='lat' dir='ltr'><strong>pari</strong></span> <span class='ocrx_word' id='word_1_167' title='bbox 87 2598 169 2680; x_wconf 84' lang='lat' dir='ltr'><strong>quod</strong></span> <span class='ocrx_word' id='word_1_168' title='bbox 186 2619 261 2684; x_wconf 75' lang='lat' dir='ltr'><strong>pas</strong></span> <span class='ocrx_word' id='word_1_169' title='bbox 275 2596 450 2660; x_wconf 76' lang='lat' dir='ltr'><strong>christiano</strong></span> <span class='ocrx_word' id='word_1_170' title='bbox 464 2595 636 2685; x_wconf 78' lang='lat' dir='ltr'><strong>uabjeeit.¹)</strong></span> <span class='ocrx_word' id='word_1_171' title='bbox 664 2595 742 2680; x_wconf 87' lang='lat' dir='ltr'><strong>lats,</strong></span> <span class='ocrx_word' id='word_1_172' title='bbox 760 2597 906 2681; x_wconf 86' lang='lat' dir='ltr'><strong>inquam,</strong></span> <span class='ocrx_word' id='word_1_173' title='bbox 923 2618 964 2660; x_wconf 87' lang='lat' dir='ltr'><strong>ea</strong></span> <span class='ocrx_word' id='word_1_174' title='bbox 977 2591 1094 2684; x_wconf 83' lang='lat' dir='ltr'><strong>aetate,</strong></span> 
     </span>
     <span class='ocr_line' id='line_1_23' title="bbox 15 2690 1094 2779; baseline 0.006 -27"><span class='ocrx_word' id='word_1_175' title='bbox 15 2690 83 2772; x_wconf 76' lang='lat' dir='ltr'><strong>{suad</strong></span> <span class='ocrx_word' id='word_1_176' title='bbox 103 2693 273 2758; x_wconf 84' lang='lat' dir='ltr'><strong>influxnm</strong></span> <span class='ocrx_word' id='word_1_177' title='bbox 295 2693 467 2778; x_wconf 88' lang='lat' dir='ltr'><strong>religionis</strong></span> <span class='ocrx_word' id='word_1_178' title='bbox 498 2694 532 2759; x_wconf 92' lang='lat' dir='ltr'><strong>in</strong></span> <span class='ocrx_word' id='word_1_179' title='bbox 565 2695 757 2757; x_wconf 83' lang='lat' dir='ltr'><strong>societatem</strong></span> <span class='ocrx_word' id='word_1_180' title='bbox 787 2714 918 2779; x_wconf 90' lang='lat' dir='ltr'><strong>qnoque</strong></span> <span class='ocrx_word' id='word_1_181' title='bbox 951 2693 1094 2776; x_wconf 86' lang='lat' dir='ltr'><strong>civilem,</strong></span> 
     </span>
     <span class='ocr_line' id='line_1_24' title="bbox 15 2789 1095 2872; baseline 0.006 -22"><span class='ocrx_word' id='word_1_182' title='bbox 15 2789 113 2854; x_wconf 83' lang='lat' dir='ltr'><strong>tsrime</strong></span> <span class='ocrx_word' id='word_1_183' title='bbox 137 2791 266 2856; x_wconf 85' lang='lat' dir='ltr'><strong>valent.</strong></span> <span class='ocrx_word' id='word_1_184' title='bbox 289 2830 332 2839; x_wconf 96' lang='lat'>—</span> <span class='ocrx_word' id='word_1_185' title='bbox 357 2790 666 2856; x_wconf 80' lang='lat' dir='ltr'><strong>Animadvertimus</strong></span> <span class='ocrx_word' id='word_1_186' title='bbox 696 2799 817 2872; x_wconf 88' lang='lat' dir='ltr'><strong>autem,</strong></span> <span class='ocrx_word' id='word_1_187' title='bbox 850 2813 964 2856; x_wconf 87' lang='lat' dir='ltr'><strong>versus</strong></span> <span class='ocrx_word' id='word_1_188' title='bbox 994 2792 1095 2858; x_wconf 86' lang='lat' dir='ltr'><strong>finem</strong></span> 
     </span>
     <span class='ocr_line' id='line_1_25' title="bbox 17 2883 1159 2974; baseline 0.004 -24"><span class='ocrx_word' id='word_1_189' title='bbox 17 2883 73 2966; x_wconf 78' lang='lat' dir='ltr'><strong>aja</strong></span> <span class='ocrx_word' id='word_1_190' title='bbox 103 2887 230 2954; x_wconf 83' lang='lat' dir='ltr'><strong>saeculi</strong></span> <span class='ocrx_word' id='word_1_191' title='bbox 253 2891 356 2954; x_wconf 88' lang='lat' dir='ltr'><strong>variis</strong></span> <span class='ocrx_word' id='word_1_192' title='bbox 387 2888 563 2954; x_wconf 86' lang='lat' dir='ltr'><strong>eventibus</strong></span> <span class='ocrx_word' id='word_1_193' title='bbox 593 2887 746 2974; x_wconf 81' lang='lat' dir='ltr'><strong>politicis,</strong></span> <span class='ocrx_word' id='word_1_194' title='bbox 778 2886 1026 2973; x_wconf 75' lang='lat' dir='ltr'><strong>perturbatione</strong></span> <span class='ocrx_word' id='word_1_195' title='bbox 1060 2891 1095 2955; x_wconf 95' lang='lat' dir='ltr'><strong>in</strong></span> <span class='ocrx_word' id='word_1_196' title='bbox 1155 2945 1159 2954; x_wconf 92' lang='lat'>.</span> 
     </span>
     <span class='ocr_line' id='line_1_26' title="bbox 15 2979 1095 3073; baseline 0.005 -27"><span class='ocrx_word' id='word_1_197' title='bbox 15 2979 69 3046; x_wconf 71' lang='lat' dir='ltr'><strong>tiis</strong></span> <span class='ocrx_word' id='word_1_198' title='bbox 84 2985 209 3070; x_wconf 83' lang='lat' dir='ltr'><strong>oborta,</strong></span> <span class='ocrx_word' id='word_1_199' title='bbox 235 2986 333 3051; x_wconf 89' lang='lat' dir='ltr'><strong>celeri</strong></span> <span class='ocrx_word' id='word_1_200' title='bbox 350 2997 454 3051; x_wconf 88' lang='lat' dir='ltr'><strong>morte</strong></span> <span class='ocrx_word' id='word_1_201' title='bbox 474 3009 514 3051; x_wconf 89' lang='lat' dir='ltr'><strong>ao</strong></span> <span class='ocrx_word' id='word_1_202' title='bbox 530 2987 694 3073; x_wconf 87' lang='lat' dir='ltr'><strong>frequenti</strong></span> <span class='ocrx_word' id='word_1_203' title='bbox 710 2988 879 3050; x_wconf 84' lang='lat' dir='ltr'><strong>variorum</strong></span> <span class='ocrx_word' id='word_1_204' title='bbox 894 2985 1095 3052; x_wconf 90' lang='lat' dir='ltr'><strong>Pontificum</strong></span> 
     </span>
     <span class='ocr_line' id='line_1_27' title="bbox 16 3082 1094 3169; baseline 0.007 -28"><span class='ocrx_word' id='word_1_205' title='bbox 16 3085 187 3166; x_wconf 81' lang='lat' dir='ltr'><strong>tcoeasione,</strong></span> <span class='ocrx_word' id='word_1_206' title='bbox 225 3082 455 3150; x_wconf 72' lang='lat' dir='ltr'><strong>cardinalium</strong></span> <span class='ocrx_word' id='word_1_207' title='bbox 479 3085 684 3150; x_wconf 90' lang='lat' dir='ltr'><strong>dissensione</strong></span> <span class='ocrx_word' id='word_1_208' title='bbox 716 3093 750 3148; x_wconf 89' lang='lat' dir='ltr'><strong>et</strong></span> <span class='ocrx_word' id='word_1_209' title='bbox 772 3084 875 3148; x_wconf 87' lang='lat' dir='ltr'><strong>variis</strong></span> <span class='ocrx_word' id='word_1_210' title='bbox 905 3084 1094 3169; x_wconf 86' lang='lat' dir='ltr'><strong>tendentiis,</strong></span> 
     </span>
     <span class='ocr_line' id='line_1_28' title="bbox 15 3169 1096 3268; baseline 0.004 -25"><span class='ocrx_word' id='word_1_211' title='bbox 15 3169 109 3264; x_wconf 81' lang='lat' dir='ltr'><strong>lisque</strong></span> <span class='ocrx_word' id='word_1_212' title='bbox 144 3203 188 3246; x_wconf 89' lang='lat' dir='ltr'><strong>ex</strong></span> <span class='ocrx_word' id='word_1_213' title='bbox 226 3184 350 3265; x_wconf 87' lang='lat' dir='ltr'><strong>causis,</strong></span> <span class='ocrx_word' id='word_1_214' title='bbox 386 3181 577 3247; x_wconf 89' lang='lat' dir='ltr'><strong>obumbrari</strong></span> <span class='ocrx_word' id='word_1_215' title='bbox 606 3180 845 3268; x_wconf 88' lang='lat' dir='ltr'><strong>aliquantisper</strong></span> <span class='ocrx_word' id='word_1_216' title='bbox 874 3181 967 3246; x_wconf 90' lang='lat' dir='ltr'><strong>illum</strong></span> <span class='ocrx_word' id='word_1_217' title='bbox 999 3181 1096 3248; x_wconf 89' lang='lat' dir='ltr'><strong>Sedis</strong></span> 
     </span>
     <span class='ocr_line' id='line_1_29' title="bbox 15 3277 1096 3366; baseline 0.006 -27"><span class='ocrx_word' id='word_1_218' title='bbox 15 3277 181 3356; x_wconf 76' lang='lat' dir='ltr'><strong>postolicae</strong></span> <span class='ocrx_word' id='word_1_219' title='bbox 199 3279 419 3366; x_wconf 88' lang='lat' dir='ltr'><strong>splendorem,</strong></span> <span class='ocrx_word' id='word_1_220' title='bbox 435 3303 474 3345; x_wconf 86' lang='lat' dir='ltr'><strong>sc</strong></span> <span class='ocrx_word' id='word_1_221' title='bbox 490 3280 594 3345; x_wconf 87' lang='lat' dir='ltr'><strong>veluti</strong></span> <span class='ocrx_word' id='word_1_222' title='bbox 610 3281 791 3365; x_wconf 84' lang='lat' dir='ltr'><strong>praesagiri</strong></span> <span class='ocrx_word' id='word_1_223' title='bbox 806 3279 912 3344; x_wconf 84' lang='lat' dir='ltr'><strong>luctas</strong></span> <span class='ocrx_word' id='word_1_224' title='bbox 926 3283 1096 3366; x_wconf 86' lang='lat' dir='ltr'><strong>graviores</strong></span> 
     </span>
     <span class='ocr_line' id='line_1_30' title="bbox 15 3371 1095 3466; baseline 0.01 -34"><span class='ocrx_word' id='word_1_225' title='bbox 15 3371 222 3443; x_wconf 85' lang='lat' dir='ltr'><strong>ldiscrimina</strong></span> <span class='ocrx_word' id='word_1_226' title='bbox 244 3377 451 3443; x_wconf 89' lang='lat' dir='ltr'><strong>saeculorum</strong></span> <span class='ocrx_word' id='word_1_227' title='bbox 475 3381 695 3466; x_wconf 89' lang='lat' dir='ltr'><strong>sequentium.</strong></span> <span class='ocrx_word' id='word_1_228' title='bbox 730 3377 786 3443; x_wconf 85' lang='lat' dir='ltr'><strong>Ad</strong></span> <span class='ocrx_word' id='word_1_229' title='bbox 803 3399 842 3442; x_wconf 90' lang='lat' dir='ltr'><strong>ea</strong></span> <span class='ocrx_word' id='word_1_230' title='bbox 857 3387 1005 3464; x_wconf 88' lang='lat' dir='ltr'><strong>tempora</strong></span> <span class='ocrx_word' id='word_1_231' title='bbox 1023 3378 1095 3464; x_wconf 89' lang='lat' dir='ltr'><strong>jam</strong></span> 
     </span>
     <span class='ocr_line' id='line_1_31' title="bbox 16 3473 1095 3562; baseline 0.009 -30"><span class='ocrx_word' id='word_1_232' title='bbox 16 3473 170 3558; x_wconf 79' lang='lat' dir='ltr'><strong>oredimus,</strong></span> <span class='ocrx_word' id='word_1_233' title='bbox 186 3475 452 3562; x_wconf 87' lang='lat' dir='ltr'><strong>videbimusque,</strong></span> <span class='ocrx_word' id='word_1_234' title='bbox 466 3478 567 3541; x_wconf 88' lang='lat' dir='ltr'><strong>etiam</strong></span> <span class='ocrx_word' id='word_1_235' title='bbox 582 3477 618 3541; x_wconf 93' lang='lat' dir='ltr'><strong>in</strong></span> <span class='ocrx_word' id='word_1_236' title='bbox 634 3477 705 3540; x_wconf 88' lang='lat' dir='ltr'><strong>istis</strong></span> <span class='ocrx_word' id='word_1_237' title='bbox 720 3476 875 3561; x_wconf 89' lang='lat' dir='ltr'><strong>periculis</strong></span> <span class='ocrx_word' id='word_1_238' title='bbox 892 3475 1095 3542; x_wconf 80' lang='lat' dir='ltr'><strong>manifestari</strong></span> 
     </span>
     <span class='ocr_line' id='line_1_32' title="bbox 16 3563 1095 3660; baseline 0.005 -26"><span class='ocrx_word' id='word_1_239' title='bbox 16 3563 118 3636; x_wconf 80' lang='lat' dir='ltr'><strong>lvinam</strong></span> <span class='ocrx_word' id='word_1_240' title='bbox 134 3573 230 3638; x_wconf 80' lang='lat' dir='ltr'><strong>illam</strong></span> <span class='ocrx_word' id='word_1_241' title='bbox 240 3575 407 3656; x_wconf 87' lang='lat' dir='ltr'><strong>virtutem,</strong></span> <span class='ocrx_word' id='word_1_242' title='bbox 419 3595 485 3660; x_wconf 91' lang='lat' dir='ltr'><strong>qua</strong></span> <span class='ocrx_word' id='word_1_243' title='bbox 496 3571 647 3638; x_wconf 81' lang='lat' dir='ltr'><strong>Christus</strong></span> <span class='ocrx_word' id='word_1_244' title='bbox 657 3573 843 3638; x_wconf 80' lang='lat' dir='ltr'><strong>Ecclesiam</strong></span> <span class='ocrx_word' id='word_1_245' title='bbox 857 3594 957 3659; x_wconf 90' lang='lat' dir='ltr'><strong>super</strong></span> <span class='ocrx_word' id='word_1_246' title='bbox 967 3582 1095 3659; x_wconf 89' lang='lat' dir='ltr'><strong>petram</strong></span> 
     </span>
    </p>
   </div>
   <div class='ocr_carea' id='block_1_2' title="bbox 14 3663 1095 3835">
    <p class='ocr_par' dir='ltr' id='par_1_3' title="bbox 14 3663 1095 3835">
     <span class='ocr_line' id='line_1_33' title="bbox 15 3663 1095 3758; baseline 0.005 -27"><span class='ocrx_word' id='word_1_247' title='bbox 15 3663 178 3736; x_wconf 82' lang='lat' dir='ltr'><strong>tlifieatam</strong></span> <span class='ocrx_word' id='word_1_248' title='bbox 212 3673 364 3757; x_wconf 82' lang='lat' dir='ltr'><strong>protegit,</strong></span> <span class='ocrx_word' id='word_1_249' title='bbox 396 3693 438 3736; x_wconf 95' lang='lat' dir='ltr'><strong>ne</strong></span> <span class='ocrx_word' id='word_1_250' title='bbox 469 3683 584 3758; x_wconf 82' lang='lat' dir='ltr'><strong>portae</strong></span> <span class='ocrx_word' id='word_1_251' title='bbox 608 3671 705 3736; x_wconf 86' lang='lat' dir='ltr'><strong>inferi</strong></span> <span class='ocrx_word' id='word_1_252' title='bbox 736 3672 951 3758; x_wconf 84' lang='lat' dir='ltr'><strong>praevaleant</strong></span> <span class='ocrx_word' id='word_1_253' title='bbox 981 3671 1095 3736; x_wconf 88' lang='lat' dir='ltr'><strong>adver-</strong></span> 
     </span>
     <span class='ocr_line' id='line_1_34' title="bbox 14 3772 130 3835; baseline 0.103 -11"><span class='ocrx_word' id='word_1_254' title='bbox 14 3772 130 3835; x_wconf 72' lang='lat' dir='ltr'><strong>neam.</strong></span> 
     </span>
    </p>
   </div>
   <div class='ocr_carea' id='block_1_3' title="bbox 15 3884 183 3904">
    <p class='ocr_par' dir='ltr' id='par_1_4' title="bbox 15 3884 183 3904">
     <span class='ocr_line' id='line_1_35' title="bbox 15 3884 183 3904; baseline 0 0"><span class='ocrx_word' id='word_1_255' title='bbox 15 3884 183 3904; x_wconf 45' lang='lat' dir='ltr'><strong>*u*</strong></span> 
     </span>
    </p>
   </div>
   <div class='ocr_carea' id='block_1_4' title="bbox 52 3942 671 4082">
    <p class='ocr_par' dir='ltr' id='par_1_5' title="bbox 52 3942 671 4082">
     <span class='ocr_line' id='line_1_36' title="bbox 53 3942 472 4014; baseline 0.01 -14"><span class='ocrx_word' id='word_1_256' title='bbox 53 3942 68 4010; x_wconf 65' lang='grc' dir='ltr'><strong>Ἰ</strong></span> <span class='ocrx_word' id='word_1_257' title='bbox 84 3944 217 4014; x_wconf 66' lang='lat' dir='ltr'><strong>sanun</strong></span> <span class='ocrx_word' id='word_1_258' title='bbox 240 3961 264 4005; x_wconf 74' lang='lat' dir='ltr'><strong>a,</strong></span> <span class='ocrx_word' id='word_1_259' title='bbox 286 3947 363 4002; x_wconf 81' lang='lat' dir='ltr'><strong>taes.</strong></span> <span class='ocrx_word' id='word_1_260' title='bbox 383 3961 408 4000; x_wconf 84' lang='lat' dir='ltr'><strong>n.</strong></span> <span class='ocrx_word' id='word_1_261' title='bbox 430 3946 472 4004; x_wconf 81' lang='lat' dir='ltr'><strong>rt.</strong></span> 
     </span>
     <span class='ocr_line' id='line_1_37' title="bbox 52 4023 671 4082; baseline -0.003 -2"><span class='ocrx_word' id='word_1_262' title='bbox 52 4023 67 4082; x_wconf 76' lang='lat' dir='ltr'><strong>‘t</strong></span> <span class='ocrx_word' id='word_1_263' title='bbox 83 4026 162 4081; x_wconf 72' lang='lat' dir='ltr'><strong>sem.</strong></span> <span class='ocrx_word' id='word_1_264' title='bbox 186 4029 199 4080; x_wconf 92' lang='lat'>1</span> <span class='ocrx_word' id='word_1_265' title='bbox 221 4027 250 4080; x_wconf 79' lang='lat' dir='ltr'><strong>in</strong></span> <span class='ocrx_word' id='word_1_266' title='bbox 269 4025 360 4082; x_wconf 72' lang='lat' dir='ltr'><strong>usto.</strong></span> <span class='ocrx_word' id='word_1_267' title='bbox 379 4026 423 4081; x_wconf 88' lang='lat' dir='ltr'><strong>ss.</strong></span> <span class='ocrx_word' id='word_1_268' title='bbox 443 4025 518 4081; x_wconf 78' lang='lat' dir='ltr'><strong>Petri</strong></span> <span class='ocrx_word' id='word_1_269' title='bbox 538 4031 566 4081; x_wconf 76' lang='lat' dir='ltr'><strong>a</strong></span> <span class='ocrx_word' id='word_1_270' title='bbox 584 4025 671 4080; x_wconf 75' lang='lat' dir='ltr'><strong>Pauli.</strong></span> 
     </span>
    </p>
   </div>
   <div class='ocr_carea' id='block_1_5' title="bbox 376 4220 934 4328">
    <p class='ocr_par' dir='ltr' id='par_1_6' title="bbox 376 4220 934 4328">
     <span class='ocr_line' id='line_1_38' title="bbox 376 4220 693 4259; baseline 0 -17"><span class='ocrx_word' id='word_1_271' title='bbox 376 4220 693 4259; x_wconf 37' lang='grc' dir='ltr'><strong>,ψωμ-</strong></span> 
     </span>
     <span class='ocr_line' id='line_1_39' title="bbox 882 4276 934 4328; baseline 0.038 -2"><span class='ocrx_word' id='word_1_272' title='bbox 882 4276 934 4328; x_wconf 67' lang='lat'><strong>32*</strong></span> 
     </span>
    </p>
   </div>
   <div class='ocr_carea' id='block_1_6' title="bbox 0 0 1425 4844">
    <p class='ocr_par' dir='ltr' id='par_1_7' title="bbox 0 0 1425 4844">
     <span class='ocr_line' id='line_1_40' title="bbox 0 0 1425 4844; baseline 0 0"><span class='ocrx_word' id='word_1_273' title='bbox 0 0 1425 4844; x_wconf 95' lang='lat' dir='ltr'><strong> </strong></span> 
     </span>
    </p>
   </div>
  </div>
 </body>
</html>
