2844 4840
406 459 612 514 iiissertatiouis
631 459 742 514 iruioiea
983 427 985 434 ‚
1100 460 1135 513 79

43 606 129 668 Etiam
150 603 188 668 de
211 601 308 667 modo
332 602 453 688 agendi
479 623 543 688 quo
568 601 724 666 Pontifex
748 623 827 666 usus
850 613 899 666 cst
922 605 957 668 in
981 611 1047 667 toto
1072 605 1135 668 isto

42 705 155 788 negotio,
189 703 318 766 varium
353 713 402 764 est
431 701 609 786 judicium.
662 699 730 764 Alii
763 702 862 782 enim,
899 701 947 764 uti
980 709 1068 765 certe
1100 701 1135 764 in

40 791 164 886 pluribus'
186 801 335 882 negotiis,
361 799 406 862 ita
430 801 529 862 etiam
555 798 617 862 hac
642 800 676 861 in
700 819 736 861 re
759 799 900 861 nimium
924 820 999 862 eum
1024 800 1135 870 existi-

40 908 111 961 mant
131 898 261 962 cessisse
284 895 450 982 Philippo,
475 897 531 982 qui
557 896 653 960 bonis
673 894 937 981 Templariorum
963 896 1132 981 acquiren-

39 995 78 1057 dis
97 995 254 1076 inhiabat3
279 993 336 1058 alii
361 1017 439 1058 vero
465 1006 610 1070 censent,
635 993 757 1057 hocin
782 995 913 1078 negotio
939 992 1134 1058 Pontificem

39 1093 125 1176 potius
146 1093 329 1157 constantia
353 1091 497 1176 quadam
513 1101 545 1155 et
562 1091 717 1155 firmitate
741 1091 962 1154 conveniente
985 1091 1053 1175 regi
1079 1090 1133 1154 ob-

37 1191 143 1268 stitisse,
164 1200 263 1276 atque
287 1192 333 1253 ita
356 1190 468 1254 omnia
492 1199 653 1276 quantum
679 1198 816 1274 poterat,
846 1189 1055 1274 disposuisse,
1086 1189 1133 1251 uti

33 1289 157 1370 justitiae
190 1298 223 1352 et
258 1288 417 1373 aequitati
455 1309 636 1352 consonum
662 1297 742 1353 erat.
777 1311 820 1334 -2
856 1286 1133 1351 Animadverten-

37 1385 97 1448 dum
119 1407 210 1470 porro
235 1396 293 1466 est,
326 1387 502 1450 recentiori
534 1396 683 1471 tempore
715 1384 809 1470 plura
833 1395 963 1470 reperta
987 1383 1039 1448 vel
1069 1385 1134 1470 pri-

36 1505 107 1546 num
129 1482 296 1568 publicata
319 1505 390 1548 esse
415 1483 614 1548 documenta
636 1485 749 1568 magni
766 1484 923 1546 momenti
939 1481 981 1546 ad
999 1503 1134 1546 oausam

35 1581 275 1666 Templa-iorum
299 1580 562 1667 dijudicandam,
588 1581 732 1667 indeque
757 1581 881 1645 factum
906 1602 985 1660 esse,
1011 1591 1047 1643 ut
1063 1601 1133 1643 eru·

35 1679 80 1740 diii
102 1681 197 1743 nostri
223 1679 380 1764 temporis
405 1681 632 1765 quaestionem
657 1679 744 1744 hanc
769 1677 876 1742 denuo
899 1677 1011 1742 multis
1027 1678 1134 1742 discu-

35 1777 109 1842 tiant.
154 1776 197 1841 Ut
228 1797 305 1840 vero
337 1799 410 1841 eam
443 1777 573 1862 plenius
597 1789 629 1842 et
652 1778 840 1841 accuratius
867 1786 1008 1840 tractare
1033 1779 1131 1862 possi-

35 1897 100 1958 inus,
129 1878 349 1940 necessarium
374 1879 445 1956 erit,
477 1878 577 1940 etiam
601 1875 683 1940 alios
708 1876 869 1962 quosdam
892 1885 1031 1938 eventus
1054 1884 1132 1938 tem·

34 1993 130 2056 porum
154 1973 333 2040 Clementis
356 1975 386 2038 V
412 1974 629 2041 considerare.

104 2125 132 2189 2.
164 2123 340 2210 Scriptores
357 2125 530 2212 praecipui
553 2126 609 2210 qui
634 2123 698 2188 hac
723 2126 756 2188 in
781 2126 972 2209 quaestione
997 2135 1133 2210 possunt

33 2221 139 2286 consuli
157 2232 247 2286 sunt:
268 2221 472 2307 Raynaldus,
490 2222 633 2288 Annales
649 2247 678 2288 α.
693 2225 924 2288 1305-1314.
945 2220 1132 2288 —Natalis

33 2319 213 2402 Alexander,
247 2321 331 2385 Hiat.
367 2319 437 2384 eccl.
464 2344 543 2386 saec.
570 2321 658 2384 XIV.
684 2321 817 2384 Dissert.
845 2323 896 2383 10.
931 2343 999 2384 cum
1025 2330 1133 2384 annot.

32 2419 130 2483 ‚timui
157 2458 199 2465 -
225 2417 346 2499 Palma,
380 2417 533 2484 Praelect.
559 2421 600 2484 H.
626 2421 664 2484 Ε.
693 2421 727 2485 Τ.
754 2420 813 2483 III.
835 2443 870 2504 p.
895 2419 936 2483 II.
963 2443 987 2482 c.
1013 2421 1066 2482 12.
1092 2457 1136 2464 -

33 2515 148 2600 Dupuy,
174 2517 320 2580 Histoire
344 2517 381 2579 de
406 2517 440 2580 la
463 2517 708 2581 condemnatione
732 2517 787 2582 des
814 2515 995 2602 Templiera.
1043 2515 1135 2580 Paris

34 2613 109 2678 1650.
156 2613 328 2678 Bruxelles
355 2615 449 2681 1751.
475 2653 517 2662 —
544 2614 694 2694 Wilcke,
728 2615 905 2680 Gcschichte
929 2615 984 2677 des
1012 2613 1135 2678 Ordeos

31 2711 74 2772 der
97 2712 342 2798 Tempelderren.
381 2712 481 2776 Nebet
504 2713 631 2776 Bericizt
654 2713 730 2776 tibet·
752 2713 837 2776 aeine
861 2713 1075 2797 Beziedanqen
1097 2733 1136 2774 zu

30 2809 77 2872 dea
99 2811 319 2875 Freimcurera
341 2811 409 2874 aad
431 2811 491 2874 dea
515 2833 632 2876 neiiera
657 2811 785 2874 Pacisce
813 2810 985 2896 Templern,
1024 2809 1085 2873 Ed.
1103 2809 1134 2872 2.

32 2897 111 2962 Helle
142 2899 229 2964 1860
262 2903 350 2981 (cum
386 2898 543 2984 Catalogo
576 2910 748 2964 auctorum
783 2901 839 2986 qui
872 2899 913 2963 dc
936 2899 1135 2984 Templariis

29 3001 173 3080 egerunt).
214 3035 257 3044 -
296 2996 444 3080 Giirtler,
483 2999 632 3062 Historia
670 2996 932 3084 Templariorum.
987 2996 1134 3061 Amstelo

30 3093 102 3158 darni
118 3096 214 3159 1692.
241 3132 279 3142 —
308 3095 357 3160 De
374 3095 544 3177 Hammer,
571 3096 757 3182 Mystcatum
771 3096 959 3182 Bcpdometi
973 3097 1133 3159 detectum.

29 3191 161 3258 i'ieunae
194 3193 279 3258 1818
310 3193 429 3276 (Mincs
460 3193 501 3257 de
532 3191 695 3274 l’Orient,
728 3193 765 3259 T.
792 3193 868 3272 VI).
898 3232 939 3239 —
969 3191 1134 3270 Michelet,

29 3465 67 3516 par
83 3452 117 3504 ies
135 3451 272 3506 ecrivains
291 3449 515 3515 ecclesiastiques.
539 3449 589 3502 Ces
608 3449 742 3504 ecrivains
761 3457 809 3502 out
828 3449 875 3502 iiui
895 3464 944 3516 par
963 3449 1136 3516 compi-eudre

29 3531 80 3594 qn'il
98 3531 187 3585 iailait
207 3529 305 3584 choisir
324 3537 401 3584 entre
421 3529 447 3582 la
467 3528 623 3596 culpabilitt
642 3529 688 3583 des
713 3533 820 3584 accuses
839 3536 867 3584 et
886 3528 952 3583 celle
971 3529 1002 3582 de
1021 3529 1135 3598 l'Eglise

28 3611 63 3674 qui
80 3611 114 3664 les
135 3628 152 3664 a
171 3611 348 3664 condemnes:
377 3609 415 3663 les
435 3613 563 3676 premiers
582 3624 616 3663 ne
635 3615 753 3676 peccent
772 3611 830 3664 atre
849 3609 968 3663 declares
986 3610 1136 3676 innocente,

28 3705 78 3741 aas
94 3707 143 3758 que
162 3691 236 3744 leurs
252 3689 333 3758 juges
351 3690 440 3743 soient
459 3703 589 3742 reconnus
613 3688 780 3756 coupables“
819 3689 858 3742 La
882 3689 1003 3743 doctrine
1034 3693 1136 3744 secrete

27 3769 63 3822 tes
78 3771 232 3838 Templiers
251 3785 300 3838 par
318 3771 352 3824 ni.
372 3769 518 3824 Loiseleur.
557 3768 634 3823 Paris
664 3769 782 3832 Durand,
807 3771 880 3824 1872.
902 3799 935 3808 -
955 3769 1078 3824 Nescivit
1096 3771 1136 3824 vi·

29 3849 109 3906 ieiicct
127 3851 169 3906 hic
189 3859 292 3905 auctor.
312 3849 457 3916 scriptores
477 3849 671 3904 ecclesiasticos
690 3849 845 3917 generatim
864 3863 948 3916 usque
967 3851 1001 3904 cd
1015 3859 1137 3918 tempora

28 3933 161 3986 recentiora
180 3929 348 3998 Templcrios
362 3928 497 3998 judicasse
517 3945 574 3984 reos
594 3937 622 3984 et
641 3930 737 3984 merito
756 3945 919 3998 suppressos.
958 3931 1057 3984 Eorum
1076 3947 1137 3985 cau-

28 4027 72 4063 san
89 4015 176 4079 potius
196 4011 260 4066 inde
278 4025 295 4063 a
312 4010 417 4064 saeoido
436 4009 526 4077 elapso
545 4009 680 4064 mediante
698 4019 876 4077 susceperuut
894 4009 1083 4066 Protestcntes
1109 4019 1138 4066 et

30 4089 220 4154 Rationalistae,
240 4090 302 4144 dein
321 4089 403 4144 ctiam
421 4089 492 4144 varii
512 4090 653 4145 Catholici.
687 4089 738 4143 Sed
757 4090 892 4144 immerito
912 4090 1000 4144 verbis
1019 4090 1073 4145 illis
1092 4107 1137 4145 re·

29 4169 68 4223 inti
90 4173 221 4233 innuitur,
247 4169 440 4224 ecclesiasticos
460 4170 602 4238 praecipue
628 4171 701 4224 cordi
720 4169 844 4223 habuisse
863 4169 1075 4238 Templaiiorcm
1093 4173 1138 4226 de-

31 4253 158 4308 unionem
209 4307 215 4312 ,

1164 2173 1275 2213 Auotorss

1151 2237 1293 2276 consulendi.
