2850 4834
303 460 354 514 192
498 459 614 514 XXXII.
634 461 674 514 De
693 460 871 516 Pontificibus
891 462 1031 516 Avenionc
1050 463 1228 519 commoratio.

389 604 443 668 42.
491 605 648 690 Acceptis
672 606 774 690 igitur
798 604 968 669 Ecclesiae
992 605 1239 689 gubernaculis,
1268 605 1410 670 Pontifex

301 703 426 786 primas
462 701 661 787 apostolicas
700 724 796 766 curas
836 702 1066 788 componendo
1097 703 1248 768 Romano
1280 703 1410 788 Imperio

301 799 443 879 addixit,
467 823 507 862 ac
529 800 689 885 postridie
713 811 787 887 post
810 803 1056 865 coronationem
1081 824 1176 866 suam
1192 802 1258 884 (die
1272 801 1305 866 6⁰
1317 799 1411 886 Sept)

302 897 344 960 ad
367 899 598 983 competitores
622 900 715 982 regni
740 908 773 961 et
796 899 965 983 principes
990 898 1150 964 electores
1173 899 1267 965 dedit
1286 899 1413 967 litteras.

302 994 423 1081 quibus
453 995 497 1060 ad
520 998 613 1082 pacis
637 1007 670 1060 et
694 996 891 1062 concordiae
921 996 1056 1063 foedera
1086 1021 1143 1062 eos
1175 999 1274 1062 enixe
1301 1006 1414 1060 monet

303 1091 432 1172 Quodsi
463 1095 631 1180 principes
654 1093 855 1160 Germaniae
887 1093 979 1159 litem
1011 1097 1075 1181 ipsi
1104 1093 1321 1176 diremissem,
1353 1097 1414 1158 sine

302 1190 405 1255 dubio
444 1192 482 1272 is,
529 1215 628 1278 quem
668 1193 870 1256 unanimiter
912 1197 1128 1276 agnovissent
1165 1205 1202 1258 ut
1240 1215 1360 1278 regem,
1399 1215 1415 1254 a

301 1288 434 1354 Joanne
461 1290 565 1355 XXII
600 1290 815 1355 confirmatus
848 1301 882 1354 et
914 1292 948 1354 in
979 1291 1218 1377 Imperatorem
1255 1301 1416 1356 coronatus

302 1386 428 1454 fuisset.
476 1387 540 1454 Sed
572 1389 739 1474 principes
771 1387 815 1452 ad
846 1389 1060 1454 concordiam
1092 1411 1159 1454 non
1186 1397 1415 1474 pervenerunt3

302 1484 358 1549 alii
376 1485 560 1568 Ludovico,
585 1486 642 1550 alii
659 1486 830 1551 Friderico
854 1486 1087 1566 adhaeserunt,
1105 1486 1246 1574 plurimi
1268 1497 1415 1573 aspecto·

303 1583 379 1647 bant
416 1583 611 1666 (Pontificis)
645 1583 926 1668 confirmationem,
961 1586 1085 1650 interca
1118 1585 1225 1648 acutri
1257 1585 1414 1648 adhaerere

301 1681 489 1763 colebant.¹)
536 1681 730 1746 Ludovicus
763 1703 842 1746 vero
876 1704 955 1747 mox
986 1682 1116 1749 actibus
1139 1684 1208 1746 suis
1231 1682 1313 1767 jura
1336 1680 1415 1746 Sedis

303 1778 515 1865 Apostolicae
539 1779 644 1847 laesit.

269 1897 279 1924 ³
392 1878 447 1942 43.
492 1879 572 1942 Post
600 1887 739 1942 mortem
771 1881 861 1943 enim
885 1878 1023 1944 Henrici
1049 1878 1116 1943 VII
1146 1879 1340 1942 instituerat
1362 1874 1417 1938 Co·

178 1960 245 2052 ,22
305 1997 397 2039 mens
431 1975 463 2038 V
498 1997 557 2061 pro
590 1985 737 2061 tempore
767 1977 900 2063 Imperii
927 1978 1073 2040 vacantia
1104 1975 1288 2041 Robertum
1321 1993 1417 2057 regen

303 2073 447 2158 Apuliae
486 2082 523 2136 ut
555 2073 727 2138 Vicarium
751 2075 889 2160 Imperii
928 2076 962 2139 in
993 2073 1102 2140 Italia.
1149 2075 1283 2139 Vacare
1324 2083 1418 2136 auten

305 2170 503 2236 censebatur
514 2170 697 2258 Imperium
709 2172 809 2257 juxta
819 2173 876 2258 jus
893 2172 1064 2257 publicum
1082 2171 1212 2236 illorum
1230 2185 1418 2257 temporum.

305 2269 466 2356 quamdiu
496 2291 563 2334 non
594 2270 758 2335 existebat
792 2292 899 2335 novus
922 2272 1107 2357 Imperator
1135 2272 1197 2333 rita
1225 2293 1266 2334 uc
1296 2269 1419 2353 lapillus

304 2378 492 2448 coronatus;
528 2391 548 2431 a
585 2366 711 2432 fortiori
751 2369 853 2453 igitur
884 2369 1067 2453 Imperium
1105 2369 1261 2448 vacabat,
1305 2365 1421 2431 duobus

305 2464 578 2551 competitoribus
608 2465 650 2530 de
680 2465 798 2530 throno
832 2465 1051 2551 litigantibus.
1098 2466 1138 2530 In
1166 2487 1272 2549 regno
1299 2463 1418 2550 quiden

305 2563 506 2628 Germaniae
538 2565 718 2628 vicariatus
744 2564 880 2650 Imperii
913 2575 1060 2650 tempore
1088 2565 1280 2628 vacationis
1305 2586 1326 2626 a
1350 2561 1419 2647 pric-

305 2661 437 2749 cipibus
467 2661 660 2748 gerebatur;
694 2661 752 2726 sed
786 2684 888 2748 quum
921 2684 1061 2746 regnum
1085 2661 1201 2726 Italiac
1229 2660 1329 2725 aliud
1354 2670 1422 2723 esset

305 2783 325 2824 a
357 2783 458 2845 regno
483 2757 694 2840 Germaniae,
726 2759 823 2824 aliter
853 2781 924 2824 sese
947 2782 1000 2824 res
1023 2760 1149 2825 ibidem
1173 2757 1339 2824 habebat.
1382 2755 1422 2820 Ex

299 2859 377 2945 jure
401 2859 558 2923 videlicet
581 2857 820 2922 consuetudine
849 2857 990 2940 firmato,
1024 2858 1174 2922 Romano
1199 2856 1361 2922 Pontifici
1389 2859 1423 2916 in·

306 2956 495 3039 cumbebat‚
512 2968 550 3020 ut
560 2957 689 3042 jurium
706 2955 930 3041 imperialium
948 2966 1096 3041 tempore
1112 2956 1307 3019 vacationis
1325 2973 1423 3018 cursu

305 3054 444 3120 haberet
473 3065 505 3119 et
528 3055 700 3119 Vicarium
727 3053 861 3139 Imperii
894 3056 1118 3119 constitueret.
1166 3053 1283 3138 Atque
1318 3055 1363 3116 its
1403 3078 1418 3103 s

305 3155 549 3239 sapientissime
588 3152 741 3217 ordinata
780 3162 868 3226 erat;
911 3173 1007 3215 nemo
1046 3155 1134 3216 enim
1171 3149 1298 3215 melius
1338 3167 1423 3236 quau

304 3251 475 3315 Romanus
499 3249 654 3316 Pontifex
682 3260 798 3313 contra
829 3248 987 3334 dynastas
1011 3251 1046 3314 in
1070 3249 1166 3314 ltalia
1197 3251 1363 3313 continuo
1390 3247 1423 3308 in·

305 3357 477 3433 surgentes
509 3349 588 3433 jura
625 3345 811 3432 imperialia
850 3368 1047 3412 conservare
1084 3357 1222 3432 poterat
1283 3345 1423 3410 Vicarios

304 3457 418 3511 autem
456 3445 499 3510 ab
537 3447 608 3530 ipso
648 3447 855 3522 constitutus,
894 3446 1004 3508 statim
1045 3467 1084 3508 ac
1116 3466 1224 3509 novus
1251 3443 1423 3530 Imperator

306 3555 483 3610 coronatus
506 3555 586 3625 erat,
619 3566 712 3607 suam
738 3542 927 3628 deponebat
949 3541 1145 3626 dignitatem
1168 3553 1202 3606 et
1223 3553 1422 3628 potestaten.

396 3642 578 3707 Robertum
587 3665 606 3706 a
616 3640 826 3706 ClementeV
839 3641 1054 3705 constitutum
1065 3641 1163 3704 etiam
1172 3641 1195 3707 J
1197 3633 1423 3710 oannesXXll

306 3741 529 3823 confirmavit,
554 3751 587 3806 et
610 3751 725 3805 contra
749 3739 909 3826 quosdam
935 3738 1094 3822 dynastas
1117 3740 1173 3824 qui
1199 3761 1233 3804 se
1262 3743 1356 3828 ipsos
1376 3743 1423 3804 ln·

381 3928 401 3994 ¹)
421 3928 504 3982 Mutii
524 3927 620 3980 Chron.
642 3925 730 3982 Germ.
750 3926 780 3982 L.
800 3925 901 3982 XXIV.
920 3941 946 3992 p.
966 3925 1027 3980 866.
1049 3955 1081 3964 -
1102 3925 1200 3980 Utrum
1228 3927 1376 3984 electionis
1410 3970 1415 3978 .

266 4053 267 4056 ,
307 4011 385 4061 creta
403 4022 421 4061 a
438 4007 541 4061 duobus
560 4005 781 4074 competitoribus
791 4005 928 4059 Ludovico
940 4009 969 4058 et
981 4005 1117 4060 Friderico
1130 4005 1263 4062 Pontifici
1283 4011 1321 4063 ad
1333 4009 1412 4062 eleari

308 4103 369 4142 nem
389 4087 598 4142 confirmandam
617 4092 793 4154 praesentata
812 4085 923 4151 fuerim,
943 4085 1175 4140 controvertitur!
1188 4085 1361 4156 Negatis-arn
1379 4101 1423 4140 saa·

309 4167 427 4221 tentiam
452 4173 529 4221 tenet
547 4168 645 4222 lluller
670 4167 686 4220 l.
706 4183 728 4222 c,
747 4167 778 4224 T.
798 4165 819 4220 Ι.
839 4182 865 4233 p.
884 4165 920 4220 26
937 4180 1003 4232 sqq..
1029 4164 1224 4220 affirmativam
1243 4167 1354 4238 Preger
1378 4169 1393 4224 l,
1406 4180 1423 4215 r

309 4263 336 4314 p.
356 4248 390 4301 26
409 4261 475 4313 squ,
494 4252 578 4314 atque
597 4248 662 4302 hoec
680 4247 848 4302 affinnativa
867 4244 1030 4314 probabilior
1048 4245 1124 4300 uobis
1142 4246 1264 4302 noema.
