2814 4848
317 447 370 502 374
482 445 598 499 XXVII.
618 444 779 501 Debueras.
800 443 968 513 repressione
986 461 1018 500 sc
1037 445 1069 499 de
1088 443 1283 500 Deoretolibns.

289 612 337 680 ⁸a
362 587 582 675 principibus.
621 585 718 652 Certe
742 589 774 652 in
801 610 880 652 casu
904 589 976 670 isto,
1001 610 1102 675 quum
1127 599 1281 672 ageretur
1303 588 1367 652 del

318 689 490 752 timetione
514 686 615 772 prolis
630 685 792 772 Philippi,
817 688 1016 751 interventio
1032 687 1206 750 Pontificio
1230 687 1290 749 vix
1313 587 1395 774 conii

317 795 447 870 poterat
468 787 540 850 sine
563 785 650 869 regie
673 786 844 870 petitione.
883 786 1098 849 Innocentius
1114 784 1288 848 ostendere
1302 781 1395 848 intend

318 893 433 948 contre
445 882 690 963 obtrectatores,
707 884 913 964 convenisse,
931 891 968 945 ut
983 905 1041 947 rex
1058 905 1092 946 se
1105 891 1250 946 verteret
1264 881 1307 945 ad
1322 881 1395 944 Sede

318 981 559 1066 Apostolicam‚
593 979 803 1065 atquc.huic
838 982 1070 1044 auctoritatem
1106 977 1205 1044 talem
1247 995 1395 1064 competet

316 1079 401 1144 Inde
425 1102 503 1144 vero
530 1081 639 1163 inepte
664 1076 926 1159 concluderetur,
961 1079 1094 1142 nonnisi
1125 1079 1297 1163 supposita
1325 1079 1395 1140 invit

317 1179 418 1260 tione,
443 1187 604 1263 potestate
629 1174 685 1239 illa
708 1175 972 1239 extraordinaria
996 1177 1030 1240 in
1054 1174 1251 1260 temporalia
1265 1175 1396 1242 Pontifiu

196 1347 199 1356 ,
318 1277 366 1339 uti
391 1297 495 1361 posse.
532 1276 603 1338 Iuro
621 1275 693 1358 ipsa
710 1275 908 1338 invitatione
925 1283 958 1337 et
974 1275 1133 1359 petitione
1148 1272 1326 1360 Philippus
1340 1285 1396 1338 oste

318 1373 428 1454 debat,
454 1395 489 1436 se
505 1393 681 1459 supponere
701 1371 858 1436 Pontifici
883 1381 1069 1457 competere
1093 1393 1151 1456 per
1175 1393 1209 1435 se
1233 1372 1334 1436 telem
1356 1375 1396 1456 pol

318 1480 446 1535 statem.

412 1569 462 1631 ll.
489 1566 675 1632 Gulielmue
689 1565 830 1650 Barclay
855 1577 976 1653 etpost
992 1569 1100 1652 ipsum
1125 1567 1241 1649 Petrus
1267 1568 1310 1632 de
1333 1569 1396 1632 llar

321 1666 384 1730 nisi
416 1675 493 1729 sunt
521 1663 693 1728 ostendere
725 1685 767 1728 ex
792 1665 871 1750 ipsis
894 1664 1006 1730 verbis
1037 1665 1136 1750 hujus
1168 1665 1361 1746 Decretolis,
1388 1665 1396 1728 l

319 1788 414 1851 super
430 1785 522 1849 quum
536 1763 604 1848 ipae
629 1763 822 1848 superiorem
846 1765 880 1826 iu
897 1763 1123 1849 temporalibus
1146 1764 1276 1826 minime
1305 1787 1397 1850 recopr,

319 1873 396 1940 seat,
424 1860 678 1924 submissionem
711 1861 900 1946 principum
933 1861 994 1925 sub
1028 1860 1247 1924 Pontificibus
1281 1862 1314 1925 in
1347 1861 1397 1924 reb

317 1957 555 2044 temporalibus
588 1958 719 2022 admitti
747 1957 935 2023 nullatenus
967 1981 1072 2044 posse.
1126 1957 1272 2042 Egregie
1305 1957 1397 2024 Barclr

204 2095 207 2102 .
317 2057 479 2122 refutatur
503 2081 521 2120 a
546 2055 747 2120 Bellarmino
773 2055 958 2121 scribente:
992 2053 1112 2138 „Qu-id,
1136 2058 1240 2140 iuquit
1264 2057 1397 2144 (Berclap

316 2156 400 2242 quad
422 2157 487 2242 ipsi
512 2155 676 2238 Pontifices
690 2154 843 2241 fateretur
875 2177 961 2241 repes
985 2177 1048 2217 aaa
1071 2153 1184 2217 babere
1209 2158 1384 2240 superiores

318 2253 565 2339 temporalibus?
593 2251 670 2339 Cap.
696 2253 757 2316 Per
787 2252 1013 2318 Vener-abilam.
1042 2249 1106 2325 Qui
1120 2251 1190 2336 filit
1212 2255 1280 2316 siret
1306 2255 1397 2339 lepitio

316 2350 445 2416 Habeat
468 2361 496 2413 et
519 2373 583 2414 aare
605 2350 728 2431 babent,
754 2349 846 2414 simul
862 2373 941 2414 uera
958 2374 1022 2414 esee
1039 2361 1202 2434 nequeunt.
1243 2351 1372 2416 Falsum
1391 2381 1398 2438 r

318 2471 400 2535 erpo,
429 2471 515 2536 repes
539 2473 601 2513 aaa
624 2448 736 2512 babere
761 2450 953 2534 superiorem
982 2449 1017 2510 e'ro
1042 2446 1282 2534 temporalibus,
1312 2443 1398 2524 sicli

312 2549 418 2634 poerit
434 2553 510 2637 jure
534 2548 576 2611 iio
599 2545 789 2632 temporalia
812 2547 951 2632 auferre,
977 2545 1130 2632 alterique
1153 2545 1312 2628 conferre.
1331 2543 1398 2608 -ll

319 2644 483 2730 spondeo:
508 2643 679 2708 Sententia
694 2644 866 2708 Pontificio
891 2646 924 2708 in
947 2665 985 2708 eo
1010 2645 1117 2729 capite
1142 2653 1200 2726 est,
1224 2665 1323 2728 reges
1338 2667 1399 2730 supr

320 2763 390 2805 mos
430 2761 500 2804 esse
532 2743 701 2826 principes
739 2741 952 2828 temporales,
994 2753 1026 2806 et
1056 2741 1130 2806 ideo
1162 2740 1294 2808 nullum
1327 2743 1398 2806 habe

320 2861 420 2924 supra
443 2859 478 2902 se
502 2840 686 2925 principem
701 2839 927 2924 temporalem,
951 2838 1232 2926 quemadmodum
1251 2839 1355 2904 duces
1376 2837 1398 2901 al

320 2959 383 3023 que
407 2938 574 3023 principes
596 2938 767 3002 inferiores
782 2939 817 3002 in
834 2936 949 3002 eodem
975 2958 1075 3023 regno
1093 2939 1299 3022 superiorem
1318 2942 1349 3002 in
1367 2949 1398 3001 ter

320 3033 488 3120 porelibus
511 3057 622 3120 regem
648 3034 780 3101 habent.
808 3084 815 3100 .
841 3085 848 3100 .
874 3085 881 3100 .
907 3036 1000 3101 Idem
1026 3037 1209 3121 igiturest,
1242 3059 1354 3121 regern
1379 3059 1398 3098 o

320 3133 442 3196 babere
471 3136 672 3219 superiorem
705 3136 738 3197 in
763 3132 1001 3219 temporalibus
1032 3145 1199 3218 stragem
1224 3154 1293 3198 non
1324 3133 1398 3198 habe

320 3252 419 3316 supra
443 3253 476 3294 ee
500 3230 602 3296 alium
626 3253 748 3316 regem,
780 3233 852 3296 sive
875 3233 1060 3318 principem
1084 3230 1187 3295 alium
1219 3231 1398 3319 temporale

319 3328 465 3415 alioquin
500 3351 565 3394 non
597 3339 683 3394 essct
715 3351 774 3393 rex
809 3352 982 3415 supremus
1015 3331 1049 3393 in
1084 3328 1200 3392 ordine
1238 3332 1398 3416 principat

320 3427 510 3512 temporalis
535 3430 606 3492 sive
630 3426 768 3514 politici.
815 3428 860 3492 Et
883 3451 922 3492 ea
946 3428 1029 3492 sorte
1058 3429 1141 3491 ratio
1174 3437 1232 3510 est,
1266 3451 1327 3492 cur
1359 3427 1398 3490 ide

320 3525 535 3588 Innocentius
561 3580 566 3592 .
594 3575 601 3591 .
626 3575 633 3590 .
660 3525 757 3611 paulo
792 3535 868 3590 ante
901 3525 1039 3608 dixerit,
1073 3525 1249 3590 nonnullos
1281 3528 1398 3612 princip

321 3621 446 3686 nullum
472 3625 559 3686 inter
581 3623 742 3705 homines,
768 3633 907 3709 excepto
933 3625 1081 3688 Romano
1106 3622 1278 3704 Pontifice,
1305 3647 1397 3710 super

320 3742 389 3784 rem
414 3743 610 3804 agnoscere;
640 3720 772 3785 addidit
802 3723 890 3785 enim
917 3721 1008 3786 illam
1033 3722 1275 3806 exceptionem,
1302 3735 1348 3801 ut,
1371 3745 1398 3782 cr

320 3827 434 3903 postea
466 3819 566 3901 dixit,
600 3841 712 3904 regem
743 3819 951 3884 Francorum
982 3818 1109 3884 nullum
1142 3821 1176 3884 in
1210 3819 1398 3906 temporalib

321 3919 524 4002 superiorem
554 3937 748 4000 agnoscere,
783 3916 1020 4002 intelligamus,
1055 3939 1239 3982 sermonem
1272 3919 1371 3982 luisse

322 4015 547 4100 superioribus
578 4013 832 4100 temporalibus3
864 4037 929 4079 non
954 4017 1043 4079 enim
1072 4037 1133 4078 rex
1156 4019 1310 4098 agnoscit
1333 4017 1398 4080 Ron

322 4133 403 4176 nam
426 4111 622 4178 Pontificem
652 4115 838 4198 principem
867 4113 1092 4195 temporalem,
1126 4113 1183 4177 sed
1214 4111 1398 4199 agnoscitl

322 4233 459 4276 manum
476 4210 671 4276 Pontificem
695 4211 881 4297 principem
899 4210 1115 4296 spiritualem,
1140 4212 1196 4296 qui
1221 4209 1262 4276 de
1288 4223 1398 4297 tempor
