2964 4838
295 419 348 474 436
475 419 601 472 XXXVI.
629 421 669 473 De
687 425 764 474 statu
782 419 920 474 Ecclesiae
938 425 1071 488 vergente
1089 419 1163 476 Sacc.
1182 420 1242 474 XV.

294 585 334 626 ac
369 563 557 649 principum
594 565 787 648 praesertim
823 565 857 628 in
892 561 990 627 Italia
1025 563 1281 646 contrahebant,
1321 562 1423 628 rebus

294 659 437 746 publicis
461 660 669 725 stabiliendis
699 671 731 724 et
754 659 991 726 confirmandis
1022 660 1117 726 utilia
1141 672 1244 727 erant.
1292 659 1420 726 Contri-

294 759 367 823 buit
390 761 479 823 enim
505 760 657 843 cognatio
682 761 745 822 ista
769 781 845 822 cum
870 758 1006 823 familiis
1026 758 1243 824 nobilissimis
1265 781 1333 824 non
1355 781 1425 822 mo·

294 856 423 938 dicum,
448 867 485 921 ut
507 855 684 920 Pontifices
707 865 905 942 potestatem
929 879 1023 920 suem
1047 857 1259 944 temporalem
1285 879 1425 944 recupe-

292 977 382 1036 rare,
407 978 446 1018 ac
470 977 509 1019 ea
533 953 681 1018 stabilire
705 965 838 1040 possent
862 954 1035 1037 firmitate,
1060 977 1126 1040 que
1151 953 1326 1041 perplura
1352 976 1424 1018 sae-
1476 999 1477 1008 a

293 1053 366 1117 cula
391 1051 547 1138 splendor
570 1062 602 1116 et
625 1054 677 1116 vis
701 1053 866 1138 quaedam
891 1051 1121 1118 externaSedi
1137 1053 1360 1138 Apostolicae,
1389 1055 1423 1116 in

292 1151 497 1216 difficillimis
528 1151 786 1216 circumstantiis
810 1153 955 1214 maxime
986 1153 1183 1232 necessaria,
1214 1151 1330 1217 addite
1360 1163 1426 1214 est.

291 1248 438 1314 Facilius
461 1269 593 1334 quoque
617 1257 732 1312 contra
756 1245 865 1312 hostes
889 1247 1067 1313 Pontifices
1097 1271 1132 1312 se
1161 1249 1339 1314 defendere
1365 1269 1426 1333 po·
1476 1275 1477 1320 5

290 1355 415 1429 terent,
452 1346 531 1410 dum
569 1347 680 1410 varios
717 1346 886 1432 principes
924 1345 1068 1410 vinculis
1106 1349 1309 1431 cognationis
1354 1345 1423 1410 sibi

291 1446 415 1510 amicos
447 1443 624 1509 habebant.
672 1443 726 1506 Ex
755 1443 852 1507 factis
884 1467 923 1508 ea
954 1466 1038 1531 quae
1063 1444 1210 1509 diximus
1239 1445 1428 1530 perspicue

292 1542 557 1628 comprobantur.

249 1735 254 1746 Ι
382 1659 434 1724 36.
468 1657 566 1739 Quod
598 1659 699 1742 igitur
722 1659 756 1723 iu
781 1659 965 1744 nepotismo
988 1658 1242 1744 reprehensione
1273 1657 1426 1742 dignum

292 1758 478 1838 invenitur,
514 1767 564 1820 est
593 1777 762 1838 excessus,
798 1766 962 1842 quatenus
992 1756 1043 1822 vel
1068 1757 1172 1822 nimia
1194 1755 1427 1841 amplitudine

290 1854 343 1919 vel
367 1855 514 1938 indignis
537 1852 668 1919 favores
698 1853 975 1920 concedebantur.
1022 1856 1134 1941 Atque
1166 1864 1299 1941 propter
1332 1853 1426 1918 haec

287 1951 445 2038 pericula,
470 1953 504 2016 in
529 1954 592 2016 ista
615 1975 650 2016 re
674 1951 716 2016 ob
742 1950 877 2017 vincula
901 1953 1073 2036 sanguinis
1097 1951 1194 2017 valde
1218 1951 1337 2032 obvia,
1366 1975 1421 2016 va-

287 2053 418 2138 riosque
442 2051 575 2131 abusus,
599 2051 716 2114 merito
740 2049 901 2135 paulatim
919 2052 1124 2135 nepotismus
1140 2050 1264 2114 Romae
1280 2054 1423 2136 penitus

287 2151 470 2214 exstinctus
502 2149 574 2212 fuit
620 2147 814 2212 Excessisse
846 2149 978 2214 Sixtum
1003 2148 1052 2212 lV
1085 2151 1119 2212 iu
1150 2150 1420 2235 propinquorum

285 2246 399 2311 favore
426 2245 498 2332 jam
524 2245 681 2312 diximus.
728 2245 833 2311 Erant
856 2255 967 2309 temen
992 2245 1060 2310 sere
1084 2267 1215 2328 omnes,
1252 2267 1338 2332 quos
1363 2245 1418 2310 ho

286 2344 423 2410 noribus
453 2354 486 2408 et
515 2342 709 2408 muneribus
733 2345 845 2422 auxit,
877 2345 941 2408 viri
976 2343 1077 2430 digni.
1126 2344 1273 2410 Maxime
1297 2341 1423 2412 Sixtns

286 2443 451 2528 vituperia
475 2440 652 2506 multorum
685 2443 826 2505 incurrit
849 2452 982 2527 propter
1005 2442 1240 2508 exaltationem
1272 2443 1420 2508 fratrum

285 2540 472 2606 Riariorum
503 2539 591 2604 Petri
622 2549 721 2625 atque
753 2539 960 2624 Hieronymi.
1008 2541 1083 2605 Non
1114 2541 1292 2606 defuerunt
1322 2541 1416 2605 vide·

284 2638 362 2703 licet
391 2639 448 2724 qui
472 2647 584 2721 turpes
608 2636 769 2721 quasdam
794 2636 978 2702 calumnias
1007 2640 1041 2702 in
1065 2639 1261 2706 Pontificem
1286 2661 1418 2724 sparse-

284 2747 379 2820 runt,
415 2734 467 2799 vel
497 2733 586 2820 quod
618 2735 721 2820 ipsius
751 2733 811 2799 filii
841 2734 875 2799 hi
901 2747 1026 2818 essent,
1062 2758 1145 2824 quos
1175 2747 1252 2802 ante
1277 2736 1414 2802 Pontifi-

284 2845 394 2898 catum
418 2834 595 2917 genuisset,
620 2833 673 2897 vel
697 2833 786 2919 quod
810 2855 921 2898 amore
947 2835 1116 2920 impudico
1137 2856 1192 2898 eos
1216 2851 1419 2922 prosecutus

283 2942 377 2996 esset.
424 2931 489 2997 Sed
523 2930 657 3017 putidae
687 2931 769 2995 istae
794 2943 871 2998 sunt
894 2932 1100 3018 calumniae,
1133 2957 1239 3022 ¹quum
1274 2933 1315 3000 de
1342 2938 1413 3000 vita

283 3030 420 3094 honesta
444 3027 529 3094 sixti
559 3038 628 3093 tum
652 3040 729 3094 ante
752 3031 983 3115 pontificatum
1014 3042 1086 3097 tum
1109 3042 1257 3120 tempore
1280 3035 1412 3118 pontiti·

282 3140 374 3193 catus
405 3149 519 3194 omncs
549 3139 700 3194 auctores
723 3151 842 3212 graves
875 3132 1087 3196 conveniant.
1135 3130 1417 3196 Praedilectionis

281 3247 380 3313 quam
412 3228 446 3289 in
471 3226 600 3290 Riarios
633 3226 776 3292 ostendit
806 3229 889 3291 ratio
914 3227 1014 3294 obvia
1039 3240 1098 3294 est
1144 3227 1252 3294 Erant
1283 3227 1330 3294 illi
1358 3252 1410 3294 ne·

280 3337 372 3412 potes
396 3325 467 3412 ejus
491 3348 534 3389 ex
558 3325 683 3390 Blanca
706 3325 877 3390 Pontificis
901 3348 1011 3392 sorore
1045 3337 1079 3392 et
1102 3326 1213 3392 Riario
1240 3338 1334 3414 patre
1359 3350 1408 3411 gs-

279 3425 357 3507 niti3
388 3433 482 3509 pater
504 3434 616 3487 autern
640 3421 675 3486 in
700 3444 814 3487 eorum
839 3423 980 3488 infantia
1004 3437 1154 3489 mortuus
1178 3425 1271 3509 est.¹)
1320 3425 1412 3491 Hinc

279 3523 394 3589 Sixtus
426 3523 467 3588 de
500 3543 614 3586 eorum
647 3521 845 3586 educatione
879 3519 977 3586 valde
1012 3521 1172 3586 sollicitus
1204 3522 1336 3605 fuerat,
1372 3547 1412 3588 ac

280 3620 397 3685 Petrus
428 3617 617 3704 exemplum
649 3618 807 3682 avunculi
840 3629 989 3701 secutus,
1024 3619 1217 3686 adolescens
1246 3620 1411 3687 Ordinem

280 3742 304 3784 s.
331 3719 502 3784 Francisci
533 3719 700 3802 ingressus
709 3767 717 3800 ,
748 3718 810 3802 ipsi
835 3718 1000 3783 avrinculo
1025 3740 1128 3806 quum
1159 3717 1202 3783 ad
1227 3719 1410 3806 dignitates

279 3818 484 3902 perveniret,
521 3837 632 3880 comes
661 3814 726 3879 fuit
755 3815 950 3882 individuus
981 3826 1014 3882 et
1043 3815 1142 3882 valde
1173 3816 1275 3884 utilis.
1322 3818 1407 3883 Nam

279 3916 378 3978 etiam
403 3916 437 3979 in
461 3913 622 3978 electione
645 3913 818 3978 Pontificis
844 3913 988 3999 plurium
1015 3913 1244 3980 Cardinslium
1270 3929 1350 3981 vota
1372 3920 1404 3980 in

321 4127 373 4261 θ’.)
393 4126 572 4196 momentis
600 4125 695 4180 solidis
723 4127 751 4181 id
781 4126 985 4182 demonstratur
1012 4127 1115 4182 Civilta
1145 4090 1238 4188 cattol
1268 4129 1287 4185 l.
1307 4147 1331 4186 e.
1356 4128 1403 4184 nt

277 4223 302 4273 p,
358 4221 450 4272 Mill·
