2868 4844
292 461 345 513 eso
525 459 660 514 xxxin.
681 461 720 514 ne
737 475 838 528 magno
857 445 1011 514 Occidentis
1032 461 1187 516 alumnae.

292 602 519 681 discutiemus,
545 615 802 687 utargumenta,
827 603 949 688 quibus
973 606 1137 668 sententia
1161 617 1273 669 nostra
1291 607 1397 670 nititur.

292 703 327 764 iu
352 699 440 764 clara
461 701 538 764 'luce
563 703 768 786 ponamus.¹)

119 817 273 866 Pnenmsso
383 800 412 864 8.
445 800 494 863 Ea
519 800 682 884 imprimis
706 797 950 863 consideranda
973 808 1060 879 scint,
1087 819 1173 884 quae
1198 810 1270 862 uate
1296 798 1400 864 Urbani

132 879 260 918 doetinnia

292 897 473 960 electionem
500 907 695 961 evenerunt.
727 935 768 944 -
802 895 915 976 Quum
941 907 1124 960 moreretur
1147 895 1324 981 Gregorius
1343 897 1398 962 xl.

291 997 412 1080 viginti
437 1005 503 1058 tres
527 995 790 1059 numerabantur
807 992 1040 1076 cardinales‚³)
1064 993 1251 1080 exquibus
1274 993 1399 1059 sedecim

292 1094 416 1158 Romae
441 1093 617 1176 degebant,
642 1115 701 1156 sex
717 1094 891 1156 Avenioue
914 1105 1152 1172 remanserant,
1178 1103 1211 1156 et
1227 1115 1310 1156 unus
1325 1091 1400 1178 (Car-

293 1189 415 1255 dinalis
432 1189 635 1268 Ambiensis)
659 1213 679 1254 a
703 1189 865 1274 Gregorio
890 1191 924 1253 iu
949 1191 1106 1254 Tusciam
1132 1190 1176 1255 ad
1201 1213 1316 1277 pacem
1339 1213 1399 1253 cnm

399 1311 465 1318 ...η

366 1362 386 1428 ¹)
406 1360 585 1428 Praecipuum
604 1359 792 1412 documentum
812 1367 907 1411 contra
927 1357 1045 1412 valorem
1070 1358 1211 1414 electionis
1230 1359 1332 1414 Urbani
1358 1363 1402 1411 et·

292 1441 449 1496 Declaratio
463 1440 647 1494 cardinalium
667 1439 797 1492 adversus
810 1437 1049 1491 Bartholomaeum
1068 1439 1298 1508 archiepiscopum
1318 1439 1401 1492 Baun-

291 1537 347 1575 sem
364 1521 391 1578 d.
405 1521 429 1574 d.
449 1523 466 1573 2
486 1523 556 1586 Aug.
579 1521 654 1575 1379,
681 1517 748 1572 Cum
766 1517 817 1570 hac
834 1517 1017 1571 declaratione
1037 1518 1206 1574 conveniunt
1225 1519 1292 1572 Vita
1310 1517 1323 1570 l
1341 1525 1366 1572 st
1381 1517 1400 1570 ll

291 1601 419 1668 Gregorii
439 1601 481 1654 IX
508 1615 551 1668 ap.
580 1600 670 1652 Balut.
699 1595 757 1649 Vit.
785 1597 863 1652 Pont.
893 1613 917 1665 p.
943 1597 997 1652 442
1020 1613 1093 1664 sqq.;
1125 1601 1249 1652 namatio
1277 1601 1310 1654 de
1337 1599 1403 1651 initi·

289 1682 443 1735 schismatis
461 1696 494 1734 ex
513 1679 604 1734 codice
622 1677 764 1731 Lecdiensi
784 1677 971 1745 ap..l{ortcne
989 1677 1052 1734 Vct.
1071 1679 1168 1747 Script.
1187 1679 1217 1732 Τ.
1229 1679 1292 1734 Vll.
1313 1696 1328 1746 p
1347 1681 1402 1731 itt:

291 1767 319 1816 et
329 1761 511 1829 depositiones
524 1760 636 1814 testium
649 1773 715 1824 quas
729 1757 757 1810 in
770 1756 828 1814 Vit.
842 1757 920 1812 Pont.
941 1773 965 1825 p.
980 1759 1140 1813 aas-1230
1159 1759 1271 1828 collegit
1283 1759 1401 1814 Balutius

292 1851 324 1894 ut
343 1849 543 1910 opponerentur
561 1837 728 1894 documentis
747 1837 918 1904 altaynaldo
930 1837 961 1894 Τ.
976 1838 1057 1892 XVII
1076 1853 1124 1906 pro
1139 1839 1247 1894 Urbano
1266 1841 1364 1894 allatis.
1380 1869 1397 1875 -
1423 1843 1424 1868 l

291 1923 469 1990 Praecipuum
488 1923 678 1975 documentum
696 1933 744 1985 pro
764 1918 855 1972 valore
874 1918 1014 1972 electionis
1034 1917 1135 1973 Urbani
1155 1924 1198 1973 est
1216 1921 1315 1974 relatio
1333 1921 1403 1986 ipsus
1423 1902 1424 1980 i

290 2003 394 2058 Urbani
413 2018 493 2068 quam
511 2001 560 2054 suh
579 1999 661 2053 titulo
675 1997 793 2051 Factum
814 1998 967 2052 transmisit
987 1998 1098 2066 regibus
1110 2006 1140 2053 et
1152 1999 1328 2067 principibus.
1348 1999 1403 2052 un:
1423 1983 1424 2026 ³

290 2083 428 2137 consentit
447 2083 502 2135 alia
521 2081 626 2144 relatio,
655 2079 698 2132 cui
718 2078 821 2144 pariter
849 2078 947 2132 titulus
968 2080 1093 2136 Pholum.
1120 2095 1189 2145 quae
1217 2080 1402 2135 inscribitura

292 2164 394 2217 Bulaeo
413 2161 515 2217 Jacobo
534 2162 567 2214 de
585 2160 662 2224 Sera,
689 2158 773 2212 nobili
801 2174 835 2212 ex
855 2159 1000 2213 Provincia
1020 2159 1149 2227 (Galliae)
1174 2167 1202 2214 et
1223 2161 1360 2214 Advocato
1383 2161 1402 2212 ir

291 2245 374 2298 Curia
394 2243 540 2312 pontilicis.
579 2242 631 2294 Hic
650 2257 675 2296 a.
699 2241 766 2297 1382
791 2240 903 2294 secessit
931 2241 964 2292 ad
984 2239 1149 2294 Clementem
1168 2240 1231 2302 VII.
1258 2241 1307 2294 sed
1325 2253 1403 2309 postea

291 2325 326 2376 ad
346 2323 484 2378 Urbanum
504 2323 543 2377 VI
562 2337 686 2376 reversus
706 2329 756 2376 est.
795 2320 853 2374 Hoc
871 2319 990 2374 Pholum
1011 2327 1104 2374 exstat
1121 2336 1163 2387 ap.
1185 2321 1325 2384 Bulaemn,
1345 2321 1402 2373 Hiu.

292 2403 371 2460 Univ.
393 2405 538 2460 Parisiens.
558 2418 582 2469 p.
603 2403 656 2459 tao
674 2417 731 2467 sqq.
769 2400 896 2454 BalutIus
916 2407 1006 2454 tamen
1026 2400 1058 2453 de
1077 2399 1135 2456 vit.
1155 2401 1235 2454 Pont.
1254 2401 1277 2456 I.
1302 2419 1326 2469 p.
1348 2401 1405 2455 litii

290 2484 340 2536 hoc
358 2485 548 2538 documentum
567 2481 698 2536 adscribit
715 2481 816 2535 loanni
845 2481 877 2534 de
899 2480 1024 2549 Liguano
1043 2480 1235 2548 jurisconsulto
1253 2483 1405 2550 perlasiu-

290 2571 320 2617 et
338 2565 440 2617 vicario
459 2563 581 2631 generali
593 2562 767 2616 Bononiensi.
788 2591 821 2600 -
841 2561 931 2632 Hujus
951 2569 1023 2614 certe
1042 2567 1107 2614 sunt
1125 2561 1178 2616 duo
1201 2564 1347 2616 luanus<
1365 2583 1403 2628 pi»

294 2646 404 2698 l'rhuuo
429 2646 475 2700 l'l.
497 2644 543 2709 qui
564 2643 698 2696 habentur
718 2657 759 2709 aii.
781 2641 913 2708 Reynald.
933 2641 962 2694 T.
984 2641 1064 2694 XVII
1084 2641 1111 2696 in
1130 2643 1294 2710 Appendice.
1313 2675 1347 2682 -
1367 2647 1404 2696 lc-

291 2725 363 2778 cedit
391 2725 487 2778 relatio
506 2724 623 2778 Thomae
651 2724 684 2776 de
703 2723 814 2784 Acerris,
841 2721 993 2789 jurisperiti
1014 2729 1042 2776 et
1060 2723 1178 2791 episcopi
1197 2723 1343 2779 Lucernae.
1369 2721 1404 2788 qui

291 2813 422 2869 tanquam
452 2804 577 2857 minister
605 2803 730 2858 Joanuae
759 2799 872 2870 reginae
905 2801 1101 2869 Neapolitanae
1129 2809 1250 2870 tempore
1279 2803 1405 2856 electionis

293 2883 393 2938 l'rbani
422 2885 521 2937 Romae
558 2883 684 2950 degebat,
715 2881 822 2948 fuitque
861 2882 940 2935 testis
977 2881 1101 2936 oculatus
1129 2893 1277 2936 eventuum
1305 2899 1404 2948 quitum

291 2965 492 3018 enarrationem
509 2964 664 3031 juramento
684 2961 862 3018 confirmavit.
889 2993 921 3002 -
946 2963 1140 3017 Theudoricum
1158 2965 1191 3017 de
1211 2963 1288 3016 Niem
1307 2963 1406 3030 ejusqui«

290 3059 357 3110 opus
374 3043 430 3110 jam
450 3042 724 3098 commemoravimus.
754 3073 785 3080 —
813 3041 959 3097 Praeterea
983 3043 1054 3110 apud
1073 3043 1243 3110 Raynaldum
1262 3043 1339 3096 varia
1362 3043 1404 3094 alis

291 3123 454 3177 documenta
481 3128 511 3176 et
537 3123 650 3176 testium
683 3121 863 3176 inveniuntur
890 3121 1080 3189 depositiones.
1118 3123 1235 3192 Collegit
1262 3123 1355 3177 eadem
1380 3139 1423 3174 es¹

290 3203 410 3272 triginta
419 3203 601 3258 voluminibus
615 3202 793 3257 bibliothecae
802 3203 963 3268 Vaticanus,
977 3202 1074 3270 quihus
1084 3204 1243 3258 documenta
1258 3205 1292 3256 ad
1302 3205 1404 3256 schism
1422 3207 1423 3210 ’

289 3283 446 3351 spectantia
465 3285 647 3339 contiuentur.
668 3315 697 3324 -
722 3283 790 3337 Vide
810 3283 843 3337 ‹le
862 3284 903 3337 his
922 3284 1076 3338 auctoribus
1095 3285 1190 3339 Helela
1210 3285 1238 3339 C.
1257 3285 1354 3340 Gasch.
1367 3285 1397 3334 u

289 3365 379 3433 §712
400 3395 433 3403 -
454 3364 545 3418 Etiam
557 3364 649 3417 variae
669 3364 799 3432 epistolae
819 3381 839 3417 s.
852 3363 1017 3418 catharinae
1030 3364 1162 3430 Senensis,
1183 3373 1211 3418 et
1231 3365 1405 3418 testimonium

289 3461 310 3500 s.
331 3443 497 3498 Gatharinae
515 3445 649 3508 boeticae,
679 3459 747 3510 quae
766 3444 813 3498 illo
839 3453 958 3512 tempore
978 3446 1078 3499 Romae
1098 3445 1200 3502 aderat.
1227 3447 1366 3514 permagni
1386 3446 1404 3496 h.

289 3533 385 3580 nostra
404 3527 562 3593 quaestione
581 3532 646 3580 sunt
665 3525 801 3581 momenti.

363 3609 384 3674 ²)
405 3607 561 3660 Cardinales
581 3607 608 3659 hi
628 3612 720 3660 erant:
750 3606 881 3673 Anglicus
901 3604 1050 3666 Grimoard.
1072 3605 1224 3659 Cardinalis
1245 3605 1406 3659 athaneus.

290 3687 377 3740 l'rater
387 3687 490 3742 Urbani
505 3688 529 3741 V
539 3709 545 3754 ;
566 3686 699 3755 Aegidius
721 3685 852 3752 Aysselin
873 3685 1023 3739 Cardinalis
1041 3685 1225 3751 Tusculanus;
1245 3686 1364 3739 Ioannes
1380 3685 1404 3736 «h

289 3765 436 3820 Blandiaco
448 3767 490 3829 (de
500 3767 634 3829 Blausac‘,
649 3765 975 3832 CardinalisSahinensis5
997 3765 1093 3820 Petrus
1104 3765 1309 3824 dellonteruco.
1325 3765 1405 3818 caah·

290 3845 361 3899 nalis
374 3847 419 3899 tit.
438 3863 458 3900 s.
473 3847 653 3903 Anastasiae:
676 3845 827 3899 Gulielmus
840 3847 872 3898 de
886 3845 1017 3910 Chanaco‚
1037 3845 1187 3900 cardinalis
1207 3847 1251 3899 tit.
1264 3861 1286 3901 s.
1302 3845 1395 3898 vitalis

290 4005 366 4060 nales
375 4007 513 4060 avenione
524 4007 720 4075 morabantur.)
733 4035 765 4045 —
776 4006 896 4060 loannes
912 4005 945 4059 de
955 4006 1084 4073 Grangia,
1097 4005 1141 4059 tit.
1153 4023 1173 4062 s.
1183 4006 1311 4068 Marcelli,
1325 4005 1406 4058 [ard-

290 4085 360 4139 uelis
366 4086 518 4140 Amhiensis
526 4085 676 4155 (legatione
684 4087 816 4140 in‘l'uscia
826 4085 965 4154 fungens).
980 4117 1012 4125 -
1026 4086 1266 4140 Petruchrsiniua
1276 4085 1406 4154 episc-upu-

290 4165 456 4228 Portnensis‚
477 4173 588 4220 vocatus
608 4166 760 4220 Cardinalis
779 4166 970 4232 Florentinus;
1002 4167 1120 4220 Ioannes
1140 4165 1246 4220 eratis
1265 4166 1311 4234 (de
1329 4167 1399 4219 ese·

289 4245 430 4312 episcopus
450 4245 654 4310 Praenestinus,
675 4253 787 4300 vocatus
807 4247 959 4300 Cardinelis
978 4247 1191 4305 Lemovicensisz
1216 4245 1364 4302 Gulielmius
1382 4247 1402 4294 l·
