2850 4834
356 503 395 558 De
414 502 489 556 lucta
506 501 639 558 Ludovioi
657 501 768 558 Bavari.
1076 504 1128 558 teo
1216 547 1222 558 .

22 669 118 730 gerere
147 669 212 712 non
246 646 382 714 destitit.
437 647 527 711 Hinc
558 647 723 710 immerito
756 646 904 711 Joannes
942 656 1128 727 accusatur,

23 743 97 827 quod
129 754 262 830 propter
286 743 415 809 Galliae
450 746 537 829 regis
576 743 751 825 influxum,
789 743 844 808 vel
881 765 923 808 ex
955 747 1129 808 aversione

22 842 148 925 quadam
162 842 337 907 Ludovico
362 843 511 906 favorem
535 864 634 906 suum
658 862 724 906 non
742 840 948 927 praebuerit3
974 843 1129 927 quamvis

22 953 96 1002 certe
131 943 346 1005 commoratio
382 940 555 1004 Pontificio
593 942 770 1003 Avenione
810 949 842 1004 et
880 939 1056 1004 Gallorum
1095 942 1129 1005 in

20 1039 164 1119 regimine
188 1039 360 1103 Ecclesiae
391 1038 694 1124 praeponderantia
725 1039 824 1102 etiarn
849 1037 941 1101 hisce
973 1039 1007 1100 in
1031 1036 1130 1102 rebus

21 1134 216 1200 difficultates
240 1147 385 1220 augeret.

97 1237 147 1301 lo.
197 1234 310 1315 Quum
343 1237 445 1319 igitur
476 1234 672 1299 Ludovicus
704 1234 835 1299 actibus
866 1235 934 1298 suis
963 1233 1130 1298 Joannem
1154 1254 1287 1295 usauria.

19 1330 233 1416 multiplieiter
248 1332 407 1414 laesisset,
432 1355 462 1399 a.
481 1333 567 1397 1223
590 1331 630 1397 lis
647 1333 682 1396 in
698 1333 818 1417 ipsum,
843 1333 899 1417 qui
921 1317 1165 1417 pontificium¹¹²
1181 1317 1310 1419 lssJ*

17 1440 44 1491 ct
59 1429 188 1494 Roborti
205 1432 292 1514 regis
309 1432 492 1495 exercitum
509 1428 698 1494 Mediolano
715 1430 948 1516 propulsasset,
966 1440 1129 1516 suscepta,

17 1547 50 1587 ac
70 1527 198 1611 legibus
221 1530 255 1592 in
280 1550 357 1592 eum
380 1531 435 1613 agi
452 1543 607 1614 coeptum
622 1537 680 1592 est.
705 1529 890 1613 Praecipua
906 1529 1131 1592 accusationis

17 1627 118 1709 capita
140 1626 223 1690 haee
247 1637 352 1708 erant,
382 1627 593 1692 Ludovicum
618 1624 993 1690 discordibuselectum
1018 1627 1132 1690 suffra·

16 1723 84 1804 giis,
117 1735 295 1810 antequam
329 1746 368 1789 ea
401 1725 628 1790 controversia
659 1723 870 1788 dirimeretur
892 1746 912 1787 a
936 1723 1022 1790 Sede
1045 1723 1133 1810 Apo·

16 1821 131 1904 stolica,
156 1824 294 1907 Imperii
318 1822 641 1887 administrationem
658 1823 873 1907 corripuisse:
898 1820 1038 1886 alterum
1054 1843 1133 1886 vero

18 1920 97 2002 quod
111 1923 259 1985 maxime
283 1921 433 1985 animum
448 1919 619 1987 Pontificis
643 1931 866 2006 exasperaret,
890 1929 962 1984 tum
978 1919 1133 2002 Galeatii,

14 2039 105 2102 quem
131 2019 258 2083 hostem
283 2028 316 2083 et
339 2018 468 2083 haeresi
493 2019 755 2082 contaminatum
779 2020 1012 2103 pronuntiarat
1031 2017 1135 2084 Sedes

15 2117 218 2201 ,lpostolica,
257 2127 327 2181 tum
359 2115 581 2203 perduellium
609 2116 872 2180 Ferrariensium
910 2118 1135 2202 patrocinium

15 2218 204 2301 suscepisse.
250 2214 399 2280 ioannes
422 2212 649 2300 promulgavit
672 2213 738 2278 VII
772 2214 822 2278 ld.
848 2213 967 2281 Octob.
992 2237 1022 2282 a.
1048 2215 1134 2280 1323

14 2315 218 2394 sententiam,
254 2334 320 2399 qua
343 2313 518 2377 Ludovico
551 2311 612 2376 sub
642 2315 998 2378 excommunicationis
1027 2333 1135 2397 poena

13 2411 162 2495 injungit,
187 2421 223 2474 at
245 2413 336 2497 infra
353 2412 450 2475 trium
465 2413 617 2474 maesiam
630 2412 771 2497 spatium
785 2408 825 2472 ab
842 2410 1132 2491 administratione,

9 2507 152 2590 semeria
176 2519 207 2572 et
229 2509 413 2595 defensione
439 2509 619 2596 praedictis
635 2530 774 2596 prorsas
798 2509 958 2573 absdaeat
989 2533 1026 2574 ac
1054 2510 1133 2574 desi·

12 2619 76 2690 stat,
101 2608 416 2671 administrationem
438 2610 543 2693 ipsam
562 2629 623 2694 per
646 2630 678 2671 se
700 2607 749 2670 oei
772 2606 872 2671 alium
896 2629 949 2670 seu
972 2607 1057 2672 alios
1071 2630 1136 2673 eoa

11 2717 187 2792 recepturus
214 2704 357 2782 citatim,
390 2706 456 2768 aiei
486 2715 558 2769 tuac
580 2705 712 2783 demum,
747 2727 816 2768 eum
845 2707 927 2769 etsi
957 2705 1136 2771 eiectionem

10 2801 195 2889 lrrjaemodi,
218 2825 298 2887 qaae
322 2802 361 2867 de
383 2804 455 2888 ipso
480 2803 599 2866 dicitur
614 2800 782 2884 celebrata,
808 2812 838 2866 et
858 2825 1031 2889 personam
1054 2809 1132 2894 ejus-

10 2899 71 2962 rtem
93 2923 158 2985 per
173 2899 286 2964 Sedem
301 2899 520 2986 Apostoiieam
535 2900 714 2986 approbari
736 2901 903 2987 emtiperit
919 2913 949 2965 et
964 2901 1135 2984 admitti.¹)

11 2999 207 3062 Ludovicus
242 3020 345 3084 quum
381 2998 425 3063 ad
460 3000 570 3084 ipsum
605 3000 742 3062 nuntius
773 3002 981 3083 pervenisset
1005 3001 1045 3064 de
1070 3001 1137 3066 lata

10 3095 185 3160 Pontificis
209 3099 383 3178 sententia,
408 3095 534 3181 legatos
558 3098 648 3161 misit
664 3097 885 3176 Avenionem,
910 3099 967 3184 qui
991 3100 1136 3183 spatium

9 3195 147 3258 ulterius
172 3194 314 3258 duorum
340 3197 503 3258 mensium
528 3196 592 3279 ipsi
616 3193 813 3259 obtinerent.
861 3193 928 3262 Sed
953 3217 1056 3281 quum
1081 3199 1135 3261 isti

9 3293 150 3376 profecti
167 3301 285 3374 essent,
310 3301 347 3355 ut
364 3291 539 3356 Avenione
556 3292 723 3357 Ludoviei
741 3313 876 3356 causam
892 3305 1135 3378 promoverent,

9 3409 82 3454 mox
106 3392 269 3476 princeps
293 3389 347 3454 hie
370 3389 494 3454 bellum
518 3391 553 3454 in
578 3389 740 3454 Friderici
765 3390 907 3454 asseclas
930 3391 1063 3472 indixit,
1096 3416 1136 3458 ae

9 3485 221 3571 Norimbergi
237 3490 508 3574 protestationem
524 3488 630 3551 edidit
644 3499 759 3553 contra
773 3498 848 3552 acta
867 3489 887 3554 J
891 3491 1008 3554 oannis
1024 3490 1136 3556 XXII.

9 3585 41 3650 ln
66 3587 134 3650 hac
162 3587 397 3671 protestatione
414 3588 561 3672 negavit,
584 3587 768 3672 Imperium
784 3607 915 3666 vacare,
941 3597 973 3650 et
988 3587 1137 3654 Romano

9 3683 166 3748 Pontifici
191 3685 250 3770 jus
281 3707 368 3769 esse,
401 3685 501 3771 (quod
529 3694 641 3749 tamen
665 3683 823 3748 Albertus
847 3685 1044 3750 Austriacus
1076 3687 1137 3751 sub

9 3781 179 3848 Bonifatio
214 3781 296 3847 Vlll
333 3783 543 3864 admiserat),
585 3784 778 3846 examinare
816 3780 1012 3848 electionem
1050 3789 1137 3868 regis

25 3949 32 3954 ..
40 3947 229 3956 -....-.-—-·—-

81 4045 102 4116 ¹)
127 4043 218 4109 Rayn.
237 4059 262 4098 a.
283 4043 360 4096 1323.
381 4059 406 4098 n.
418 4044 461 4100 30.
481 4073 515 4084 --
534 4041 814 4097 Animadvertendum
834 4041 1036 4106 esttamen
1056 4042 1139 4096 etiam

9 4127 154 4180 strationis
174 4137 288 4176 examen
307 4121 458 4176 vindicasse
477 4121 537 4182 sibi,
557 4124 608 4188 „ad
622 4137 700 4189 quem
713 4137 778 4176 suae
791 4121 929 4176 electionis
942 4121 1139 4190 hujusmodi..,

9 4205 32 4258 in
51 4204 194 4260 discordia
220 4201 378 4266 celebratae,
404 4219 436 4256 ae
459 4218 590 4270 personae
617 4203 701 4270 ipsius
727 4202 900 4268 examinatio,
931 4202 1090 4271 approbatio
1110 4219 1141 4256 ac

9 4287 143 4348 aimissio,
164 4283 284 4352 repulsio
303 4298 408 4352 quoque
426 4299 458 4337 ac
476 4283 632 4351 reprobatio
651 4283 772 4336 noscitur
790 4282 952 4350 pertinere.“

963 4383 1014 4437 13*
