2964 4838
268 442 322 495 452
449 437 575 492 XXXVI.
600 438 639 492 De
658 443 734 492 statu
753 437 890 494 Ecclesise
908 443 1042 508 vergente
1060 439 1135 494 Ssec.
1156 440 1216 494 XV.

269 605 374 669 repens
393 583 443 647 ccl
465 583 646 669 principem
669 581 874 646 ολνίεείαηυηι
901 604 965 646 aon
981 582 1112 668 fuer-iat
1135 582 1306 680 actualitas
1324 609 1397 671 pos-

269 703 373 746 sessae
396 705 492 766 osque
516 679 561 744 od
583 680 667 744 diem
688 680 870 744 matuta
886 680 931 746 N.
948 681 990 746 D.
1007 681 1042 746 J.
1064 679 1121 747 CI
1141 685 1288 768 prooeiom
1301 707 1399 770 pras·

270 781 405 860 tacitam,
514 777 640 864 quondo
657 777 787 863 suerint
803 801 867 864 per
881 779 1010 859 nuntios
1030 789 1061 842 et
1079 782 1264 866 capitaneos
1280 793 1400 846 culros

269 879 414 942 inventae
446 876 573 964 aliquae
592 875 833 961 praedictorum
860 874 1056 955 insularum,
1088 881 1277 944 auctoritate
1300 883 1398 947 omni·

263 976 405 1062 potentis
429 974 492 1038 Dei
520 972 611 1038 nolis
635 974 671 1038 io
692 972 730 1038 Β.
757 973 849 1036 Petro
880 995 1028 1038 concessa
1059 999 1097 1040 oc
1118 978 1293 1042 suaviam
1315 977 1403 1042 Jesu

273 1070 395 1136 Clo-isti
417 1094 476 1157 qsso
492 1071 663 1158 funpimar
685 1071 720 1134 in
744 1071 855 1150 tonis,
886 1094 955 1136 cum
979 1072 1122 1138 omnibus
1145 1073 1276 1140 illosum
1297 1076 1400 1140 donu-

268 1171 350 1248 aiis,
374 1168 571 1249 civitatibus,
596 1169 728 1245 castris,
758 1165 836 1232 loeis
858 1179 889 1232 et
910 1168 1015 1246 uillis,
1039 1171 1227 1258 jarilusque
1250 1183 1280 1236 et
1294 1175 1402 1262 juria

269 1266 473 1348 dictionibus,
498 1291 537 1331 oc
552 1267 758 1352 pertiosemiis
780 1265 936 1330 uniones
959 1265 1047 1332 volis
1070 1315 1129 1334 ...
1153 1271 1188 1333 in
1205 1283 1407 1356 perpetuam

270 1375 374 1430 tenore
385 1365 600 1452 proeseaama
615 1363 780 1440 donemus,
795 1362 1002 1442 concedimus,
1019 1367 1259 1452 manaem)
1295 1369 1403 1434 Hane

269 1461 472 1528 demtionem
503 1463 604 1546 igitur
625 1471 777 1526 auctores
809 1470 1029 1546 protestantes
1059 1486 1100 1530 ao
1122 1465 1202 1530 Sodi
1224 1466 1409 1538 &mnae

268 1560 468 1642 adversarii,
504 1581 532 1626 e.
556 1581 588 1644 g.
612 1558 796 1624 Robertson
821 1561 854 1623 in
878 1581 939 1624 sus
962 1562 1127 1628 Auses-icoo
1148 1564 1298 1640 historio,
1333 1566 1404 1632 Bn-

268 1658 387 1742 sehing
417 1660 452 1724 in
483 1680 545 1722 sna
570 1657 790 1744 Geopraplrio,
825 1655 1023 1724 Mai-montel
1053 1659 1074 1724 1.
1100 1684 1145 1740 a,
1181 1661 1325 1748 aliique,
1363 1679 1406 1730 ut

268 1758 399 1822 facinus
431 1757 671 1842 nequissimum
709 1757 983 1842 moguntiaeque
1017 1758 1206 1842 pontificias
1237 1760 1404 1828 delirium

268 1856 408 1942 impium
432 1854 612 1920 traducunt
634 1862 733 1938 atque
757 1851 991 1920 condemnant.
1038 1853 1104 1920 Sed
1128 1858 1155 1920 si
1179 1857 1262 1923 bens
1284 1868 1397 1924 totum

268 1954 332 2019 hoa
355 1955 524 2039 negotium
549 1953 778 2017 examinatur:

357 2051 411 2116 ab.
452 2054 480 2117 l.
505 2048 634 2134 Regula
650 2049 737 2135 juris
761 2059 828 2130 est,
852 2049 887 2114 in
912 2049 1139 2116 contractibus
1161 2075 1259 2118 voces
1280 2067 1321 2120 et
1343 2080 1391 2122 ex·

268 2153 452 2238 pressiones
475 2149 667 2214 indefinitas
691 2147 923 2232 intelligendas
947 2169 1017 2212 esse
1036 2149 1136 2234 juxta
1157 2149 1397 2238 limites-justi·

267 2252 333 2314 tiae
356 2259 389 2313 et
412 2249 598 2334 aequitatis.
647 2246 737 2312 Hinc
761 2245 895 2311 donatio
920 2244 976 2310 ills
1000 2267 1066 2311 non
1091 2247 1127 2312 id
1148 2250 1337 2333 sanificet,
1364 2267 1400 2316 ut

266 2369 360 2432 reges
385 2347 568 2432 Hispaniae
599 2367 634 2410 ss
658 2366 717 2430 pro
742 2342 836 2408 libito
860 2352 960 2428 atque
983 2343 1122 2410 arbitrio
1149 2345 1306 2414 domium
1328 2349 1401 2418 ills·

266 2465 339 2510 rum
363 2445 537 2528 regionum
554 2443 754 2508 constituere
770 2442 907 2526 possint,
932 2441 989 2506 sed
1009 2445 1174 2529 supposito
1182 2448 1271 2532 justo
1286 2448 1403 2514 me.

267 2543 306 2608 Id
332 2544 404 2630 jam
435 2542 640 2626 antiquiores
669 2540 846 2625 scriptores
869 2538 988 2625 ,quoad
1017 2539 1106 2606 hano
1129 2541 1261 2608 Bullsm
1281 2543 1402 2612 obser·

178 2637 186 2651 '
267 2651 404 2720 varunt,
429 2641 476 2704 uti
501 2637 642 2719 Suarez,
669 2639 720 2704 De
744 2637 849 2722 Lugo,
876 2636 1049 2722 ConInak,
1074 2637 1401 2726 sumntieema

270 2737 365 2820 Quia,
389 2739 561 2824 inquiunt,
593 2737 750 2804 concessio
774 2735 973 2821 qmatumois
997 2735 1107 2822 ampla
1129 2748 1160 2801 et
1180 2737 1333 2806 absoluto
1357 2745 1403 2806 sit

266 2837 375 2915 verbo,
408 2837 558 2900 reeriesa
586 2834 676 2900 debet
698 2833 837 2920 intellipi
866 2833 911 2896 od
939 2835 1088 2900 amima
1109 2837 1198 2923 juris
1228 2847 1258 2902 et
1286 2845 1402 2926 σᾶμ’.

266 2935 441 3021 Ejusmodi
473 2943 585 2999 autem
617 2930 805 2998 universale
836 2930 1022 2996 dominium
1054 2941 1233 3014 tenuram,
1268 2947 1306 2998 nt
1340 2961 1404 3004 eas

267 3032 392 3098 donare
416 3042 449 3098 st
472 3029 669 3096 distribuere
693 3050 752 3115 pro
776 3029 912 3094 arbitrio
933 3041 1053 3116 posset,
1077 3029 1221 3116 theologi
1235 3032 1400 3102 catholici
1480 3029 1481 3042 ¹

267 3153 437 3216 nunquam
464 3129 612 3194 Romano
638 3127 792 3194 Pontifici
816 3127 1022 3210 tribueruut;
1047 3126 1214 3196 calumnia
1236 3142 1289 3196 est
1310 3131 1402 3202 haee

267 3229 519 3295 haereticorum.
547 3225 591 3294 Se
609 3226 689 3311 jura
709 3225 852 3292 aliorum
876 3227 1040 3305 venerari,
1056 3226 1197 3295 Romani
1214 3229 1405 3298 Ponfificss

267 3349 397 3413 semper
420 3327 557 3413 professi
582 3334 670 3390 sunt.

342 3427 387 3506 Ι2.
416 3425 494 3490 lam
519 3422 574 3488 illo
598 3433 746 3508 tempore
770 3420 967 3508 cajetanus,
1002 3432 1036 3488 st
1059 3421 1157 3510 paulo
1181 3433 1256 3509 post
1279 3425 1399 3492 Domi·

268 3526 363 3590 uicus
395 3522 473 3590 Soto
511 3543 645 3587 sensum
683 3521 871 3606 expositum
909 3519 1021 3586 verbis
1059 3517 1176 3586 Bullse
1212 3523 1401 3592 convenire

267 3620 492 3689 ostenderunt.
539 3617 606 3684 Sed
637 3639 735 3684 omne
765 3617 906 3684 dubiam
940 3617 1065 3687 tollitur
1094 3642 1136 3686 ex
1156 3611 1265 3691 ‘Buta
1294 3622 1400 3710 plene

268 3719 385 3802 simili,
417 3740 503 3806 quae
526 3741 557 3783 s.
583 3717 667 3782 1497
692 3715 914 3801 Portugallise
937 3718 1006 3801 regi
1032 3715 1243 3786 Emmsuusli
1260 3725 1397 3806 pennu

283 3895 294 3898 -
335 3891 480 3900 ——-——-

344 3989 362 4054 Ι)
381 3985 415 4040 V.
434 3983 567 4052 Raynsld.
587 3981 621 4036 ad
640 3997 664 4036 s.
686 3981 755 4035 1493
774 3999 800 4040 n.
823 3985 864 4039 19.

341 4065 363 4136 ¹)
383 4065 490 4130 Suarss,
518 4062 592 4131 DIsp.
612 4061 707 4116 XVIII
732 4060 771 4116 De
789 4061 864 4126 Fide,
891 4069 959 4118 sect.
978 4063 999 4119 I
1027 4080 1052 4133 p.
1073 4065 1108 4118 11.
1135 4081 1162 4118 n.
1181 4063 1207 4118 9,
1242 4093 1274 4104 -
1307 4065 1397 4134 Lnga,

267 4141 1117 4292 essuealsatiense·
1136 4145 1170 4200 ,
1283 4161 1310 4201 2·
