2868 4844
235 454 280 510 De.
295 451 545 516 Rsssnstimibns,
564 451 690 514 sonatis,
709 449 885 506 Commendis.
1091 445 1145 502 Μ

38 619 124 682 quum
147 618 265 662 revers
288 605 469 682 proventus
493 596 669 660 necessarii
695 617 761 658 non
786 593 950 671 adessent,
975 591 1054 656 talia
1070 591 1143 655 sub·

38 694 110 758 sidia
125 697 293 778 (onustas)
316 693 481 780 postulare
498 695 614 778 potuit.
624 691 647 780 ¹)
663 729 700 740 -
719 691 868 757 Ioannes
883 689 986 755 XXII
1011 688 1145 754 induxit

36 792 207 858 subsidium
237 814 386 857 annuum
425 814 468 855 ex
498 790 653 857 omnibus
685 789 856 854 benefieiis
896 810 962 853 non
995 786 1145 852 eleotivis

35 891 222 975 exigendum
247 891 291 956 ad
314 890 558 956 mboeaiendum
581 885 740 954 Ecclesiae
763 886 1012 964 necessitatibus,
1044 896 1144 972 atque

35 987 70 1052 ob
100 1009 171 1052 eam
201 1010 336 1052 eanum
366 989 552 1058 reservavit
582 1007 686 1073 usque
714 985 758 1050 ad
789 987 969 1050 trienninm
999 984 1143 1048 froetnm

34 1087 121 1169 primi
143 1087 223 1150 anni
239 1086 388 1150 omnium
406 1083 673 1171 praebendarum
689 1094 723 1148 et
737 1084 958 1149 ecelesiarum
974 1079 1144 1168 paroehia-

33 1181 105 1247 linm
136 1194 167 1248 et
196 1183 416 1270 capellarum,
456 1206 541 1270 quse
581 1184 667 1248 intra
700 1181 780 1247 illud
812 1184 971 1266 temporis
998 1181 1144 1261 spatium

33 1291 209 1358 vacarent·
226 1293 262 1346 ut
284 1292 375 1366 patet
397 1305 440 1346 ex
464 1282 535 1368 ejus
559 1281 804 1346 Constitutione
831 1278 907 1345 Com
929 1277 1144 1360 nonnolloe.²)

31 1379 168 1444 loannes
191 1382 262 1466 ipse
287 1381 390 1446 vitam
415 1380 512 1444 duxit
536 1382 681 1444 maxime
705 1379 850 1444 sobriam
866 1389 899 1442 et
913 1387 1050 1461 aretam,
1074 1375 1143 1458 sed,

32 1479 72 1540 uti
87 1477 241 1556 diximus,
265 1479 377 1542 animo
394 1476 553 1543 volvebat
566 1479 723 1543 eontinuo
741 1477 988 1563 expeditionem
1004 1496 1143 1558 sacram,

32 1573 185 1660 hujusque
214 1577 323 1660 gratia
355 1579 478 1662 negotii
508 1587 541 1640 et
568 1587 702 1662 propter
729 1575 811 1640 alias
838 1595 1003 1659 expensas
1028 1575 1143 1638 merito

30 1673 169 1738 subsidia
193 1676 380 1738 necessaria
403 1675 557 1758 colligere
581 1674 716 1740 studuit

111 1772 162 1836 82.
202 1773 312 1838 Etiam
338 1770 578 1858 subsequentes
594 1771 771 1836 Pontifices
795 1781 936 1836 ansatas
952 1769 1006 1834 vel
1022 1768 1144 1844 similia
1204 1814 1219 1843 u
1270 1833 1275 1844 ,

29 1869 145 1934 tributa
167 1869 372 1956 frequentius
396 1869 666 1956 imposueruntl)
697 1892 760 1935 nee
784 1869 921 1934 deerant
939 1869 1144 1954 justissImao

29 1969 102 2051 ipsis
133 1990 263 2034 causae.
311 1969 514 2033 Patrimonio
546 1969 633 2034 enim
667 1991 691 2034 s.
716 1969 805 2032 Petri
839 1965 946 2031 orbati
970 1976 1075 2046 erant,
1111 1980 1145 2033 et

31 2087 185 2150 expensas
216 2067 368 2151 ingentes
398 2070 577 2153 praecipue
608 2067 651 2131 ad
676 2066 785 2131 hostes
809 2089 834 2132 s.
859 2063 955 2132 Sedis
987 2068 1021 2130 in
1045 2063 1143 2130 Italia

30 2163 220 2229 coercendos
243 2165 352 2230 faeere
376 2164 560 2246 debebant,
589 2165 670 2230 hine
693 2167 848 2251 quamvis
872 2163 1010 2228 molesta
1034 2172 1144 2228 emant

28 2258 76 2323 illa
99 2261 232 2344 tributa,
257 2263 428 2347 imponere
452 2286 492 2328 ea
515 2275 676 2349 poterant.
710 2262 901 2328 Contribuit
923 2273 1035 2326 tamen
1059 2260 1143 2326 liaeo

28 2379 81 2440 res,
113 2370 149 2424 nt
178 2371 293 2426 eontra
315 2361 494 2427 Pontifices
518 2363 771 2428 Avenionenses
799 2361 1026 2447 querimoniae
1050 2381 1143 2424 aeres

28 2458 191 2540 orirentur,
222 2468 255 2523 et
285 2469 433 2544 tempore
463 2460 652 2525 schismatis
683 2461 823 2525 nimium
856 2470 956 2524 sueta
985 2467 1063 2522 sunt
1086 2457 1143 2522 illa

28 2552 152 2620 tributa.
201 2555 436 2638 Querimonias
471 2570 582 2623 autem
615 2559 847 2644 praecedentis
885 2558 1044 2641 temperis
1083 2557 1142 2620 vix

23 2653 121 2738 justas
146 2654 325 2736 inveneris,
350 2657 377 2719 si
402 2655 548 2741 singulas
571 2657 827 2722 examinaveris.
860 2655 1032 2720 Interdum
1055 2655 1142 2739 eapi-

27 2747 160 2815 lulornm
184 2761 217 2814 et
241 2754 515 2818 monasteriorum
540 2754 629 2819 bona
652 2775 694 2818 ex
707 2753 859 2818 secordia
876 2752 1141 2838 negligebantur,

28 2847 72 2910 vel
95 2848 354 2936 dissipabantur,
380 2874 419 2914 ae
435 2862 515 2916 tune
533 2861 647 2917 conns
663 2854 867 2939 aequissima
882 2873 960 2937 erga
977 2875 1000 2918 s.
1019 2849 1140 2915 Sedem

27 2945 167 3011 subsidia
181 2947 435 3014 reclamabatur.
464 2949 636 3015 Interdum
654 2952 755 3016 etiam
771 2950 875 3016 nImia
892 2949 1143 3034 magnificentia

26 3056 53 3104 et
80 3043 254 3129 splendore
294 3047 397 3111 nimio
440 3047 589 3114 membra
627 3047 756 3114 illorum
789 3069 963 3134 corporum
995 3045 1141 3132 gaudere

25 3141 204 3224 studebant,
229 3166 268 3208 ae
293 3144 432 3210 dilatare
456 3149 681 3232 possessiones
695 3171 782 3228 suas,
807 3146 958 3232 adeoque
974 3147 1140 3210 immerito

26 3238 287 3324 indignabantur,
322 3243 402 3309 dum
430 3265 537 3330 aequa
568 3244 695 3310 tributa
718 3267 777 3331 pro
800 3242 1055 3310 neeessitatibus
1078 3243 1140 3308 Ee-

25 3334 135 3401 clasiae
159 3361 289 3404 sommo
312 3339 466 3406 Pontifioi
491 3342 618 3408 solvere
642 3343 819 3410 debebant.

105 3436 157 3500 83.
206 3435 324 3517 Quoad
355 3438 438 3504 haee
469 3443 592 3526 optime
616 3442 802 3507 advertitur
825 3444 860 3508 in
885 3439 1141 3505 Antifebrouio:

26 3531 234 3608 ,Communis
257 3537 325 3601 fere
349 3548 382 3602 et
405 3541 552 3604 maxima
575 3540 710 3625 querela
729 3540 819 3626 apud
836 3537 1021 3603 Germanos
1048 3558 1141 3623 prae-

89 3760 108 3813 ἰ
127 3759 180 3816 cfr.
199 3760 233 3814 de
252 3761 370 3814 Annstis
388 3761 556 3816 Thomassin.
577 3763 639 3817 Vet.
660 3770 689 3816 et
707 3779 768 3816 nov.
796 3761 903 3832 Discipl.
924 3765 953 3816 Ρ.
974 3760 1026 3816 ΙΙΙ.
1053 3760 1083 3815 L.
1103 3761 1137 3813 11.

24 3837 162 3971 §.thssl
182 3855 238 3906 sqq.
259 3841 358 3896 Deveti
376 3841 468 3896 Instit.
494 3859 587 3898 osnen
614 3843 644 3900 L.
665 3844 686 3899 1.
714 3843 769 3897 Tit.
789 3844 822 3900 V.
851 3843 919 3900 Soet.
940 3843 986 3900 111.
1018 3860 1044 3896 n.
1065 3840 1140 3897 XLI.

89 3961 110 4068 2Ι)
129 3999 242 4056 Extrav.
263 4017 355 4059 eomm.
376 4003 392 4056 l.
413 4002 465 4060 III.
485 4003 539 4057 Tit.
559 4005 592 4058 de
612 4006 701 4072 prseb.

88 4079 108 4144 ³)
126 4079 270 4136 Tributnm
279 4091 445 4151 perpetuom
465 4091 494 4137 et
512 4085 666 4140 universate
678 4087 797 4142 sancivit
815 4095 844 4142 et
863 4087 1061 4156 episcopatibus
1073 4103 1136 4154 quo·

23 4170 113 4293 pseusti
130 4161 246 4296 abblspiis
266 4162 395 4230 imposuit
407 4161 562 4220 Bonilstins
577 4165 614 4219 IX
636 4173 707 4221 teste
725 4167 774 4221 Th.
795 4169 827 4222 de
840 4169 926 4232 Niem,
944 4167 1138 4222 deSehismete

34 4270 48 4291 ι.
109 4259 148 4294 .e
211 4285 217 4298 .
