2850 4834
312 477 366 533 180
509 480 626 539 XXXII.
645 482 685 537 De
703 481 881 537 Pontificibus
900 482 1038 537 doemone
1057 483 1235 538 commoratio.

311 623 444 688 Fratres
453 623 598 710 theologi
607 626 764 691 Perusiae
775 637 974 712 praesentes.
985 625 1163 691 Manifesta
1173 626 1258 692 baud
1269 629 1396 711 exiguum

311 732 382 786 erat
406 743 443 786 eo
468 733 616 807 tempore
640 745 699 810 pro
723 734 790 790 toto
815 723 940 808 inclyto
957 725 1189 789 Minoritarum
1205 724 1320 791 Ordine
1340 726 1396 787 scis-

311 820 413 882 sionis
444 819 639 904 periculum.
663 860 707 869 -
730 822 880 887 Ioannes
903 821 1007 887 XXII
1031 821 1206 888 Michaelis
1227 833 1260 886 et
1280 819 1396 907 Capituli

310 916 462 981 Perusini
495 918 671 983 audaciam
705 922 826 985 acriter
856 918 1078 1005 reprehendit,
1111 930 1144 984 ct
1171 941 1304 984 examen
1325 941 1398 1004 quae

310 1017 426 1080 ationis
464 1017 608 1101 agitatae
645 1039 704 1103 per
728 1017 921 1082 Cardinalcs
956 1028 988 1082 et
1022 1017 1190 1102 theologos
1225 1018 1398 1082 doctissimos

309 1115 528 1180 continuavit.

144 1241 292 1344 ffiffl
398 1247 451 1314 30.
484 1248 601 1313 Edidit
625 1248 703 1313 dein
725 1248 879 1314 Pontifex
903 1251 1052 1334 sequenti
1077 1257 1224 1336 tempore
1248 1245 1398 1314 duasCon·

191 1376 243 1408 m.
308 1347 497 1410 stitutiones
525 1346 671 1411 celebres
704 1369 790 1432 quae
822 1347 865 1412 ad
893 1349 1134 1412 controversias
1165 1346 1206 1412 dc
1236 1357 1397 1433 paupertate

307 1443 609 1509 Franciscanorum
648 1446 832 1531 pertinent,
869 1467 1038 1532 quumque
1078 1467 1121 1509 ex
1154 1443 1219 1510 illis
1246 1443 1396 1508 adversarii

308 1539 404 1606 Sedis
427 1540 640 1626 Apostolicae
671 1545 880 1607 occasionem
908 1544 1120 1626 sumpserint,
1153 1553 1190 1607 ut
1213 1563 1348 1607 errorum
1370 1539 1396 1602 da

308 1637 374 1702 fido
397 1638 564 1704 Romanos
580 1639 759 1706 Pontifices
783 1641 1021 1722 accusarent,²)
1040 1641 1112 1726 jam
1136 1641 1178 1706 de
1202 1641 1315 1705 barum
1337 1635 1395 1702 Con-

307 1737 514 1800 stitutionum
555 1736 666 1803 indole
704 1739 873 1825 aliquanto
913 1741 1101 1803 accuratius
1146 1737 1309 1824 agendum
1348 1757 1395 1797 essa

306 1833 450 1898 videtur.

397 1932 511 1998 Mense
526 1934 705 1999 Deccmbri
723 1958 752 2000 a.
773 1936 857 2000 1322
874 1934 1060 2020 publicavit
1073 1935 1222 2000 Ioannes
1238 1930 1333 1998 XXII
1353 1931 1395 1992 lle

307 2031 473 2110 cretulam,
505 2053 590 2118 quae
625 2035 744 2119 incipit
767 2034 820 2097 Ad
847 2031 1088 2114 Conditorem,²)
1122 2033 1217 2119 cujus
1241 2031 1396 2096 occasiost

306 2149 426 2214 scopus
449 2129 584 2195 fuerunt
606 2131 780 2216 ejusmodi.
813 2130 938 2195 Multae
962 2132 1004 2195 de
1020 2131 1185 2195 Minoritis
1210 2127 1349 2216 querelae
1367 2123 1394 2186 al

305 2225 427 2292 Sedem
442 2227 668 2314 Apostolicam
692 2227 953 2313 perforabantur,
977 2230 1066 2313 ipsos
1090 2229 1200 2313 specie
1223 2225 1394 2314 paupertatis

304 2325 516 2411 apostolicae,
555 2349 620 2412 qua
652 2329 791 2392 caeteris
822 2326 983 2410 religiosis
1007 2325 1191 2392 Ordinibus
1230 2319 1393 2390 antecellere

298 2423 485 2510 jactabant,
511 2427 694 2490 consectari
707 2447 796 2511 opes,
821 2437 854 2490 et
868 2424 943 2490 lites
958 2427 1089 2511 iniquas
1102 2423 1198 2489 Sedis
1214 2420 1393 2509 Apostolicae
1409 2467 1410 2474 .

304 2523 449 2601 nomine,
482 2523 650 2608 adquam
674 2522 809 2587 verbale
833 2534 866 2587 et
888 2523 1158 2607 aenigmaticum,
1190 2531 1227 2584 ut
1257 2523 1302 2584 ait
1321 2517 1394 2582 Joan·

303 2641 373 2700 nes,
397 2642 507 2686 rerum
533 2643 615 2708 quas
639 2619 855 2706 possidebant
878 2619 1064 2685 dominium
1088 2643 1131 2684 ex
1143 2619 1272 2684 Nicolai
1297 2615 1394 2680 Consti·

303 2719 431 2782 tutione
456 2719 637 2804 spectabat,
662 2719 846 2783 intendere.
878 2717 983 2784 Simul
1009 2739 1085 2782 vero
1102 2716 1257 2781 Pontifex
1274 2716 1337 2801 jam
1357 2707 1409 2778 all-3

304 2824 449 2879 verterat
464 2817 658 2903 periculum,
679 2819 856 2903 quominus
872 2815 974 2880 falsae
989 2814 1031 2879 de
1046 2823 1239 2902 paupertate
1253 2813 1393 2899 opiniones

304 2913 339 2975 in
363 2911 490 2977 Ordine
513 2914 643 2979 radices
667 2925 812 2998 agerent
860 2914 950 2978 Hinc
974 2914 1158 2978 dominium
1182 2933 1291 2976 rerum
1316 2905 1393 2972 noluit

303 3009 475 3076 Ecclesiae
510 3035 694 3094 reservare;
733 3011 791 3076 sed
827 3011 908 3076 illud
939 3033 999 3096 per
1026 3012 1124 3075 istam
1149 3008 1392 3074 Constitutioneu

302 3110 446 3172 restituit
469 3108 588 3175 Ordini
620 3111 694 3196 ipsi,
728 3119 858 3194 praeter
890 3131 939 3192 ea,
972 3130 1058 3194 quae
1080 3107 1124 3172 ad
1147 3131 1240 3172 sacra
1263 3114 1391 3192 spectant

301 3204 468 3291 simulque
494 3209 599 3272 vetuit
621 3208 796 3272 Minoritas
819 3205 988 3292 pontificio
1013 3207 1146 3270 nomine
1167 3223 1351 3291 quemquam
1370 3199 1390 3258 in

301 3302 394 3368 litem
427 3304 604 3370 adducere.
651 3307 752 3370 Initio
783 3304 884 3390 hujus
915 3303 1031 3368 Bullae
1054 3303 1203 3369 Joanncs
1234 3301 1325 3367 dicit:
1356 3291 1391 3358 ,tl

306 3399 506 3466 Conditorem
530 3427 686 3469 cononum
708 3425 772 3467 raon
797 3414 842 3467 cat
872 3402 1000 3466 dubium
1018 3403 1191 3488 pertinere,
1213 3423 1278 3464 cum
1299 3405 1390 3461 anuo

301 3523 324 3563 o
347 3521 378 3564 se
401 3498 451 3564 vel
474 3525 494 3564 o
511 3501 808 3566 Proedeceasora'bue
833 3503 898 3565 coia
922 3500 1009 3564 edito
1033 3499 1137 3584 obesse
1155 3499 1292 3586 percipit
1309 3493 1389 3581 potios

298 3621 396 3683 quom
412 3599 577 3685 prodesse,
608 3623 647 3662 ne
670 3597 803 3663 ulterius
828 3598 932 3662 obesae
955 3596 1084 3662 valeant
1109 3596 1283 3682 procidere.
1326 3591 1390 3655 Dein

299 3695 414 3760 multis
438 3699 658 3783 prosequitur,
684 3695 726 3761 ob
744 3695 879 3761 modum
894 3694 1015 3780 agendi
1031 3693 1259 3760 Minoritarum
1276 3688 1388 3778 praeto

302 3793 479 3858 utilitatem
503 3817 562 3881 pro
588 3797 657 3859 vita
681 3795 877 3880 perfectiore
901 3815 945 3860 ex
968 3792 1023 3858 illa
1046 3791 1255 3858 abdicatione
1278 3783 1387 3854 dominii

374 4087 397 4154 ¹)
416 4086 457 4144 of.
477 4088 600 4144 Bossnet.
621 4086 749 4141 Defensio
768 4085 970 4154 declarationis,
989 4085 1109 4141 Ocuvres
1126 4085 1226 4142 XVIII.
1244 4099 1269 4153 p.
1286 4081 1331 4136 339
1345 4089 1384 4140 tlt·
1403 4081 1404 4116 ἓ

300 4165 386 4234 Liege
406 4169 483 4228 1768,
505 4198 538 4209 -
556 4169 651 4234 Ianus,
671 4167 721 4234 III,
741 4167 792 4222 Die
811 4167 962 4235 papstlichs
980 4165 1194 4222 Unfeblbarlreit.

373 4263 397 4334 ²)
417 4265 560 4334 Extravag
587 4265 701 4320 Instruis
721 4264 810 4321 XXII.
830 4263 884 4318 'Iit
906 4263 978 4318 XIV.
998 4263 1024 4318 (Ι
1044 4263 1097 4318 ΙΠ.
