<?xml version="1.0" encoding="UTF-8"?>
<!DOCTYPE html PUBLIC "-//W3C//DTD XHTML 1.0 Transitional//EN"
    "http://www.w3.org/TR/xhtml1/DTD/xhtml1-transitional.dtd">
<html xmlns="http://www.w3.org/1999/xhtml" xml:lang="en" lang="en">
 <head>
  <title>
</title>
<meta http-equiv="Content-Type" content="text/html;charset=utf-8" />
  <meta name='ocr-system' content='tesseract 3.04.00' />
  <meta name='ocr-capabilities' content='ocr_page ocr_carea ocr_par ocr_line ocrx_word'/>
</head>
<body>
  <div class='ocr_page' id='page_1' title='image "./dissertationess00junggoog_0350.png"; bbox 0 0 2828 4842; ppageno 0'>
   <div class='ocr_carea' id='block_1_1' title="bbox 365 443 1121 512">
    <p class='ocr_par' dir='ltr' id='par_1_1' title="bbox 365 443 1121 512">
     <span class='ocr_line' id='line_1_1' title="bbox 365 443 1121 512; baseline 0.005 -14"><span class='ocrx_word' id='word_1_1' title='bbox 365 444 406 498; x_wconf 89' lang='lat' dir='ltr'><em>De</em></span> <span class='ocrx_word' id='word_1_2' title='bbox 425 443 529 498; x_wconf 84' lang='lat' dir='ltr'><em>haeresi</em></span> <span class='ocrx_word' id='word_1_3' title='bbox 548 443 744 512; x_wconf 69' lang='lat' dir='ltr'><em>albigensium.</em></span> <span class='ocrx_word' id='word_1_4' title='bbox 1066 449 1121 502; x_wconf 76' lang='grc'><em>336</em></span> 
     </span>
    </p>
   </div>
   <div class='ocr_carea' id='block_1_2' title="bbox 35 584 1120 966">
    <p class='ocr_par' dir='ltr' id='par_1_2' title="bbox 35 584 1120 966">
     <span class='ocr_line' id='line_1_2' title="bbox 40 584 1120 673; baseline 0.008 -27"><span class='ocrx_word' id='word_1_5' title='bbox 40 584 200 650; x_wconf 80' lang='lat' dir='ltr'><em>destructam</em></span> <span class='ocrx_word' id='word_1_6' title='bbox 223 609 304 671; x_wconf 85' lang='lat' dir='ltr'><em>esse,</em></span> <span class='ocrx_word' id='word_1_7' title='bbox 335 586 502 673; x_wconf 83' lang='lat' dir='ltr'>colligitur</span> <span class='ocrx_word' id='word_1_8' title='bbox 525 610 567 651; x_wconf 88' lang='lat' dir='ltr'><em>ex</em></span> <span class='ocrx_word' id='word_1_9' title='bbox 592 589 694 652; x_wconf 85' lang='lat' dir='ltr'><em>variis</em></span> <span class='ocrx_word' id='word_1_10' title='bbox 718 587 806 654; x_wconf 89' lang='lat' dir='ltr'><em>illius</em></span> <span class='ocrx_word' id='word_1_11' title='bbox 831 589 910 652; x_wconf 88' lang='lat' dir='ltr'><em>anni</em></span> <span class='ocrx_word' id='word_1_12' title='bbox 943 599 977 653; x_wconf 89' lang='lat' dir='ltr'><em>et</em></span> <span class='ocrx_word' id='word_1_13' title='bbox 1009 589 1120 655; x_wconf 89' lang='lat' dir='ltr'><em>subse·</em></span> 
     </span>
     <span class='ocr_line' id='line_1_3' title="bbox 38 684 1120 772; baseline 0.007 -28"><span class='ocrx_word' id='word_1_14' title='bbox 38 684 174 766; x_wconf 84' lang='lat' dir='ltr'><em>quentium</em></span> <span class='ocrx_word' id='word_1_15' title='bbox 196 707 357 750; x_wconf 83' lang='lat' dir='ltr'><em>annorum</em></span> <span class='ocrx_word' id='word_1_16' title='bbox 381 686 598 766; x_wconf 83' lang='lat' dir='ltr'><strong>documentis,</strong></span> <span class='ocrx_word' id='word_1_17' title='bbox 624 687 659 750; x_wconf 91' lang='lat' dir='ltr'><em>in</em></span> <span class='ocrx_word' id='word_1_18' title='bbox 675 685 797 772; x_wconf 86' lang='lat' dir='ltr'><em>quibus</em></span> <span class='ocrx_word' id='word_1_19' title='bbox 819 708 925 751; x_wconf 90' lang='lat' dir='ltr'><em>sermo</em></span> <span class='ocrx_word' id='word_1_20' title='bbox 950 687 987 751; x_wconf 84' lang='lat' dir='ltr'><em>fit</em></span> <span class='ocrx_word' id='word_1_21' title='bbox 1010 687 1051 752; x_wconf 86' lang='lat' dir='ltr'><em>de</em></span> <span class='ocrx_word' id='word_1_22' title='bbox 1067 687 1120 752; x_wconf 93' lang='lat' dir='ltr'><em>Bi·</em></span> 
     </span>
     <span class='ocr_line' id='line_1_4' title="bbox 37 783 1120 870; baseline 0.007 -28"><span class='ocrx_word' id='word_1_23' title='bbox 37 785 104 844; x_wconf 84' lang='lat' dir='ltr'><em>terris</em></span> <span class='ocrx_word' id='word_1_24' title='bbox 124 793 157 846; x_wconf 88' lang='lat' dir='ltr'><em>ut</em></span> <span class='ocrx_word' id='word_1_25' title='bbox 178 784 310 848; x_wconf 86' lang='lat' dir='ltr'><em>civitate</em></span> <span class='ocrx_word' id='word_1_26' title='bbox 334 784 472 866; x_wconf 85' lang='lat' dir='ltr'><em>munita,</em></span> <span class='ocrx_word' id='word_1_27' title='bbox 503 785 539 850; x_wconf 89' lang='lat' dir='ltr'><em>in</em></span> <span class='ocrx_word' id='word_1_28' title='bbox 562 806 629 870; x_wconf 87' lang='lat' dir='ltr'><em>qua</em></span> <span class='ocrx_word' id='word_1_29' title='bbox 652 787 827 870; x_wconf 87' lang='lat' dir='ltr'><em>episcopus</em></span> <span class='ocrx_word' id='word_1_30' title='bbox 852 795 884 848; x_wconf 88' lang='lat' dir='ltr'><em>et</em></span> <span class='ocrx_word' id='word_1_31' title='bbox 907 783 1046 869; x_wconf 84' lang='lat' dir='ltr'><em>collegia</em></span> <span class='ocrx_word' id='word_1_32' title='bbox 1069 809 1120 850; x_wconf 88' lang='lat' dir='ltr'><em>ca-</em></span> 
     </span>
     <span class='ocr_line' id='line_1_5' title="bbox 35 880 421 966; baseline 0.016 -25"><span class='ocrx_word' id='word_1_33' title='bbox 35 881 193 944; x_wconf 85' lang='lat' dir='ltr'><em>nonicorum</em></span> <span class='ocrx_word' id='word_1_34' title='bbox 216 880 421 966; x_wconf 85' lang='lat' dir='ltr'><em>degebant.¹)</em></span> 
     </span>
    </p>
   </div>
   <div class='ocr_carea' id='block_1_3' title="bbox 28 1047 1290 1532">
    <p class='ocr_par' dir='ltr' id='par_1_3' title="bbox 28 1047 1290 1532">
     <span class='ocr_line' id='line_1_6' title="bbox 96 1047 1121 1137; baseline 0.003 -25"><span class='ocrx_word' id='word_1_35' title='bbox 96 1049 143 1114; x_wconf 82' lang='lat'><em>24.</em></span> <span class='ocrx_word' id='word_1_36' title='bbox 167 1047 329 1114; x_wconf 85' lang='lat' dir='ltr'><em>Convenit</em></span> <span class='ocrx_word' id='word_1_37' title='bbox 344 1050 455 1115; x_wconf 89' lang='lat' dir='ltr'><em>adhue</em></span> <span class='ocrx_word' id='word_1_38' title='bbox 472 1072 740 1133; x_wconf 88' lang='lat' dir='ltr'><em>commemorare,</em></span> <span class='ocrx_word' id='word_1_39' title='bbox 760 1073 845 1137; x_wconf 86' lang='lat' dir='ltr'><em>quae</em></span> <span class='ocrx_word' id='word_1_40' title='bbox 860 1052 921 1114; x_wconf 88' lang='lat' dir='ltr'><em>isto</em></span> <span class='ocrx_word' id='word_1_41' title='bbox 939 1049 981 1114; x_wconf 88' lang='lat' dir='ltr'><em>de</em></span> <span class='ocrx_word' id='word_1_42' title='bbox 997 1063 1121 1116; x_wconf 89' lang='lat' dir='ltr'><em>eventu</em></span> 
     </span>
     <span class='ocr_line' id='line_1_7' title="bbox 33 1143 1122 1229; baseline 0.007 -23"><span class='ocrx_word' id='word_1_43' title='bbox 33 1143 92 1209; x_wconf 83' lang='lat' dir='ltr'><em>dicit</em></span> <span class='ocrx_word' id='word_1_44' title='bbox 112 1145 278 1214; x_wconf 81' lang='lat' dir='ltr'>Caesarius</span> <span class='ocrx_word' id='word_1_45' title='bbox 303 1150 344 1214; x_wconf 94' lang='lat' dir='ltr'><em>de</em></span> <span class='ocrx_word' id='word_1_46' title='bbox 369 1149 599 1229; x_wconf 87' lang='lat' dir='ltr'><em>Heisterbach,</em></span> <span class='ocrx_word' id='word_1_47' title='bbox 624 1152 749 1214; x_wconf 85' lang='lat' dir='ltr'><em>novitio</em></span> <span class='ocrx_word' id='word_1_48' title='bbox 779 1171 837 1214; x_wconf 92' lang='lat' dir='ltr'><em>suo</em></span> <span class='ocrx_word' id='word_1_49' title='bbox 862 1171 938 1212; x_wconf 87' lang='lat' dir='ltr'><em>eum</em></span> <span class='ocrx_word' id='word_1_50' title='bbox 963 1171 1122 1214; x_wconf 89' lang='lat' dir='ltr'><em>enarrans</em></span> 
     </span>
     <span class='ocr_line' id='line_1_8' title="bbox 31 1243 1121 1334; baseline 0.006 -29"><span class='ocrx_word' id='word_1_51' title='bbox 31 1243 53 1306; x_wconf 87' lang='lat' dir='ltr'><em>in</em></span> <span class='ocrx_word' id='word_1_52' title='bbox 71 1245 194 1334; x_wconf 84' lang='lat' dir='ltr'><em>Dialoqo</em></span> <span class='ocrx_word' id='word_1_53' title='bbox 218 1247 450 1328; x_wconf 76' lang='lat' dir='ltr'><strong><em>miraculorum,</em></strong></span> <span class='ocrx_word' id='word_1_54' title='bbox 475 1249 586 1313; x_wconf 89' lang='lat' dir='ltr'><em>minus</em></span> <span class='ocrx_word' id='word_1_55' title='bbox 601 1258 756 1312; x_wconf 84' lang='lat' dir='ltr'><em>accurate</em></span> <span class='ocrx_word' id='word_1_56' title='bbox 776 1258 898 1329; x_wconf 83' lang='lat' dir='ltr'><em>tamen,</em></span> <span class='ocrx_word' id='word_1_57' title='bbox 924 1270 1026 1333; x_wconf 89' lang='lat' dir='ltr'><em>quum</em></span> <span class='ocrx_word' id='word_1_58' title='bbox 1051 1271 1121 1312; x_wconf 87' lang='lat' dir='ltr'><em>eru·</em></span> 
     </span>
     <span class='ocr_line' id='line_1_9' title="bbox 30 1343 1290 1433; baseline 0.007 -32"><span class='ocrx_word' id='word_1_59' title='bbox 30 1343 122 1406; x_wconf 79' lang='lat' dir='ltr'><em>sistam</em></span> <span class='ocrx_word' id='word_1_60' title='bbox 153 1357 184 1410; x_wconf 91' lang='lat' dir='ltr'><em>et</em></span> <span class='ocrx_word' id='word_1_61' title='bbox 206 1369 275 1410; x_wconf 87' lang='lat' dir='ltr'><em>rem</em></span> <span class='ocrx_word' id='word_1_62' title='bbox 298 1357 424 1433; x_wconf 89' lang='lat' dir='ltr'><em>gestam</em></span> <span class='ocrx_word' id='word_1_63' title='bbox 449 1370 536 1411; x_wconf 85' lang='lat' dir='ltr'><em>anno</em></span> <span class='ocrx_word' id='word_1_64' title='bbox 563 1347 647 1411; x_wconf 79' lang='lat'>1211</span> <span class='ocrx_word' id='word_1_65' title='bbox 680 1345 858 1412; x_wconf 79' lang='lat' dir='ltr'><strong>adscribat.</strong></span> <span class='ocrx_word' id='word_1_66' title='bbox 908 1347 1031 1410; x_wconf 87' lang='lat' dir='ltr'><em>Horum</em></span> <span class='ocrx_word' id='word_1_67' title='bbox 1061 1369 1121 1410; x_wconf 90' lang='lat' dir='ltr'><em>om·</em></span> <span class='ocrx_word' id='word_1_68' title='bbox 1140 1359 1233 1398; x_wconf 72' lang='lat' dir='ltr'><em>metum</em></span> <span class='ocrx_word' id='word_1_69' title='bbox 1248 1357 1290 1398; x_wconf 74' lang='lat' dir='ltr'><em>Ar·</em></span> 
     </span>
     <span class='ocr_line' id='line_1_10' title="bbox 28 1421 1290 1532; baseline 0.006 -30"><span class='ocrx_word' id='word_1_70' title='bbox 28 1439 92 1502; x_wconf 80' lang='lat' dir='ltr'><em>m&#39;um</em></span> <span class='ocrx_word' id='word_1_71' title='bbox 113 1444 339 1530; x_wconf 86' lang='lat' dir='ltr'><em>(signatorum)</em></span> <span class='ocrx_word' id='word_1_72' title='bbox 358 1445 568 1532; x_wconf 79' lang='lat' dir='ltr'><em>praedicator</em></span> <span class='ocrx_word' id='word_1_73' title='bbox 592 1455 621 1508; x_wconf 92' lang='lat' dir='ltr'><em>et</em></span> <span class='ocrx_word' id='word_1_74' title='bbox 637 1455 732 1532; x_wconf 86' lang='lat' dir='ltr'><em>caput</em></span> <span class='ocrx_word' id='word_1_75' title='bbox 750 1456 819 1508; x_wconf 88' lang='lat' dir='ltr'><em>erat</em></span> <span class='ocrx_word' id='word_1_76' title='bbox 835 1443 1001 1508; x_wconf 84' lang='lat' dir='ltr'><em>Arnaldus</em></span> <span class='ocrx_word' id='word_1_77' title='bbox 1022 1445 1122 1509; x_wconf 83' lang='lat' dir='ltr'><em>abbas</em></span> <span class='ocrx_word' id='word_1_78' title='bbox 1140 1421 1290 1524; x_wconf 57' lang='lat' dir='ltr'><em>ncqqququt-</em></span> 
     </span>
    </p>
   </div>
   <div class='ocr_carea' id='block_1_4' title="bbox 31 1535 1124 1632">
    <p class='ocr_par' dir='ltr' id='par_1_4' title="bbox 31 1535 1124 1632">
     <span class='ocr_line' id='line_1_11' title="bbox 31 1535 1124 1632; baseline 0.007 -34"><span class='ocrx_word' id='word_1_79' title='bbox 31 1535 231 1626; x_wconf 62' lang='lat' dir='ltr'><em>isterciensis,</em></span> <span class='ocrx_word' id='word_1_80' title='bbox 255 1555 371 1630; x_wconf 82' lang='lat' dir='ltr'><em>postea</em></span> <span class='ocrx_word' id='word_1_81' title='bbox 395 1546 561 1632; x_wconf 79' lang='lat' dir='ltr'><em>episcopus</em></span> <span class='ocrx_word' id='word_1_82' title='bbox 587 1543 837 1608; x_wconf 83' lang='lat' dir='ltr'><em>Narbonnensis.</em></span> <span class='ocrx_word' id='word_1_83' title='bbox 892 1543 1056 1606; x_wconf 73' lang='lat' dir='ltr'><em>Venientes</em></span> <span class='ocrx_word' id='word_1_84' title='bbox 1080 1543 1124 1606; x_wconf 88' lang='lat' dir='ltr'><em>ad</em></span> 
     </span>
    </p>
   </div>
   <div class='ocr_carea' id='block_1_5' title="bbox 15 1635 1126 2900">
    <p class='ocr_par' dir='ltr' id='par_1_5' title="bbox 15 1635 1126 2900">
     <span class='ocr_line' id='line_1_12' title="bbox 27 1635 1124 1728; baseline 0.009 -33"><span class='ocrx_word' id='word_1_85' title='bbox 27 1635 156 1702; x_wconf 82' lang='lat' dir='ltr'><em>n&#39;ritatem</em></span> <span class='ocrx_word' id='word_1_86' title='bbox 184 1665 329 1728; x_wconf 85' lang='lat' dir='ltr'><em>maqnam</em></span> <span class='ocrx_word' id='word_1_87' title='bbox 362 1664 440 1728; x_wconf 89' lang='lat' dir='ltr'><em>qnae</em></span> <span class='ocrx_word' id='word_1_88' title='bbox 463 1643 578 1706; x_wconf 78' lang='lat' dir='ltr'><em>Bidens</em></span> <span class='ocrx_word' id='word_1_89' title='bbox 610 1653 749 1722; x_wconf 85' lang='lat' dir='ltr'><em>vocatur,</em></span> <span class='ocrx_word' id='word_1_90' title='bbox 780 1642 815 1704; x_wconf 86' lang='lat' dir='ltr'><em>in</em></span> <span class='ocrx_word' id='word_1_91' title='bbox 839 1665 901 1727; x_wconf 90' lang='lat' dir='ltr'><em>qua</em></span> <span class='ocrx_word' id='word_1_92' title='bbox 919 1641 997 1727; x_wconf 84' lang='lat' dir='ltr'><em>plus</em></span> <span class='ocrx_word' id='word_1_93' title='bbox 1031 1665 1124 1728; x_wconf 87' lang='lat' dir='ltr'><em>quam</em></span> 
     </span>
     <span class='ocr_line' id='line_1_13' title="bbox 27 1737 1123 1826; baseline 0.01 -34"><span class='ocrx_word' id='word_1_94' title='bbox 27 1745 121 1798; x_wconf 81' lang='lat' dir='ltr'><em>antam</em></span> <span class='ocrx_word' id='word_1_95' title='bbox 151 1737 253 1803; x_wconf 87' lang='lat' dir='ltr'><em>millia</em></span> <span class='ocrx_word' id='word_1_96' title='bbox 284 1741 441 1804; x_wconf 77' lang='lat' dir='ltr'><em>hominum</em></span> <span class='ocrx_word' id='word_1_97' title='bbox 463 1741 570 1826; x_wconf 86' lang='lat' dir='ltr'><em>fnisse</em></span> <span class='ocrx_word' id='word_1_98' title='bbox 602 1739 776 1818; x_wconf 77' lang='lat' dir='ltr'><em>dicebatur,</em></span> <span class='ocrx_word' id='word_1_99' title='bbox 812 1738 999 1803; x_wconf 81' lang='lat' dir='ltr'><em>obsederunt</em></span> <span class='ocrx_word' id='word_1_100' title='bbox 1022 1737 1123 1803; x_wconf 88' lang='lat' dir='ltr'><em>illam.</em></span> 
     </span>
     <span class='ocr_line' id='line_1_14' title="bbox 25 1831 1122 1922; baseline 0.004 -27"><span class='ocrx_word' id='word_1_101' title='bbox 25 1878 54 1894; x_wconf 87' lang='lat'><em>..</em></span> <span class='ocrx_word' id='word_1_102' title='bbox 75 1881 81 1894; x_wconf 92' lang='lat'>.</span> <span class='ocrx_word' id='word_1_103' title='bbox 106 1831 240 1906; x_wconf 83' lang='lat' dir='ltr'><em>Quidam</em></span> <span class='ocrx_word' id='word_1_104' title='bbox 271 1838 424 1902; x_wconf 70' lang='lat' dir='ltr'><em>satellites</em></span> <span class='ocrx_word' id='word_1_105' title='bbox 455 1839 521 1902; x_wconf 86' lang='lat' dir='ltr'><em>zelo</em></span> <span class='ocrx_word' id='word_1_106' title='bbox 544 1837 624 1922; x_wconf 77' lang='lat' dir='ltr'><em>fidei</em></span> <span class='ocrx_word' id='word_1_107' title='bbox 654 1838 792 1915; x_wconf 87' lang='lat' dir='ltr'><em>accensi,</em></span> <span class='ocrx_word' id='word_1_108' title='bbox 823 1835 964 1900; x_wconf 83' lang='lat' dir='ltr'><em>leonibus</em></span> <span class='ocrx_word' id='word_1_109' title='bbox 995 1837 1122 1916; x_wconf 86' lang='lat' dir='ltr'><em>similes,</em></span> 
     </span>
     <span class='ocr_line' id='line_1_15' title="bbox 25 1933 1123 2021; baseline 0.004 -27"><span class='ocrx_word' id='word_1_110' title='bbox 25 1977 53 1990; x_wconf 85' lang='lat'><em>..</em></span> <span class='ocrx_word' id='word_1_111' title='bbox 76 1987 80 1994; x_wconf 89' lang='lat'>.</span> <span class='ocrx_word' id='word_1_112' title='bbox 103 1955 203 1997; x_wconf 83' lang='lat' dir='ltr'><em>muros</em></span> <span class='ocrx_word' id='word_1_113' title='bbox 226 1935 385 2021; x_wconf 74' lang='lat' dir='ltr'><em>intrepide</em></span> <span class='ocrx_word' id='word_1_114' title='bbox 409 1935 627 2013; x_wconf 85' lang='lat' dir='ltr'><em>ascenderunt,</em></span> <span class='ocrx_word' id='word_1_115' title='bbox 652 1935 875 2020; x_wconf 73' lang='lat' dir='ltr'><em>haereticisque</em></span> <span class='ocrx_word' id='word_1_116' title='bbox 889 1933 1041 1998; x_wconf 82' lang='lat' dir='ltr'><em>divinitus</em></span> <span class='ocrx_word' id='word_1_117' title='bbox 1066 1946 1123 1998; x_wconf 85' lang='lat' dir='ltr'><em>ter-</em></span> 
     </span>
     <span class='ocr_line' id='line_1_16' title="bbox 22 2027 1125 2120; baseline 0.011 -36"><span class='ocrx_word' id='word_1_118' title='bbox 22 2027 77 2088; x_wconf 85' lang='lat' dir='ltr'><em>ritis</em></span> <span class='ocrx_word' id='word_1_119' title='bbox 97 2041 125 2092; x_wconf 89' lang='lat' dir='ltr'><em>et</em></span> <span class='ocrx_word' id='word_1_120' title='bbox 146 2031 389 2112; x_wconf 86' lang='lat' dir='ltr'><em>declinantibus,</em></span> <span class='ocrx_word' id='word_1_121' title='bbox 413 2033 611 2120; x_wconf 74' lang='lat' dir='ltr'><em>sequentihus</em></span> <span class='ocrx_word' id='word_1_122' title='bbox 627 2043 743 2120; x_wconf 84' lang='lat' dir='ltr'><em>portas</em></span> <span class='ocrx_word' id='word_1_123' title='bbox 768 2033 944 2118; x_wconf 83' lang='lat' dir='ltr'><em>aperientes</em></span> <span class='ocrx_word' id='word_1_124' title='bbox 966 2034 1125 2096; x_wconf 83' lang='lat' dir='ltr'><em>ciuitatem</em></span> 
     </span>
     <span class='ocr_line' id='line_1_17' title="bbox 22 2123 1123 2218; baseline 0.008 -34"><span class='ocrx_word' id='word_1_125' title='bbox 22 2123 209 2196; x_wconf 76' lang='lat' dir='ltr'><em>attinuerunt.</em></span> <span class='ocrx_word' id='word_1_126' title='bbox 260 2129 484 2218; x_wconf 83' lang='lat' dir='ltr'><em>Coqnoscentes</em></span> <span class='ocrx_word' id='word_1_127' title='bbox 512 2154 551 2196; x_wconf 75' lang='lat' dir='ltr'><em>err</em></span> <span class='ocrx_word' id='word_1_128' title='bbox 575 2131 824 2218; x_wconf 81' lang='lat' dir='ltr'><em>confessionibus</em></span> <span class='ocrx_word' id='word_1_129' title='bbox 847 2131 986 2208; x_wconf 87' lang='lat' dir='ltr'><em>illorum,</em></span> <span class='ocrx_word' id='word_1_130' title='bbox 1015 2129 1123 2195; x_wconf 79' lang='lat' dir='ltr'><em>Catho-</em></span> 
     </span>
     <span class='ocr_line' id='line_1_18' title="bbox 21 2219 1125 2318; baseline 0.009 -36"><span class='ocrx_word' id='word_1_131' title='bbox 21 2219 81 2287; x_wconf 75' lang='lat' dir='ltr'><em>liros</em></span> <span class='ocrx_word' id='word_1_132' title='bbox 101 2251 168 2289; x_wconf 90' lang='lat' dir='ltr'><em>cum</em></span> <span class='ocrx_word' id='word_1_133' title='bbox 190 2227 358 2294; x_wconf 75' lang='lat' dir='ltr'><em>haereticis</em></span> <span class='ocrx_word' id='word_1_134' title='bbox 381 2253 446 2295; x_wconf 86' lang='lat' dir='ltr'><em>esse</em></span> <span class='ocrx_word' id='word_1_135' title='bbox 467 2232 655 2318; x_wconf 75' lang='lat' dir='ltr'><em>permistos,</em></span> <span class='ocrx_word' id='word_1_136' title='bbox 680 2229 830 2294; x_wconf 72' lang='lat' dir='ltr'><em>dixerunt</em></span> <span class='ocrx_word' id='word_1_137' title='bbox 854 2229 979 2293; x_wconf 82' lang='lat' dir='ltr'><em>abbati:</em></span> <span class='ocrx_word' id='word_1_138' title='bbox 1013 2226 1125 2308; x_wconf 83' lang='lat' dir='ltr'><em>„Quid</em></span> 
     </span>
     <span class='ocr_line' id='line_1_19' title="bbox 15 2319 1126 2415; baseline 0.008 -34"><span class='ocrx_word' id='word_1_139' title='bbox 15 2319 163 2407; x_wconf 80' lang='lat' dir='ltr'><em>sociemus,</em></span> <span class='ocrx_word' id='word_1_140' title='bbox 188 2325 322 2392; x_wconf 88' lang='lat' dir='ltr'><em>domine.</em></span> <span class='ocrx_word' id='word_1_141' title='bbox 371 2329 448 2393; x_wconf 89' lang='lat' dir='ltr'><em>Non</em></span> <span class='ocrx_word' id='word_1_142' title='bbox 465 2351 634 2415; x_wconf 77' lang='lat' dir='ltr'><em>pessumas</em></span> <span class='ocrx_word' id='word_1_143' title='bbox 667 2328 842 2391; x_wconf 86' lang='lat' dir='ltr'><em>discernere</em></span> <span class='ocrx_word' id='word_1_144' title='bbox 870 2331 954 2392; x_wconf 89' lang='lat' dir='ltr'><em>inter</em></span> <span class='ocrx_word' id='word_1_145' title='bbox 977 2329 1074 2392; x_wconf 84' lang='lat' dir='ltr'><em>bonos</em></span> <span class='ocrx_word' id='word_1_146' title='bbox 1096 2338 1126 2390; x_wconf 91' lang='lat' dir='ltr'><em>et</em></span> 
     </span>
     <span class='ocr_line' id='line_1_20' title="bbox 21 2419 1125 2512; baseline 0.009 -34"><span class='ocrx_word' id='word_1_147' title='bbox 21 2419 133 2486; x_wconf 79' lang='lat' dir='ltr'><em>nalas.“</em></span> <span class='ocrx_word' id='word_1_148' title='bbox 185 2425 309 2489; x_wconf 85' lang='lat' dir='ltr'><em>Timens</em></span> <span class='ocrx_word' id='word_1_149' title='bbox 334 2438 398 2490; x_wconf 91' lang='lat' dir='ltr'><em>tam</em></span> <span class='ocrx_word' id='word_1_150' title='bbox 421 2426 520 2490; x_wconf 82' lang='lat' dir='ltr'><em>abbas</em></span> <span class='ocrx_word' id='word_1_151' title='bbox 544 2449 637 2511; x_wconf 90' lang='lat' dir='ltr'><em>quam</em></span> <span class='ocrx_word' id='word_1_152' title='bbox 660 2426 785 2512; x_wconf 79' lang='lat' dir='ltr'><em>reliqui,</em></span> <span class='ocrx_word' id='word_1_153' title='bbox 809 2448 847 2488; x_wconf 90' lang='lat' dir='ltr'><em>ne</em></span> <span class='ocrx_word' id='word_1_154' title='bbox 872 2437 992 2490; x_wconf 87' lang='lat' dir='ltr'><em>tantum</em></span> <span class='ocrx_word' id='word_1_155' title='bbox 1017 2427 1125 2490; x_wconf 87' lang='lat' dir='ltr'><em>timo-re</em></span> 
     </span>
     <span class='ocr_line' id='line_1_21' title="bbox 21 2521 1126 2610; baseline 0.01 -33"><span class='ocrx_word' id='word_1_156' title='bbox 21 2521 109 2583; x_wconf 82' lang='lat' dir='ltr'><em>nortis</em></span> <span class='ocrx_word' id='word_1_157' title='bbox 130 2544 163 2584; x_wconf 85' lang='lat' dir='ltr'><em>aa</em></span> <span class='ocrx_word' id='word_1_158' title='bbox 191 2521 368 2588; x_wconf 80' lang='lat' dir='ltr'><em>Catlsolicos</em></span> <span class='ocrx_word' id='word_1_159' title='bbox 398 2523 595 2605; x_wconf 82' lang='lat' dir='ltr'><em>simularent,</em></span> <span class='ocrx_word' id='word_1_160' title='bbox 632 2534 661 2587; x_wconf 88' lang='lat' dir='ltr'><em>et</em></span> <span class='ocrx_word' id='word_1_161' title='bbox 686 2533 761 2610; x_wconf 85' lang='lat' dir='ltr'><em>post</em></span> <span class='ocrx_word' id='word_1_162' title='bbox 783 2524 924 2609; x_wconf 85' lang='lat' dir='ltr'><em>ipsorum</em></span> <span class='ocrx_word' id='word_1_163' title='bbox 952 2525 1126 2588; x_wconf 79' lang='lat' dir='ltr'><em>abscessum</em></span> 
     </span>
     <span class='ocr_line' id='line_1_22' title="bbox 20 2613 1124 2707; baseline 0.009 -27"><span class='ocrx_word' id='word_1_164' title='bbox 20 2613 111 2680; x_wconf 57' lang='lat' dir='ltr'><em>iterum</em></span> <span class='ocrx_word' id='word_1_165' title='bbox 133 2619 179 2682; x_wconf 84' lang='lat' dir='ltr'><em>ad</em></span> <span class='ocrx_word' id='word_1_166' title='bbox 200 2621 372 2706; x_wconf 76' lang='lat' dir='ltr'><em>perfidiam</em></span> <span class='ocrx_word' id='word_1_167' title='bbox 399 2623 551 2700; x_wconf 86' lang='lat' dir='ltr'><em>recl-irent,</em></span> <span class='ocrx_word' id='word_1_168' title='bbox 576 2621 689 2707; x_wconf 86' lang='lat' dir='ltr'><em>fertur</em></span> <span class='ocrx_word' id='word_1_169' title='bbox 713 2620 852 2685; x_wconf 78' lang='lat' dir='ltr'><em>dimisse:</em></span> <span class='ocrx_word' id='word_1_170' title='bbox 884 2621 1039 2700; x_wconf 87' lang='lat' dir='ltr'><em>„Caedite</em></span> <span class='ocrx_word' id='word_1_171' title='bbox 1063 2644 1124 2690; x_wconf 86' lang='lat' dir='ltr'><em>eos.</em></span> 
     </span>
     <span class='ocr_line' id='line_1_23' title="bbox 23 2711 1126 2808; baseline 0.011 -36"><span class='ocrx_word' id='word_1_172' title='bbox 23 2711 102 2777; x_wconf 74' lang='lat' dir='ltr'><em>,l&#39;mit</em></span> <span class='ocrx_word' id='word_1_173' title='bbox 122 2719 207 2780; x_wconf 86' lang='lat' dir='ltr'><em>enim</em></span> <span class='ocrx_word' id='word_1_174' title='bbox 230 2719 395 2798; x_wconf 76' lang='lat' dir='ltr'><em>Dominam,</em></span> <span class='ocrx_word' id='word_1_175' title='bbox 420 2721 474 2806; x_wconf 86' lang='lat' dir='ltr'><em>qui</em></span> <span class='ocrx_word' id='word_1_176' title='bbox 496 2730 570 2784; x_wconf 87' lang='lat' dir='ltr'><em>sunt</em></span> <span class='ocrx_word' id='word_1_177' title='bbox 589 2723 688 2808; x_wconf 84' lang='lat' dir='ltr'><em>ejus.“</em></span> <span class='ocrx_word' id='word_1_178' title='bbox 736 2717 856 2804; x_wconf 83' lang='lat' dir='ltr'><em>Sicqne,</em></span> <span class='ocrx_word' id='word_1_179' title='bbox 880 2720 1126 2784; x_wconf 84' lang='lat' dir='ltr'><em>innumerabiles</em></span> 
     </span>
     <span class='ocr_line' id='line_1_24' title="bbox 20 2815 521 2900; baseline 0.022 -29"><span class='ocrx_word' id='word_1_180' title='bbox 20 2815 95 2876; x_wconf 75' lang='lat' dir='ltr'><em>ua&#39;si</em></span> <span class='ocrx_word' id='word_1_181' title='bbox 115 2827 191 2880; x_wconf 87' lang='lat' dir='ltr'><em>sunt</em></span> <span class='ocrx_word' id='word_1_182' title='bbox 215 2818 249 2880; x_wconf 88' lang='lat' dir='ltr'><em>in</em></span> <span class='ocrx_word' id='word_1_183' title='bbox 272 2818 397 2882; x_wconf 84' lang='lat' dir='ltr'><em>civitate</em></span> <span class='ocrx_word' id='word_1_184' title='bbox 420 2816 521 2900; x_wconf 53' lang='lat' dir='ltr'><em>illast)</em></span> 
     </span>
    </p>
   </div>
   <div class='ocr_carea' id='block_1_6' title="bbox 17 2983 1128 3950">
    <p class='ocr_par' dir='ltr' id='par_1_6' title="bbox 17 2983 1128 3950">
     <span class='ocr_line' id='line_1_25' title="bbox 89 2983 1126 3074; baseline 0.001 -27"><span class='ocrx_word' id='word_1_185' title='bbox 89 2983 140 3050; x_wconf 74' lang='lat'><em>25.</em></span> <span class='ocrx_word' id='word_1_186' title='bbox 166 2985 262 3050; x_wconf 83' lang='lat' dir='ltr'><em>Haeo</em></span> <span class='ocrx_word' id='word_1_187' title='bbox 287 3009 509 3074; x_wconf 83' lang='lat' dir='ltr'><em>magnacum</em></span> <span class='ocrx_word' id='word_1_188' title='bbox 535 2985 764 3071; x_wconf 85' lang='lat' dir='ltr'><em>indignatione</em></span> <span class='ocrx_word' id='word_1_189' title='bbox 787 2997 939 3051; x_wconf 75' lang='lat' dir='ltr'><em>arretores</em></span> <span class='ocrx_word' id='word_1_190' title='bbox 954 2983 1126 3049; x_wconf 83' lang='lat' dir='ltr'><em>Ecclesiae</em></span> 
     </span>
     <span class='ocr_line' id='line_1_26' title="bbox 19 3077 1126 3169; baseline 0.006 -31"><span class='ocrx_word' id='word_1_191' title='bbox 19 3077 120 3145; x_wconf 84' lang='lat' dir='ltr'><em>iriensi</em></span> <span class='ocrx_word' id='word_1_192' title='bbox 143 3085 266 3148; x_wconf 85' lang='lat' dir='ltr'><em>afferre</em></span> <span class='ocrx_word' id='word_1_193' title='bbox 290 3085 405 3168; x_wconf 85' lang='lat' dir='ltr'><em>solent,</em></span> <span class='ocrx_word' id='word_1_194' title='bbox 430 3095 467 3149; x_wconf 88' lang='lat' dir='ltr'><em>ut</em></span> <span class='ocrx_word' id='word_1_195' title='bbox 490 3084 578 3149; x_wconf 88' lang='lat' dir='ltr'><em>illius</em></span> <span class='ocrx_word' id='word_1_196' title='bbox 602 3085 701 3169; x_wconf 85' lang='lat' dir='ltr'><em>legati</em></span> <span class='ocrx_word' id='word_1_197' title='bbox 724 3095 757 3147; x_wconf 89' lang='lat' dir='ltr'><em>et</em></span> <span class='ocrx_word' id='word_1_198' title='bbox 773 3081 1019 3148; x_wconf 86' lang='lat' dir='ltr'><em>Catholieorum</em></span> <span class='ocrx_word' id='word_1_199' title='bbox 1042 3093 1126 3146; x_wconf 87' lang='lat' dir='ltr'><em>atro-</em></span> 
     </span>
     <span class='ocr_line' id='line_1_27' title="bbox 18 3179 1127 3269; baseline 0.002 -27"><span class='ocrx_word' id='word_1_200' title='bbox 18 3197 73 3242; x_wconf 78' lang='lat' dir='ltr'><em>cen</em></span> <span class='ocrx_word' id='word_1_201' title='bbox 96 3184 274 3246; x_wconf 86' lang='lat' dir='ltr'><em>saevitiam</em></span> <span class='ocrx_word' id='word_1_202' title='bbox 307 3183 348 3247; x_wconf 93' lang='lat' dir='ltr'><em>ob</em></span> <span class='ocrx_word' id='word_1_203' title='bbox 373 3183 485 3248; x_wconf 88' lang='lat' dir='ltr'><em>oculos</em></span> <span class='ocrx_word' id='word_1_204' title='bbox 509 3193 643 3269; x_wconf 86' lang='lat' dir='ltr'><em>ponant.</em></span> <span class='ocrx_word' id='word_1_205' title='bbox 698 3179 763 3246; x_wconf 86' lang='lat' dir='ltr'><em>Sed</em></span> <span class='ocrx_word' id='word_1_206' title='bbox 794 3181 1038 3246; x_wconf 87' lang='lat' dir='ltr'><em>advertendum</em></span> <span class='ocrx_word' id='word_1_207' title='bbox 1069 3182 1127 3244; x_wconf 90' lang='lat' dir='ltr'><em>im·</em></span> 
     </span>
     <span class='ocr_line' id='line_1_28' title="bbox 19 3277 1128 3360; baseline 0.005 -24"><span class='ocrx_word' id='word_1_208' title='bbox 19 3277 115 3356; x_wconf 86' lang='lat' dir='ltr'><em>primis</em></span> <span class='ocrx_word' id='word_1_209' title='bbox 146 3289 215 3360; x_wconf 82' lang='lat' dir='ltr'><em>est,</em></span> <span class='ocrx_word' id='word_1_210' title='bbox 250 3279 374 3344; x_wconf 86' lang='lat' dir='ltr'><em>factum</em></span> <span class='ocrx_word' id='word_1_211' title='bbox 405 3281 468 3345; x_wconf 88' lang='lat' dir='ltr'><em>hoe</em></span> <span class='ocrx_word' id='word_1_212' title='bbox 500 3280 597 3344; x_wconf 89' lang='lat' dir='ltr'><em>valde</em></span> <span class='ocrx_word' id='word_1_213' title='bbox 630 3281 792 3343; x_wconf 86' lang='lat' dir='ltr'><em>incertum</em></span> <span class='ocrx_word' id='word_1_214' title='bbox 825 3301 914 3360; x_wconf 79' lang='lat' dir='ltr'><em>esse3</em></span> <span class='ocrx_word' id='word_1_215' title='bbox 947 3279 1128 3342; x_wconf 85' lang='lat' dir='ltr'><em>nonenim</em></span> 
     </span>
     <span class='ocr_line' id='line_1_29' title="bbox 17 3373 1126 3462; baseline 0.006 -30"><span class='ocrx_word' id='word_1_216' title='bbox 17 3373 138 3440; x_wconf 83' lang='lat' dir='ltr'><em>refertur</em></span> <span class='ocrx_word' id='word_1_217' title='bbox 161 3377 207 3441; x_wconf 84' lang='lat' dir='ltr'><em>ab</em></span> <span class='ocrx_word' id='word_1_218' title='bbox 233 3377 425 3442; x_wconf 86' lang='lat' dir='ltr'><em>auctoribus</em></span> <span class='ocrx_word' id='word_1_219' title='bbox 449 3377 514 3442; x_wconf 87' lang='lat' dir='ltr'><em>illis</em></span> <span class='ocrx_word' id='word_1_220' title='bbox 530 3377 705 3458; x_wconf 85' lang='lat' dir='ltr'><em>historicis,</em></span> <span class='ocrx_word' id='word_1_221' title='bbox 731 3379 787 3462; x_wconf 92' lang='lat' dir='ltr'><em>qui</em></span> <span class='ocrx_word' id='word_1_222' title='bbox 803 3376 1037 3460; x_wconf 82' lang='lat' dir='ltr'><em>Albigensium</em></span> <span class='ocrx_word' id='word_1_223' title='bbox 1061 3374 1126 3440; x_wconf 90' lang='lat' dir='ltr'><em>bel·</em></span> 
     </span>
     <span class='ocr_line' id='line_1_30' title="bbox 19 3465 1127 3560; baseline 0.005 -28"><span class='ocrx_word' id='word_1_224' title='bbox 19 3465 71 3534; x_wconf 85' lang='lat' dir='ltr'><em>inm</em></span> <span class='ocrx_word' id='word_1_225' title='bbox 101 3474 360 3560; x_wconf 85' lang='lat' dir='ltr'><em>descripserunt,</em></span> <span class='ocrx_word' id='word_1_226' title='bbox 394 3476 495 3541; x_wconf 88' lang='lat' dir='ltr'><em>seda</em></span> <span class='ocrx_word' id='word_1_227' title='bbox 521 3475 685 3554; x_wconf 82' lang='lat' dir='ltr'><em>Caesario,</em></span> <span class='ocrx_word' id='word_1_228' title='bbox 718 3476 752 3538; x_wconf 94' lang='lat' dir='ltr'><em>in</em></span> <span class='ocrx_word' id='word_1_229' title='bbox 776 3475 841 3539; x_wconf 85' lang='lat' dir='ltr'><em>alia</em></span> <span class='ocrx_word' id='word_1_230' title='bbox 870 3474 968 3560; x_wconf 85' lang='lat' dir='ltr'><em>plene</em></span> <span class='ocrx_word' id='word_1_231' title='bbox 992 3476 1127 3558; x_wconf 86' lang='lat' dir='ltr'><em>regione</em></span> 
     </span>
     <span class='ocr_line' id='line_1_31' title="bbox 19 3563 1127 3659; baseline 0.004 -27"><span class='ocrx_word' id='word_1_232' title='bbox 19 3563 149 3654; x_wconf 77' lang='lat' dir='ltr'><em>degente,</em></span> <span class='ocrx_word' id='word_1_233' title='bbox 175 3573 237 3659; x_wconf 85' lang='lat' dir='ltr'><em>qai</em></span> <span class='ocrx_word' id='word_1_234' title='bbox 262 3575 295 3636; x_wconf 90' lang='lat' dir='ltr'><em>in</em></span> <span class='ocrx_word' id='word_1_235' title='bbox 321 3595 419 3659; x_wconf 90' lang='lat' dir='ltr'><em>opere</em></span> <span class='ocrx_word' id='word_1_236' title='bbox 443 3576 503 3638; x_wconf 91' lang='lat' dir='ltr'><em>isto</em></span> <span class='ocrx_word' id='word_1_237' title='bbox 530 3571 633 3637; x_wconf 84' lang='lat' dir='ltr'><em>multa</em></span> <span class='ocrx_word' id='word_1_238' title='bbox 657 3571 758 3636; x_wconf 91' lang='lat' dir='ltr'><em>habet</em></span> <span class='ocrx_word' id='word_1_239' title='bbox 782 3573 866 3636; x_wconf 86' lang='lat' dir='ltr'><em>mira</em></span> <span class='ocrx_word' id='word_1_240' title='bbox 890 3583 922 3636; x_wconf 93' lang='lat' dir='ltr'><em>et</em></span> <span class='ocrx_word' id='word_1_241' title='bbox 946 3573 1127 3636; x_wconf 86' lang='lat' dir='ltr'><em>extraordi-</em></span> 
     </span>
     <span class='ocr_line' id='line_1_32' title="bbox 19 3669 1127 3757; baseline 0.008 -30"><span class='ocrx_word' id='word_1_242' title='bbox 19 3671 93 3730; x_wconf 83' lang='lat' dir='ltr'><em>nsn&#39;a</em></span> <span class='ocrx_word' id='word_1_243' title='bbox 115 3670 224 3745; x_wconf 83' lang='lat' dir='ltr'><em>faeta,</em></span> <span class='ocrx_word' id='word_1_244' title='bbox 256 3693 341 3756; x_wconf 87' lang='lat' dir='ltr'><em>quae</em></span> <span class='ocrx_word' id='word_1_245' title='bbox 373 3673 511 3736; x_wconf 86' lang='lat' dir='ltr'><em>eruditis</em></span> <span class='ocrx_word' id='word_1_246' title='bbox 544 3691 663 3757; x_wconf 88' lang='lat' dir='ltr'><em>parum</em></span> <span class='ocrx_word' id='word_1_247' title='bbox 693 3669 885 3754; x_wconf 86' lang='lat' dir='ltr'><em>probantur.</em></span> <span class='ocrx_word' id='word_1_248' title='bbox 939 3673 1050 3757; x_wconf 85' lang='lat' dir='ltr'><em>Atque</em></span> <span class='ocrx_word' id='word_1_249' title='bbox 1080 3695 1127 3736; x_wconf 89' lang='lat' dir='ltr'><em>re·</em></span> 
     </span>
     <span class='ocr_line' id='line_1_33' title="bbox 19 3766 1126 3853; baseline 0.008 -29"><span class='ocrx_word' id='word_1_250' title='bbox 19 3775 154 3846; x_wconf 81' lang='lat' dir='ltr'><em>sponsum</em></span> <span class='ocrx_word' id='word_1_251' title='bbox 181 3767 268 3832; x_wconf 87' lang='lat' dir='ltr'><em>illud</em></span> <span class='ocrx_word' id='word_1_252' title='bbox 283 3768 423 3834; x_wconf 86' lang='lat' dir='ltr'><em>Arneidi</em></span> <span class='ocrx_word' id='word_1_253' title='bbox 439 3781 568 3833; x_wconf 86' lang='lat' dir='ltr'><em>tantum</em></span> <span class='ocrx_word' id='word_1_254' title='bbox 588 3791 630 3832; x_wconf 88' lang='lat' dir='ltr'><em>ex</em></span> <span class='ocrx_word' id='word_1_255' title='bbox 646 3766 835 3833; x_wconf 89' lang='lat' dir='ltr'><em>rumoribus</em></span> <span class='ocrx_word' id='word_1_256' title='bbox 852 3769 988 3853; x_wconf 84' lang='lat' dir='ltr'><em>(fertur)</em></span> <span class='ocrx_word' id='word_1_257' title='bbox 1004 3780 1126 3834; x_wconf 87' lang='lat' dir='ltr'><em>narrat.</em></span> 
     </span>
     <span class='ocr_line' id='line_1_34' title="bbox 21 3859 1127 3950; baseline 0.005 -26"><span class='ocrx_word' id='word_1_258' title='bbox 21 3859 111 3929; x_wconf 81' lang='lat' dir='ltr'><em>Facile</em></span> <span class='ocrx_word' id='word_1_259' title='bbox 136 3879 252 3930; x_wconf 87' lang='lat' dir='ltr'><em>tamen</em></span> <span class='ocrx_word' id='word_1_260' title='bbox 278 3865 496 3949; x_wconf 81' lang='lat' dir='ltr'><em>admitterem,</em></span> <span class='ocrx_word' id='word_1_261' title='bbox 531 3868 616 3930; x_wconf 88' lang='lat' dir='ltr'><em>inter</em></span> <span class='ocrx_word' id='word_1_262' title='bbox 646 3867 815 3950; x_wconf 86' lang='lat' dir='ltr'><em>religiosos</em></span> <span class='ocrx_word' id='word_1_263' title='bbox 847 3865 984 3932; x_wconf 83' lang='lat' dir='ltr'><em>Ordinis</em></span> <span class='ocrx_word' id='word_1_264' title='bbox 1009 3865 1127 3930; x_wconf 83' lang='lat' dir='ltr'><em>Cister-</em></span> 
     </span>
    </p>
   </div>
   <div class='ocr_carea' id='block_1_7' title="bbox 23 4039 207 4056">
    <p class='ocr_par' dir='ltr' id='par_1_7' title="bbox 23 4039 207 4056">
     <span class='ocr_line' id='line_1_35' title="bbox 23 4039 207 4056; baseline 0 -2"><span class='ocrx_word' id='word_1_265' title='bbox 23 4039 28 4046; x_wconf 88' lang='grc'><em>“</em></span> <span class='ocrx_word' id='word_1_266' title='bbox 43 4045 65 4050; x_wconf 96' lang='grc'><em>---</em></span> <span class='ocrx_word' id='word_1_267' title='bbox 75 4047 207 4056; x_wconf 81' lang='lat'><em>——--</em></span> 
     </span>
    </p>
   </div>
   <div class='ocr_carea' id='block_1_8' title="bbox 76 4145 841 4295">
    <p class='ocr_par' dir='ltr' id='par_1_8' title="bbox 76 4145 841 4295">
     <span class='ocr_line' id='line_1_36' title="bbox 77 4145 841 4212; baseline -0.004 -13"><span class='ocrx_word' id='word_1_268' title='bbox 77 4147 94 4212; x_wconf 84' lang='lat'><em>¹)</em></span> <span class='ocrx_word' id='word_1_269' title='bbox 113 4147 145 4204; x_wconf 72' lang='lat' dir='ltr'><em>V.</em></span> <span class='ocrx_word' id='word_1_270' title='bbox 165 4145 261 4202; x_wconf 82' lang='lat' dir='ltr'><em>Gallia</em></span> <span class='ocrx_word' id='word_1_271' title='bbox 281 4145 432 4199; x_wconf 83' lang='lat' dir='ltr'><em>christiane</em></span> <span class='ocrx_word' id='word_1_272' title='bbox 450 4147 524 4200; x_wconf 86' lang='lat' dir='ltr'><em>Tom.</em></span> <span class='ocrx_word' id='word_1_273' title='bbox 544 4147 591 4201; x_wconf 79' lang='lat' dir='ltr'><em>vt.</em></span> <span class='ocrx_word' id='word_1_274' title='bbox 611 4146 669 4200; x_wconf 89' lang='lat' dir='ltr'><em>coll.</em></span> <span class='ocrx_word' id='word_1_275' title='bbox 690 4146 841 4200; x_wconf 69' lang='grc'><strong>328-1110.</strong></span> 
     </span>
     <span class='ocr_line' id='line_1_37' title="bbox 76 4233 816 4295; baseline -0.011 0"><span class='ocrx_word' id='word_1_276' title='bbox 76 4239 95 4295; x_wconf 64' lang='grc' dir='ltr'><em>τ1</em></span> <span class='ocrx_word' id='word_1_277' title='bbox 113 4237 141 4289; x_wconf 86' lang='lat' dir='ltr'><em>L.</em></span> <span class='ocrx_word' id='word_1_278' title='bbox 162 4253 185 4290; x_wconf 87' lang='lat' dir='ltr'><em>c.</em></span> <span class='ocrx_word' id='word_1_279' title='bbox 208 4236 280 4289; x_wconf 83' lang='lat' dir='ltr'><em>Dist.</em></span> <span class='ocrx_word' id='word_1_280' title='bbox 300 4235 333 4288; x_wconf 85' lang='lat' dir='ltr'><em>V.</em></span> <span class='ocrx_word' id='word_1_281' title='bbox 353 4251 375 4288; x_wconf 88' lang='lat' dir='ltr'><em>e.</em></span> <span class='ocrx_word' id='word_1_282' title='bbox 395 4236 439 4292; x_wconf 85' lang='lat'><em>21.</em></span> <span class='ocrx_word' id='word_1_283' title='bbox 459 4235 498 4289; x_wconf 89' lang='lat' dir='ltr'><em>De</em></span> <span class='ocrx_word' id='word_1_284' title='bbox 516 4235 620 4290; x_wconf 86' lang='lat' dir='ltr'><em>haeresi</em></span> <span class='ocrx_word' id='word_1_285' title='bbox 640 4233 816 4288; x_wconf 85' lang='lat' dir='ltr'><em>Albiensium.</em></span> 
     </span>
    </p>
   </div>
   <div class='ocr_carea' id='block_1_9' title="bbox 0 0 1418 4842">
    <p class='ocr_par' dir='ltr' id='par_1_9' title="bbox 0 0 1418 4842">
     <span class='ocr_line' id='line_1_38' title="bbox 0 0 1418 4842; baseline 0 1"><span class='ocrx_word' id='word_1_286' title='bbox 0 0 1418 4842; x_wconf 95' lang='lat' dir='ltr'><em> </em></span> 
     </span>
    </p>
   </div>
  </div>
 </body>
</html>
