2832 4844
221 441 260 494 De
278 442 430 496 Sanctionc
445 442 624 512 I’ruqtnalicu
643 457 665 496 s,
683 440 813 494 Ludovici
831 440 881 496 IX.
1056 441 1113 522 ,443

40 605 98 645 ures
117 585 299 671 impugnare
319 607 386 648 non
402 594 581 666 cessarunt,
607 585 713 649 donec
729 583 836 648 eidem
852 583 1045 648 Ludovicus
1061 583 1114 648 XI

37 683 206 748 renuntiaret.
239 685 291 748 Ita
315 686 416 747 etiam
439 683 606 747 Ludovici
622 684 673 747 IX
696 683 802 766 legem
827 705 893 746 non
910 683 1115 747 dimisissent

37 777 172 845 Pontifices
195 783 262 844 sine
285 782 531 868 protestatione.
579 781 622 846 Et
647 783 799 868 quamvis
823 804 862 845 ea
887 780 1016 845 Sanctio
1040 803 1113 866 sup-

35 889 139 958 ponatur
160 879 245 943 edita
268 903 298 945 a.
325 880 410 944 1269
435 889 577 943 vacante
594 877 679 944 Sede
696 878 897 965 Apostolica,
921 891 1033 943 tamen
1057 881 1113 966 qni

34 973 84 1036 lein
104 987 224 1040 secutus
247 987 297 1041 est
319 978 484 1059 Pontifex,
508 978 545 1042 B.
563 975 743 1062 Gregorius
760 979 803 1058 X,
828 978 964 1062 ejusque
988 999 1114 1042 succes·

33 1093 101 1153 sares,
123 1087 204 1139 certe
219 1098 252 1139 se
277 1077 509 1162 apposuissent
524 1075 654 1162 legibus
671 1075 750 1142 Sedi
766 1076 935 1141 Romanae
959 1076 1042 1140 adeo
1067 1077 1114 1138 in·

31 1167 110 1236 lensia.
151 1173 285 1237 Infirma
315 1173 413 1259 plane
444 1183 493 1238 est
523 1176 703 1260 responsio,
734 1172 931 1258 Gregorium
955 1173 988 1236 X
1012 1174 1114 1236 fuisse

30 1269 107 1332 tirum
137 1272 319 1355 pacilicum,
352 1293 493 1357 eumque
525 1281 557 1336 et
586 1273 657 1357 ejus
689 1294 907 1354 successurae,
938 1274 996 1356 qui
1019 1271 1114 1334 brevi

28 1379 140 1450 tempore
163 1365 330 1434 Ecclesiae
354 1370 568 1455 praefuerint,
594 1373 696 1434 satius
717 1370 883 1452 babuisse,
909 1379 944 1433 ut
967 1393 1001 1433 se
1024 1389 1114 1453 gere·

26 1475 127 1528 tentae
150 1469 175 1530 si
200 1470 391 1551 ignorarent
416 1467 617 1533 Sanctionem
634 1471 879 1556 pragmaticam,
911 1479 1012 1554 utque
1045 1478 1115 1531 tan·

26 1577 74 1624 tum
99 1569 337 1650 opportunitate
374 1567 451 1631 data
490 1589 560 1632 eam
599 1567 874 1653 impugnarent.¹)
930 1565 1116 1631 Arbitrarie

25 1659 78 1722 talia
98 1665 324 1749 conjiciuntur,
349 1687 411 1729 nec
435 1664 531 1729 Sedis
552 1664 767 1751 Apostolicae
790 1664 871 1728 tales
896 1673 972 1728 sunt
997 1685 1113 1728 mores.

89 1807 132 1871 10.
157 1807 210 1870 Ex
235 1807 325 1870 hisce
349 1809 449 1890 igitur
469 1807 653 1871 rationibus
678 1807 786 1893 colligi
804 1829 986 1885 censemus,
1011 1829 1115 1893 usque

21 1899 49 1960 61
63 1903 144 1966 initia
160 1906 283 1969 saeculi
300 1906 532 1993 decimiquinti
549 1905 752 1970 Sanctionem
763 1907 994 1992 pragmaticam
1013 1929 1036 1970 s.
1050 1906 1115 1969 Lu·

19 1995 166 2066 (1666111
193 2004 290 2088 plane
315 2006 461 2088 ignotam
486 2005 607 2086 fuisse3
632 2006 721 2068 unde
738 2005 926 2084 concludes
951 2027 1023 2068 eam
1047 2027 1114 2068 non

20 2101 233 2166 exstitisse—
258 2103 407 2165 Primum
438 2125 478 2166 ea
510 2101 638 2188 prolata
667 2104 934 2168 fuita1438
926 2127 960 2167 rn
988 2103 1177 2207 synodoaue
1177 2107 1285 2156 ⁰⁰⁰⁰·

21 2193 54 2255 tel
74 2199 177 2280 potins
202 2213 367 2264 conventu
394 2201 602 2281 Bituricensi,
627 2203 654 2264 si
679 2223 758 2264 vera
782 2211 858 2264 sunt
882 2223 966 2288 quac
981 2224 1010 2266 a.
1029 2201 1115 2264 1464

22 2287 140 2356 barinus
170 2300 347 2383 episcopus
377 2298 597 2362 Lexoviensis
627 2298 793 2383 (Lisieux)
825 2302 956 2385 scripsit
985 2300 1025 2363 ad
1051 2300 1116 2363 Lu·

1123 2167 1171 2207 lata
1185 2167 1230 2209 san
1232 2169 1285 2208 otto.

19 2385 146 2458 doricum
164 2395 227 2476 XI,
253 2418 355 2482 quum
380 2396 571 2480 abrogasset
595 2395 795 2461 Sanctionem
809 2399 1041 2484 prapmaticam
1064 2397 1117 2460 Bi·

17 2489 202 2555 turicenscm.
256 2494 349 2557 Idem
383 2493 516 2558 scribit:
551 2494 614 2576 „Et
644 2517 681 2557 ce
705 2497 790 2557 n'est
819 2517 878 2580 pas
909 2495 1007 2559 chose
1038 2516 1116 2572 nou-

17 2584 78 2648 velle
106 2611 170 2674 que
195 2588 242 2654 les
265 2613 342 2675 roys
366 2601 398 2655 et
421 2593 553 2677 princes
584 2592 788 2678 catholiques
821 2594 911 2656 aient
935 2593 1044 2656 donne
1068 2615 1115 2656 re·

18 2685 142 2750 uideat
166 2691 356 2773 provisions
389 2699 502 2753 contre
526 2688 618 2753 telles
643 2699 675 2753 et
699 2690 895 2755 semblables
919 2692 1116 2775 entreprises

16 2779 88 2846 t'aites
118 2809 182 2871 par
214 2798 308 2851 court
339 2789 379 2852 de
403 2788 517 2868 Rome,
553 2799 665 2852 contre
695 2787 742 2861 les
766 2790 894 2853 docrets
924 2788 982 2852 des
1005 2787 1116 2853 Saints

14 2875 91 2944 lires
113 2895 146 2947 et
169 2883 219 2948 les
243 2884 377 2949 libertis
400 2896 434 2949 61
456 2886 619 2950 droitures
644 2896 715 2950 taut
738 2887 779 2950 de
797 2886 930 2971 l’Eglise
953 2885 1117 2971 gallicane

12 2997 59 3060 qne
80 2980 242 3064 d'autres3
276 3007 333 3048 car
355 2987 440 3049 ainsi
471 2996 529 3048 ont
552 2985 613 3048 fait
637 3006 697 3048 vos
719 2985 913 3049 tres-nobles
943 2994 976 3048 et
999 2985 1116 3068 dignes

11 3082 223 3160 progeniteurs
255 3093 286 3144 61
315 3086 551 3162 661666666616,
584 3104 712 3146 comme
746 3085 833 3146 saint
864 3083 954 3166 Loys
985 3106 1027 3147 en
1056 3105 1115 3147 son

10 3189 104 3261 temps,
129 3180 175 3243 du
203 3180 278 3265 quel
298 3181 357 3267 j'ai
374 3203 439 3245 veu
462 3180 698 3246 l’ordonnance
714 3183 854 3266 ascripta
877 3191 910 3245 et
932 3180 1051 3244 scellee
1074 3203 1116 3245 en

9 3274 191 3342 semblables
217 3279 381 3362 matieres,
406 3281 463 3364 qui
480 3279 531 3342 snt
546 3281 714 3343 monstree
737 3289 769 3343 et
792 3278 933 3343 exhibee
957 3301 1025 3344 aux
1041 3299 1116 3344 con·

6 3377 143 3440 'ventione
175 3376 373 3442 solennclles
405 3379 467 3442 fait
490 3378 531 3442 de
554 3377 690 3461 l'Eglise
714 3377 876 3461 gallicane
908 3374 1115 3459 bChartres,

10 3467 185 3557 iBourges,
213 3495 273 3558 par
296 3475 327 3538 la
342 3478 561 3540 convocation
586 3475 627 3539 de
643 3487 752 3540 vostre
776 3476 829 3539 feu
846 3478 924 3560 pere
948 3474 990 3537 (16
1005 3473 1117 3538 bonne

9 3571 213 3650 utmoireflt
259 3573 436 3658 Designari
461 3573 515 3637 hic
540 3573 741 3638 Sanctionem
754 3575 986 3659 prapmaticam
1009 3595 1034 3637 s.
1050 3572 1116 3636 Lu-

10 3663 99 3732 dorici
124 3672 246 3734 merito
270 3683 420 3736 auctores
449 3673 651 3754 existimant,
683 3694 852 3758 quumque
885 3674 919 3736 in
949 3681 1115 3735 conventu

9 3761 192 3834 bituricensi
218 3792 249 3834 a.
276 3770 361 3834 1238
392 3770 457 3834 elia
481 3769 612 3834 Sanctio
631 3771 835 3856 pragmatica
862 3770 952 3833 edita
975 3771 1018 3832 sit
1035 3770 1116 3855 juri-

8 3863 55 3928 bus
76 3873 171 3936 Sedis
197 3868 411 3954 Apostolicae
443 3867 541 3932 valde
565 3870 725 3954 opposita,
757 3871 836 3932 satis
860 3866 1032 3953 probabile
1056 3877 1114 3948 est,

65 4159 133 4226 ι)1’.
155 4157 257 4211 naseu
277 4155 297 4214 1.
316 4171 338 4210 c.
358 4169 383 4222 p.
403 4156 428 4206 8,

64 4239 84 4308 ²)
101 4239 262 4304 Thammes,
282 4235 298 4290 1.
319 4251 340 4288 c.
360 4251 385 4301 p.
406 4233 465 4288 346.
