2858 4834
6 16 336 150 ''U''

248 493 361 548 Henrici
379 493 406 548 11
425 493 562 561 expeditio
580 493 609 549 iu
627 493 795 549 Hiberniam.
1057 495 1110 550 225
1213 485 1218 494 ⁵

18 657 79 720 quse
99 645 209 700 mmsn
231 636 328 700 simul
353 658 429 700 cum
453 638 670 701 investiturae
686 639 780 723 signo
795 639 988 702 transmissa
1001 639 1110 722 fuerit,

17 732 78 798 nihil
100 733 258 819 ejusmodi
282 735 463 816 invenitur,
488 733 548 799 sed
571 737 741 800 concessio
766 735 975 821 ingrediendi
992 736 1111 802 Hiber·

15 833 83 896 uam
105 831 214 896 verbis
243 843 294 898 sat
321 834 417 918 vagis
447 833 655 918 exprimitur.
714 833 812 899 Unde
846 833 981 918 dixeris,
1013 834 1110 900 docu-

15 939 138 994 nentnm
163 929 223 994 boc
246 930 289 995 ab
312 931 424 1016 aliquo
448 931 636 996 confectum
660 931 776 1014 luisse,
801 934 858 1018 qui
883 933 992 997 minus
1015 953 1112 998 usum

14 1029 101 1092 conse
124 1038 158 1092 et
180 1029 336 1093 formulas
368 1027 481 1093 solitas
514 1027 746 1112 cognoscebat,
778 1031 804 1094 si
837 1052 875 1094 eo
899 1029 1112 1096 donationem

14 1123 173 1190 Hiberniae
194 1137 230 1191 ut
252 1126 344 1191 feudi
369 1125 529 1191 exhibere
544 1126 666 1208 voluit;
691 1126 744 1192 vel
768 1127 812 1192 ab
836 1127 901 1194 alio
925 1129 1113 1194 confectum

12 1223 90 1288 inias
111 1223 194 1290 illud
223 1226 470 1307 documentum,
503 1224 546 1290 ab
570 1224 634 1289 alio
660 1245 738 1289 vero
762 1225 904 1291 Joannis
935 1225 1111 1292 Sarisberi-

12 1325 80 1386 ensis
100 1331 239 1404 textum,
264 1343 330 1408 quo
354 1321 489 1388 donatio
515 1319 756 1409 describitur1).
855 1335 858 1350 '

81 1431 130 1494 72.
154 1429 345 1495 Notandum
371 1429 449 1494 dein
474 1436 533 1510 est,
557 1439 689 1513 praeter
711 1403 794 1493 illud
819 1429 860 1493 de
877 1429 1041 1496 Hibernia
1065 1415 1112 1494 re-
1149 1441 1256 1483 AM»

12 1529 156 1612 scriptum,
181 1549 282 1592 unam
306 1528 537 1592 tantummodo
562 1535 691 1591 exstare
720 1526 763 1591 ad
787 1527 970 1591 Henricum
987 1527 1023 1592 II
1046 1530 1112 1614 epi·
1131 1505 1274 1611 Ἥβῃ

12 1625 103 1690 stolam
126 1626 239 1693 datam
272 1625 316 1690 ab
347 1625 520 1690 Hadriano
544 1625 594 1688 IV
621 1623 738 1689 ultimo
772 1647 858 1690 anno
889 1625 1112 1711 pontificatus,

12 1723 142 1790 (lbdan.
172 1723 273 1790 1159.
300 1761 342 1771 -
366 1723 466 1803 Jaffe,
494 1719 605 1810 7103).
643 1722 683 1786 Id
700 1725 780 1787 satis
796 1725 917 1787 mirum
934 1733 992 1806 est,
1011 1746 1113 1810 quum

11 1819 180 1888 Hadrianus
202 1844 246 1886 ex
272 1819 396 1906 Anglia
419 1819 580 1885 oriundus
605 1831 690 1885 esset
714 1843 857 1907 suaeque
881 1821 1036 1886 addictus
1058 1844 1114 1908 pa·
1217 1879 1221 1884 .

10 1919 81 2000 triae,
111 1922 370 2005 occasionesque
394 1941 461 1983 non
490 1919 652 1984 deessent.
683 1919 850 1985 Hauricus
881 1921 971 1984 enim
1002 1922 1114 1985 varias

11 2037 67 2080 oon
91 2020 255 2105 episcopis
284 2016 498 2082 difficultates
530 2015 658 2083 habuit.
702 2015 817 2082 Altum
842 2016 924 2082 illud
945 2017 1114 2082 silentium

10 2115 69 2178 inde
95 2117 280 2202 profectum
314 2137 385 2180 esse
415 2115 565 2197 videtur,
599 2114 686 2201 quod
702 2169 706 2177 ,
720 2115 887 2180 Hauricus
914 2115 1114 2182 Eleonoram

9 2211 150 2280 lodovici
175 2214 245 2278 VII
276 2235 426 2296 uxorem,
458 2221 532 2299 post
564 2213 744 2277 divortium
776 2214 847 2300 ejus
879 2238 900 2279 a
927 2215 1113 2297 Ludovico,

10 2331 107 2396 magna
130 2335 209 2378 cum
232 2313 511 2398 praecipitatione
539 2312 573 2375 in
602 2312 852 2376 matrimonium
888 2311 1038 2377 duxisset
1069 2316 1113 2397 (a.

13 2411 98 2496 1152),
130 2410 258 2497 illaque
281 2431 382 2475 causa
405 2407 658 2474 matrimonialis
683 2408 782 2474 valde
815 2421 968 2495 suspecta
997 2410 1114 2475 Roma·

12 2527 70 2571 nun
91 2509 288 2575 Pontificem
320 2531 340 2572 a
368 2506 585 2572 relationibus
614 2509 732 2579 amicis
763 2529 839 2573 cum
869 2530 946 2593 rege
970 2508 1114 2592 Angliae

12 2623 54 2686 per
71 2607 200 2673 litterae
224 2605 389 2672 habendis
418 2605 590 2671 detineret.
637 2605 749 2669 Etiam
774 2627 817 2669 ex
833 2604 925 2670 hisce
948 2605 1113 2692 praejudi-

14 2703 79 2767 tium
100 2707 208 2769 oritur
231 2705 598 2789 contragenuinitatcm
619 2702 787 2789 epistolae,
812 2726 897 2790 quae
913 2703 1113 2770 Hiberniam

15 2802 153 2888 specum

80 2901 127 2965 73.
139 2901 259 2986 Neque
272 2900 406 2964 demum
419 2899 565 2964 hocloco
577 2899 918 2984 praetermittendum,
932 2899 1032 2965 aliam
1048 2901 1114 2986 epi-

16 2994 104 3062 stolam
127 3002 272 3063 existere
296 2999 329 3062 in
354 3019 388 3062 re
413 2995 512 3062 simili
534 2996 580 3062 ab
595 2995 767 3062 Hadriano
783 2997 834 3063 IV
854 2996 966 3062 datam
990 2997 1033 3062 ad
1049 2997 1114 3062 Lu-

16 3089 142 3162 dovicum
166 3095 237 3160 Vll
262 3094 391 3161 Hediae
413 3116 537 3179 regem,
561 3117 649 3160 anno
677 3095 772 3176 1159,
797 3097 845 3158 uti
870 3094 1011 3160 videtur.
1060 3095 1115 3160 Ex

17 3185 60 3254 ia
79 3195 214 3280 epistola
238 3193 413 3278 colligitur,
429 3193 642 3259 Ludovicum
658 3194 725 3258 VlI
742 3193 914 3258 Pontificis
938 3193 1114 3259 consilium

20 3291 191 3358 clusorem
217 3293 362 3379 petiisse,
386 3301 423 3356 ut
445 3314 513 3356 una
537 3314 613 3357 cum
637 3293 784 3357 Henrico
799 3291 943 3375 Angliae
967 3312 1043 3377 rege
1060 3313 1114 3355 cx·

19 3387 190 3468 seditionem
217 3392 399 3476 susciperet
421 3391 455 3453 in
472 3399 604 3473 terram,
629 3412 714 3477 quae
733 3391 768 3454 in
787 3391 1021 3475 manuscriptis
1044 3400 1114 3453 tan-

18 3489 68 3549 tun
87 3488 190 3554 littera
217 3489 259 3553 Η.
284 3489 491 3574 exprimitur,
525 3489 570 3552 ad
601 3487 789 3553 dilatandos
823 3489 972 3552 terminos
998 3486 1117 3575 populi

19 3615 199 3634 ³⁶*-·---.-..-..-.

20 3701 21 3704 ’
72 3693 88 3756 ’1
104 3695 301 3764 Argumentum
319 3691 370 3746 hoc
386 3691 456 3746 eatis
474 3707 562 3761 grave
581 3696 631 3756 est,
650 3691 774 3758 quamvis
787 3691 843 3747 vim
861 3692 1070 3761 peremptoriam
1090 3691 1114 3747 ei

47 3773 236 3830 urindicemos.
266 3773 376 3828 Etenim
395 3787 443 3841 per
460 3787 490 3828 se
509 3771 626 3828 annulus
650 3772 726 3827 mitti
752 3777 868 3841 poterat,
893 3773 958 3839 quin
977 3772 1048 3826 ratio
1067 3789 1113 3826 ra·

59 3852 183 3924 'proprie
216 3853 282 3909 dicti
310 3851 511 3922 designaretur.
547 3853 594 3907 Ita
611 3852 786 3908 Innocentius
810 3853 856 3907 111
883 3854 1013 3908 annulum
1040 3852 1117 3908 misit

51 3930 147 3990 maol
160 3934 359 4005 rogitamus,
378 3949 458 4002 quem
476 3939 568 3988 tamm
587 3950 640 3989 uon
659 3934 769 3989 ridetur
787 3933 963 3989 habuissent
981 3933 1116 3988 vasallum

59 4010 124 4068 Sedis.
164 4016 218 4072 Sed
252 4019 444 4085 mgumeutum
478 4019 615 4069 structum
646 4019 688 4070 est
713 4029 747 4068 cx
771 4014 813 4080 iis,
848 4031 917 4082 quae
940 4013 1117 4069 communiter

51 4093 160 4152 uiebeut.

76 4173 93 4238 'l
108 4176 158 4233 Gir.
176 4177 233 4232 Dar
246 4174 380 4232 Katholilr
394 4173 472 4230 1864.
490 4173 528 4230 IL
542 4174 568 4228 S.
582 4175 642 4229 178.
664 4174 715 4230 Die
728 4173 889 4245 angebliche
902 4174 1117 4244 Vsrscheukung

119 4272 151 4312 au
167 4255 302 4312 Heinrich
320 4255 349 4309 11
367 4253 450 4310 durch
468 4253 592 4310 Hadrian
610 4253 659 4311 IV.

67 4369 185 4428 inmun,
200 4374 393 4416 Dissertatiouex.
408 4373 474 4412 Tam.
489 4372 517 4413 V.
