2822 4838
288 460 343 514 334
455 460 571 515 xxm.
590 460 631 514 De
649 459 751 518 haeres.
771 458 938 528 repressione
957 475 988 512 uc
1005 459 1038 514 de
1057 456 1251 513 Deerat-atibus.

288 615 318 668 ot
330 604 501 683 mandatis,
513 606 575 667 imo
592 627 687 690 super
705 603 908 690 defendenda
922 603 1048 666 ciuitate
1067 613 1177 666 contra
1192 603 1330 685 siqnutos
1341 621 1397 661 cun

286 703 368 787 ipsis
391 703 556 766 haereticis
579 707 761 791 juramento
785 703 971 788 interposito
1002 710 1220 764 conuenerunt.
1268 698 1307 761 ln
1321 695 1404 781 sesto]

287 811 417 862 sauctae
451 801 577 864 diarios
611 799 834 884 Maodalenua,
867 801 903 862 in
929 803 1017 886 cujus
1046 797 1177 861 ecclesio
1206 797 1288 860 ciues
1310 795 1398 859 Biter-

287 919 393 960 renses
421 898 591 961 Dominum
622 921 712 961 suum
742 898 860 962 dudum
884 893 1150 983 proditionaliter
1178 893 1399 978 interfecerant,

289 1017 380 1057 mune
404 994 530 1058 obsessa
553 1006 599 1058 est
622 997 744 1076 cirritos,
776 1019 855 1082 quae
878 995 1002 1080 quidem
1032 1004 1151 1057 natura
1182 991 1253 1068 loci,
1287 991 1358 1054 ciris
1378 999 1400 1048 et

287 1091 477 1156 victualibus
510 1094 590 1156 odeo
622 1094 788 1158 uidebatur
822 1096 954 1172 munita,
984 1091 1068 1179 quod
1099 1115 1159 1177 per
1194 1089 1321 1175 lonyum
1343 1097 1400 1150 ioue

283 1190 378 1276 poris
396 1201 569 1275 putaretur
589 1213 685 1277 posse
710 1192 936 1277 quantumlibet
960 1191 1128 1254 caecrcitum
1151 1189 1316 1252 sustirwre.
1358 1184 1404 1246 Vn

289 1311 359 1350 rum
383 1288 459 1372 quin
482 1312 545 1352 non
569 1299 614 1351 est
629 1290 804 1374 fortitude,
828 1313 892 1353 non
916 1300 962 1352 cst
985 1286 1150 1353 consilium
1173 1299 1286 1350 contra
1304 1287 1404 1349 Dauus

290 1385 365 1448 dum
382 1396 571 1450 tractaretur
587 1411 655 1451 cunt
678 1387 849 1452 baronibus
878 1387 1120 1451 deliberatione
1143 1385 1282 1461 illorum,
1308 1384 1358 1469 qui
1379 1383 1404 1442 iu

289 1483 364 1568 ipso
387 1483 512 1547 ciuitate
531 1482 685 1548 Cacuottet
707 1486 922 1564 censebantur,
946 1484 1068 1548 ribaldi
1090 1495 1120 1547 et
1143 1483 1204 1546 alii
1217 1481 1295 1546 viles
1320 1493 1348 1543 et
1369 1481 1404 1540 iu

291 1603 388 1643 ermes
406 1603 575 1666 personae,
599 1607 663 1646 nen
687 1595 865 1670 exspectato
890 1583 1043 1646 mundato
1070 1583 1263 1667 partcipem,
1288 1582 1324 1643 in
1346 1579 1404 1640 ent

293 1687 387 1742 tatem
401 1679 551 1763 fecerunt
573 1680 735 1761 insultum,
766 1692 794 1744 et
817 1680 1006 1745 mirantibus
1034 1682 1152 1744 nostris
1176 1703 1244 1744 cum
1267 1678 1404 1743 clamares

292 1785 361 1839 tur:
384 1775 461 1854 „Ad
481 1801 582 1856 arma,
607 1779 651 1843 od
675 1787 798 1859 armo‚“
823 1781 917 1865 quasi
938 1778 994 1841 sub
1019 1779 1155 1842 duarum
1176 1773 1226 1840 uel
1249 1777 1345 1840 trium
1367 1775 1404 1834 io

290 1896 400 1936 rarum
423 1877 540 1960 spatio,
565 1879 756 1940 transcensis
771 1877 911 1962 fossatis
936 1901 973 1939 uc
994 1897 1093 1952 muro,
1118 1887 1214 1962 copta
1238 1887 1285 1938 est
1308 1875 1404 1962 ciritae

291 1969 494 2051 Biterrensis,
517 1976 677 2061 nostrique
700 1998 763 2039 non
783 1985 951 2062 parcentes
975 1974 1093 2050 ordini,
1122 1975 1214 2036 senui
1236 1973 1286 2036 uel
1309 1969 1404 2034 aetati

284 2066 360 2153 fere
383 2071 496 2156 uiginti
517 2071 622 2136 millia
645 2073 801 2136 hominnm
824 2075 858 2136 in
882 2095 934 2135 ore
949 2071 1247 2158 qladiiperierunt5
1263 2069 1404 2156 factuque

291 2167 425 2231 bostium
448 2181 553 2256 struae
574 2172 790 2256 permanima,
821 2168 965 2257 spoliata
997 2180 1043 2234 est
1075 2180 1141 2232 tota
1163 2169 1278 2232 civitas
1302 2178 1333 2230 et
1355 2185 1404 2232 ura

293 2287 386 2329 consu
409 2264 529 2331 ultione
553 2269 664 2332 diuino
687 2270 723 2332 in
746 2291 814 2332 eom
837 2267 1029 2332 mirabiliter
1051 2268 1247 2344 saeuiente.¹)

133 2408 277 2455 &⁹⁰¹³an
387 2401 439 2466 23.
475 2401 578 2465 Hisce
602 2403 714 2467 verbis
739 2401 938 2466 describitur
960 2402 1164 2486 expugnatio
1189 2397 1245 2463 ilia
1270 2397 1404 2470 celebris

155 2475 257 2510 ''⁰⁹¹⁰''
295 2517 335 2560 ac
358 2496 437 2562 huic
460 2498 614 2564 relationi
638 2503 772 2564 omnino
802 2502 965 2564 consentit
996 2502 1139 2564 narratio
1164 2499 1252 2563 Petri
1279 2496 1320 2560 de
1347 2493 1404 2570 Cen

295 2594 382 2678 najo,
408 2598 463 2681 qui
488 2600 589 2661 etiam
613 2609 757 2682 stragem
786 2601 883 2663 istam
908 2597 1029 2662 diserte
1060 2595 1176 2660 tribuit
1199 2592 1404 2670 servientibui

295 2693 507 2759 inferioribus
524 2718 581 2760 seu
597 2695 746 2777 ribaudis,
771 2694 971 2782 simulatque
987 2697 1158 2759 civitatem
1177 2693 1316 2778 ingressi
1335 2695 1404 2770 sunt

296 2791 440 2872 Ribaldi,
465 2794 590 2873 scribit,
616 2819 684 2858 curu
706 2795 927 2880 iudiqnatione
951 2795 1093 2856 maxima
1108 2814 1213 2856 moeros
1237 2791 1358 2854 odeurst
1382 2781 1404 2864 si

294 2891 420 2970 uitatis,
457 2890 674 2978 nobilibusque
705 2894 861 2957 coercitus
898 2891 1106 2956 nescientibus
1138 2900 1168 2952 et
1190 2889 1287 2976 plene
1318 2889 1404 2950 incon

295 2988 397 3067 sultis,
413 2989 508 3074 facto
532 2989 654 3054 insultu
676 2992 750 3076 ipsa
773 2991 859 3074 lubra,
885 2990 985 3075 (quod
999 2989 1086 3054 dictu
1106 2987 1252 3051 mirabile
1277 2985 1348 3070 est)
1374 3001 1404 3056 cn

290 3089 388 3172 piant
411 3091 578 3154 civitatem.
629 3087 715 3162 Quid
723 3085 843 3173 pluro?
866 3089 975 3150 statim
990 3087 1157 3162 intrantes,
1182 3108 1203 3147 o
1226 3085 1355 3146 nsinimo
1381 3085 1404 3144 ai

297 3187 467 3250 nummum
489 3209 594 3250 omnes
609 3187 684 3272 fere
708 3195 831 3262 necant,
863 3185 1023 3248 tradentes
1046 3183 1192 3247 incendio
1223 3169 1404 3245 civitatensi

297 3285 466 3347 Immerito
483 3285 619 3370 quidam
643 3295 796 3348 auctores
819 3283 978 3369 graphice
1002 3281 1104 3346 veluti
1130 3281 1315 3366 depingunt
1339 3280 1404 3346 imi

298 3393 331 3446 et
363 3382 507 3446 furorem
532 3381 671 3446 Arnaidi
703 3381 817 3466 legati,
853 3380 906 3446 vel
937 3381 971 3445 id
1001 3391 1099 3444 antea
1130 3379 1344 3442 constitutum
1379 3365 1404 3440 ri

297 3480 418 3561 ferunt,
451 3490 489 3543 ut
512 3502 626 3544 omnes
650 3482 706 3565 qui
732 3501 798 3543 non
823 3501 894 3543 sese
926 3477 1132 3542 dedidissent
1165 3475 1404 3538 trucidarentui

298 3574 365 3639 Ista
390 3589 590 3662 exaggerata
621 3599 691 3641 esse
714 3577 834 3663 liquet3
871 3597 948 3640 nam
979 3577 1020 3640 de
1054 3575 1151 3638 modo
1186 3571 1337 3637 salvandi
1366 3565 1404 3634 (Ἢ

299 3673 438 3739 tholicos
461 3675 572 3740 adhuc
595 3675 818 3756 tractabatur,
852 3674 986 3760 quando
1018 3697 1060 3736 ex
1090 3673 1270 3758 improviso
1305 3663 1404 3733 civiti

300 3785 398 3859 capta
433 3786 490 3839 est.
546 3774 694 3839 Moribus
725 3784 835 3837 autem
869 3771 1059 3836 rudioribus
1092 3770 1169 3834 belli
1199 3767 1335 3854 gerendi
1369 3763 1404 3829 iii

299 3884 417 3952 aetate,
450 3871 596 3936 adscribi
621 3871 728 3954 debet,
762 3871 850 3956 quod
883 3871 1026 3934 ferocius
1057 3869 1178 3933 milites
1211 3889 1249 3931 eo
1275 3866 1308 3930 in
1334 3849 1404 3927 cusi

301 3971 348 4033 uti
373 3981 405 4034 et
428 3969 520 4048 alias,
546 3969 776 4034 desaevierint.
825 3967 999 4032 Caeterum
1022 3966 1112 4032 haud
1128 3977 1229 4030 totam
1255 3967 1404 4028 civitates

375 4247 396 4310 ⁸³)
416 4245 488 4300 Hier.
508 4243 599 4312 Albig.
619 4261 640 4298 c.
661 4246 702 4298 15.
