2828 4842
110 576 268 616 waldensium

164 638 218 678 rau.

281 432 335 486 344
442 432 558 491 XXVII.
577 434 618 489 De
636 433 739 490 haeres.
759 432 926 503 repressione
945 451 976 489 ao
995 434 1028 490 de
1051 434 1243 494 Decretalibua.

373 576 425 640 35.
458 578 595 641 Interim
620 577 655 642 hi
679 577 892 660 Waldenses,
921 580 977 665 qui
1002 589 1035 642 ct
1058 579 1235 646 Humiliati
1257 603 1297 643 ac
1319 580 1390 643 Pau-

282 695 377 758 peres
400 674 653 758 Lugdunenses,
677 697 807 741 necnon
831 674 981 741 Sabatati
1006 675 1144 762 (sabota)
1169 685 1202 740 et
1222 675 1389 741 Insabatati

281 769 439 857 appellati
464 781 550 854 sunt,
575 775 698 838 sensim
723 772 914 838 inciderunt
936 775 970 837 in
995 775 1105 838 varias
1128 773 1291 838 haereses.
1321 773 1390 838 Con·

280 868 459 933 tenderunt
489 869 656 954 videlicet,
688 870 874 936 Ecclesiam
899 872 1093 953 Romanam,
1124 893 1233 957 aquo
1258 881 1390 957 tempore

279 967 475 1052 temporalia
508 967 596 1032 bona
624 969 794 1054 possidere
825 980 988 1055 coeperat,
1022 969 1159 1034 desiisse
1191 992 1305 1034 veram
1333 993 1390 1033 esse

281 1061 405 1128 Christi
429 1063 630 1147 Ecclesiam3
660 1065 749 1130 hanc
772 1079 883 1130 autem
908 1067 998 1152 apud
1023 1089 1057 1131 se
1081 1066 1177 1151 solos,
1202 1069 1258 1154 qui
1284 1065 1397 1136 Christi

280 1172 313 1226 et
343 1161 577 1248 Apostolorum
608 1173 839 1250 paupertatem
872 1175 904 1228 et
936 1163 1158 1228 humilitatem
1190 1157 1397 1232 sectarentur.³

280 1261 474 1343 consistere3
500 1259 653 1325 illicitum
679 1284 749 1326 esse
773 1261 1002 1340 Pontificibus,
1034 1263 1198 1347 episcopia
1221 1273 1255 1325 et
1279 1261 1397 1325 clericis

280 1357 448 1444 possidere
472 1357 560 1422 bona
576 1359 781 1445 temporalia,
806 1359 907 1422 feuda
930 1371 988 1423 aut
1010 1359 1145 1443 regalia.
1198 1359 1397 1444 Rejicicbanc

280 1477 408 1520 sacram
427 1454 659 1538 hierarchiam,
685 1456 900 1544 requirebant
923 1457 965 1520 ad
992 1455 1197 1520 validitatem
1222 1477 1397 1536 sacramen—r

280 1565 387 1617 torum
421 1563 542 1618 statum
572 1556 699 1639 gratiae
730 1557 764 1619 in
798 1556 968 1637 ministris,
997 1554 1151 1618 omnibus
1180 1549 1397 1620 attribuebant

280 1662 476 1736 potestatem
501 1651 699 1716 conficiendi
723 1653 988 1734 Eucharistiam3
1013 1676 1038 1716 s.
1064 1653 1198 1716 Missam
1224 1666 1334 1718 autem
1357 1675 1392 1714 rc·

279 1749 476 1835 pudiabant,
506 1752 555 1813 uti
579 1760 612 1814 et
634 1753 873 1836 purgatorium,
907 1749 1139 1834 indulgentias,
1174 1750 1303 1814 cultum
1327 1750 1397 1840 San-3

280 1856 408 1911 ctorum
433 1857 465 1910 et
489 1847 712 1934 reliquiarum.
770 1849 802 1914 S.
828 1849 1033 1934 Scripturam
1065 1848 1108 1912 ad
1138 1848 1284 1913 litteram
1309 1857 1397 1934 expo-l

280 1943 422 2026 nebant;
455 1945 534 2009 hinc
552 1946 791 2030 juramentum,
823 1946 956 2028 bellum,
989 1947 1187 2012 occisionem
1221 1946 1397 2011 malefacto-¹

279 2064 353 2106 rum
385 2053 484 2129 atque
519 2045 699 2108 universim
731 2046 902 2128 sanguinis
934 2045 1128 2109 effusionem
1159 2042 1397 2120 contendebantl

279 2163 351 2205 csso
376 2140 502 2206 illicita.
550 2141 652 2206 Hisce
676 2142 841 2206 erroribus
866 2145 968 2226 igitur
991 2164 1030 2206 ac
1054 2141 1229 2224 similibus,
1256 2143 1313 2208 alii
1336 2144 1391 2228 qui-

281 2240 357 2304 dem
381 2238 454 2303 aliis
479 2238 597 2303 imbuti
622 2251 726 2321 erant,
753 2243 819 2304 imo
843 2241 979 2326 quidam
1004 2263 1047 2304 ex
1067 2243 1147 2326 ipsis
1171 2242 1272 2305 etiam
1290 2240 1392 2306 Catha-

280 2359 391 2402 rcrum
416 2339 536 2422 impias
560 2338 727 2402 doctrinas
751 2349 962 2424 usurparunt.

370 2435 422 2500 36.
449 2435 619 2500 Haeretici
646 2429 845 2500 Waldenses
873 2458 939 2500 uon
963 2435 1068 2501 solum
1093 2435 1135 2500 ab
1160 2436 1312 2500 Ecclesia
1335 2457 1391 2520 pro·

278 2533 395 2619 scripti
408 2543 441 2596 ct
456 2556 475 2596 a
493 2531 709 2619 scriptoribus
725 2533 918 2598 orthodoxis
935 2534 1095 2598 confutati
1112 2547 1199 2613 sunt,
1221 2535 1282 2599 sed
1297 2537 1391 2608 etiam,

280 2633 329 2694 uti
354 2630 410 2694 alii
435 2630 604 2711 haeretici,
636 2655 655 2694 a
679 2632 888 2717 principibus
914 2633 1033 2696 edictis
1064 2637 1188 2696 severis
1219 2656 1260 2696 ac
1285 2634 1390 2718 passim

280 2731 382 2794 armis
406 2743 484 2794 sunt
506 2731 657 2814 repressi.
694 2729 929 2813 Progrediente
953 2743 1110 2817 tempore,
1136 2755 1179 2796 ex
1203 2731 1323 2810 Gallia,
1345 2728 1397 2822 ffi'l

278 2829 408 2912 spania,
440 2827 539 2891 Italia
568 2849 607 2890 ac
640 2825 820 2892 Germania
852 2829 959 2913 ejecti,
993 2829 1215 2912 confugerunt
1243 2830 1280 2893 in
1304 2826 1397 2916 vallosl

281 2924 461 2989 Bohemiae
492 2937 525 2988 et
556 2924 778 3006 Pedemontii‚
810 2924 866 2988 ubi
900 2949 934 2988 se
967 2929 1068 2990 armis
1099 2929 1195 2990 tutati
1227 2937 1315 2990 sunt.
1361 2924 1390 2986 lu

281 3022 443 3092 Bohemia
468 3033 581 3108 postea
608 3044 642 3086 se
667 3023 811 3087 Hussitis
830 3025 1026 3109 junxerunt,
1059 3047 1097 3088 ac
1121 3023 1252 3088 saeculo
1278 3024 1389 3088 decimo

280 3132 375 3185 sexto
399 3119 596 3186 Waldenses
627 3123 810 3184 universim
842 3133 916 3207 post
940 3122 1035 3206 plura
1059 3144 1134 3185 cum
1167 3121 1397 3210 haeresiarchis}

282 3219 370 3283 illius
393 3220 510 3282 aetatis
535 3218 708 3305 colloquia,
740 3219 901 3305 quasdam
927 3219 1094 3284 doctrinas
1124 3219 1251 3306 rigidas
1285 3213 1397 3300 emolli-p

283 3327 411 3398 verunt,
436 3341 476 3382 ac
500 3317 576 3381 dein
602 3319 759 3381 unionem
784 3339 860 3380 cum
887 3317 1152 3382 Protcstantibus
1176 3319 1328 3383 inierunt.
1359 3317 1389 3378 lu

282 3413 379 3478 Italia
403 3437 507 3501 usque
531 3415 573 3478 ad
599 3415 669 3478 dies
701 3425 830 3479 nostros
861 3415 1039 3500 specialem
1072 3415 1327 3481 Protestantium
1353 3423 1397 3502 sol

277 3524 370 3576 ctam
395 3515 609 3580 constituunt.
1396 3531 1397 3584 l

701 3875 703 3880 .
813 3820 872 3883 IL

282 3979 348 4042 Dc
370 3979 413 4042 ut
436 3980 618 4043 coactiva
633 3979 684 4042 ab
698 3979 886 4043 Ecclesw
899 3978 949 4042 tra
963 3979 1191 4043 haereticos
1205 3973 1397 4068 adhibttc.p

373 4102 426 4166 37.
453 4100 570 4181 Quoad
595 4100 720 4164 bellum
738 4111 852 4164 contra
868 4100 1067 4186 Albigensas
1090 4111 1219 4185 gestum
1244 4096 1384 4164 invehunt

275 4209 434 4263 auctores
464 4198 635 4263 Ecclesiae
664 4198 808 4279 adversi,
840 4197 893 4262 vcl
924 4198 1078 4264 catholici
1111 4197 1203 4262 falsis
1234 4191 1397 4284 principiis}
