2868 4844
146 3687 233 3730 Urbani
249 3686 285 3725 de-

177 3749 257 3790 tectas.

297 457 350 510 *26⁰
537 449 666 504 XXXIII.
686 451 725 504 De
745 467 844 519 magno
863 450 1014 506 Occidentis
1033 451 1187 508 schismate.

298 605 330 660 et
360 597 558 660 simoniacas
588 595 700 658 sordes
733 595 851 658 vetitas
888 595 1032 658 oravisse
1070 593 1147 660 odia
1179 617 1223 660 ex
1254 595 1403 660 veteribus

299 695 521 760 monumentis
555 703 692 770 constat,
733 692 973 778 confirmatque
1008 693 1244 760 aectherius
1265 692 1404 758 Senensis

297 799 361 878 (ep.
387 793 462 871 XL),
495 791 638 854 movisse
662 789 857 856 Cardinales
880 789 1103 870 rebellionem,
1136 813 1214 856 eum
1245 792 1332 876 ipsos
1354 811 1404 856 sor-

298 891 431 956 descere
469 890 503 952 in
539 889 630 952 vitiis
663 911 729 953 non
766 899 943 973 pateretur.
992 885 1214 954 Consentiunt
1251 888 1303 954 bis
1337 911 1406 974 quse

298 986 570 1069 Walsingbamus
609 987 650 1050 de
691 987 754 1052 hac
788 983 1018 1052 Cardinalium
1056 986 1243 1052 defectione
1280 988 1406 1071 scripsit

298 1086 363 1168 ,Ex
394 1095 476 1170 post,
513 1086 630 1169 inquit,
664 1106 741 1148 cum
774 1086 844 1170 ipse
878 1082 1065 1148 cardinalis
1099 1091 1235 1169 (nempe
1259 1083 1408 1150 Robartus

298 1183 542 1263 Gabonnensis)
567 1191 600 1246 et
623 1185 743 1246 caeteri
770 1181 811 1246 da
836 1181 980 1265 Collegio
1012 1181 1134 1267 quibus
1158 1181 1330 1246 Ecclesiae
1354 1203 1407 1267 per·

297 1281 442 1346 turbatio
459 1279 697 1366 complacebat,
714 1279 1051 1346 viderentL'rbauum
1063 1279 1187 1365 Papam
1206 1290 1243 1344 ut
1254 1301 1407 1344 summum

296 1379 494 1444 Pontificem
518 1399 577 1462 per
594 1380 705 1444 omnia
730 1378 951 1444 condecenter
973 1400 1081 1462 agere,
1106 1387 1221 1444 contra
1244 1380 1407 1444 avaritiam

299 1483 446 1564 ipsorum
471 1476 649 1562 disputare,
689 1477 851 1542 adversus
882 1471 1062 1562 injustitias
1086 1476 1283 1560 disceptare,
1324 1489 1357 1539 at
1385 1478 1408 1538 in

299 1595 414 1640 omncs
437 1575 635 1638 simoniacos
659 1575 824 1660 intrepide
840 1573 1032 1640 terribiliter
1046 1574 1233 1656 fulminare,
1259 1577 1408 1660 poenituit

299 1695 355 1739 eos
386 1673 504 1737 fecisse
532 1672 712 1737 hominem.
765 1672 920 1758 Augebat
953 1675 1089 1758 insuper
1118 1673 1262 1738 lurorem
1299 1695 1408 1738 eornm.

298 1772 388 1858 qnod
412 1779 610 1856 protestatus
633 1771 751 1854 fuerat,
776 1795 810 1836 se
820 1773 987 1857 justitiam
1010 1772 1176 1838 facturum
1201 1773 1291 1836 inter
1317 1774 1407 1836 viron

299 1881 332 1934 at
355 1871 476 1950 virum,
501 1879 533 1932 ct
557 1871 703 1933 maxime
728 1871 813 1934 inter
835 1892 929 1954 reges
946 1870 1148 1934 Francorum
1174 1879 1207 1933 ct
1226 1869 1407 1953 Anglorum.

299 1989 359 2054 per
382 1988 521 2052 quornm
542 1989 646 2051 paene
663 1967 846 2032 discordias
862 1977 931 2032 tota
946 1967 1169 2033 christianitas
1185 1967 1407 2034 detrimentum

299 2067 437 2151 accepit.
490 2063 665 2130 Favebant
695 2067 853 2130 nimirum
882 2068 951 2149 regi
985 2066 1189 2130 Francorum
1221 2065 1296 2150 ejus
1328 2065 1408 2128 illecti

301 2163 504 2243 muneribus,
535 2161 625 2226 unde
649 2173 682 2226 et
706 2163 907 2244 metuebant,
942 2185 983 2227 ne
1011 2163 1136 2249 aliquid
1162 2162 1343 2228 salubriter
1364 2177 1408 2226 sta·

299 2271 406 2326 tueret
438 2269 553 2325 contra
584 2281 671 2342 curn,
704 2271 839 2346 propter
872 2261 961 2347 qnod
989 2260 1042 2326 vel
1074 2283 1187 2326 eorum
1221 2263 1410 2326 minueretur

300 2359 522 2440 commodum,
556 2358 609 2422 vel
639 2359 753 2443 opinio
783 2379 885 2443 penes
918 2381 1040 2446 regem.
1088 2359 1150 2424 llis
1182 2361 1298 2445 itaque
1328 2371 1359 2424 et
1382 2349 1423 2420 iisl

300 2455 464 2522 similibus
493 2459 600 2520 causis
625 2455 862 2521 desciverunt!
886 2509 893 2522 .
920 2505 927 2520 .
953 2505 960 2522 .
986 2456 1154 2522 Didicissc
1176 2456 1279 2522 abans
1305 2459 1411 2522 dissen-

301 2557 403 2620 sionis
426 2554 525 2640 hujus
550 2575 684 2618 oausam
709 2577 751 2616 ex
775 2555 880 2639 ipsius
898 2553 1026 2618 Urbani
1050 2576 1115 2634 ore,
1141 2566 1253 2620 namt
1278 2556 1422 2642 Thorna-E

300 2655 399 2718 Petra
415 2655 596 2717 canonicus
608 2653 827 2734 Patracensis,
844 2673 920 2716 eum
937 2652 1065 2717 scilicet
1076 2651 1291 2718 sollicitatum
1309 2667 1422 2736 nempe*

301 2776 322 2816 a
345 2750 581 2816 Cardinalibus
612 2751 727 2831 fnisse,
768 2760 804 2814 ut
831 2748 951 2814 Sedem
977 2750 1203 2836 Apostolicam
1234 2753 1411 2818 transferret

303 2851 522 2930 Avenionem,
554 2870 659 2934 eoque
682 2848 813 2912 dicente
837 2851 871 2914 In
896 2871 979 2934 paca
1011 2849 1246 2914 continendam
1270 2873 1345 2916 esse
1363 2851 1421 2924 Its,

301 2949 396 3027 liam,
429 2971 468 3011 ac
493 2947 652 3012 ditionem
677 2946 936 3012 ecclesiasticam
961 2946 1244 3031 componendam,
1278 2961 1348 3012 tum
1378 2937 1421 3008 inl

302 3046 484 3112 stauranda
507 3044 651 3130 collapsa
669 3044 769 3108 Urbis
784 3044 916 3130 templa,
942 3043 1014 3108 illos
1036 3045 1227 3131 subjecisse,
1252 3065 1412 3130 nunquam

303 3144 515 3232 pontificatus
545 3143 726 3206 honoribus
757 3141 886 3206 Italiam
920 3144 1163 3227 potituram.“¹)
1209 3143 1282 3208 Etsi
1318 3145 1350 3206 in
1373 3141 1420 3204 bis

304 3243 467 3332 quaedam
503 3243 733 3306 accusationes
763 3250 876 3306 contra
914 3239 1109 3306 Cardinales
1145 3243 1211 3306 sint
1248 3241 1335 3306 forte
1369 3229 1420 3302 ali-l

303 3343 497 3429 quantisper
528 3351 757 3425 exaggeratas,
797 3338 998 3402 conferenda
1027 3349 1138 3403 tamen
1172 3337 1254 3404 baec
1286 3350 1362 3402 sunt
1383 3335 1419 3414 lia

303 3461 389 3527 quae
406 3439 559 3524 superius
575 3437 731 3518 diximus,
758 3447 794 3500 ut
816 3435 970 3500 omnibus
989 3438 1160 3522 perpensis
1173 3457 1318 3522 aequum
1338 3431 1419 3519 judi-l

305 3540 394 3602 oium
419 3536 460 3600 de
485 3537 651 3600 scissionis
676 3536 784 3598 cauma
806 3533 940 3598 seratur.
1418 3537 1419 3573 l

395 3655 448 3718 21.
495 3649 756 3716 Concedondum
781 3669 852 3713 esse
875 3669 1054 3732 censerem,
1087 3648 1258 3715 Urbanum
1284 3647 1334 3710 Vl
1358 3664 1418 3708 nm*

304 3755 439 3818 omnino
464 3771 577 3836 parem
594 3749 706 3828 fuisse,
730 3749 787 3833 qui
802 3746 1073 3812 sublimissimam
1089 3745 1301 3833 pontificatus
1318 3743 1413 3826 digni·

304 3861 404 3916 tatem
430 3849 615 3927 sustineret,
641 3856 672 3909 et
696 3867 738 3909 ex
763 3843 953 3909 charactere
976 3847 1048 3931 ejus
1071 3857 1104 3909 at
1127 3843 1236 3909 indole
1252 3845 1347 3906 varia
1369 3861 1417 3906 ers

303 3949 470 4036 plicantur
505 3948 584 4010 satis
614 3943 796 4026 singularia
828 3942 871 4006 ab
903 3944 974 4027 ipso
1004 3943 1101 4010 facta.
1156 3942 1236 4006 Erat
1264 3921 1417 4160 videticp

379 4234 398 4300 ¹)
419 4231 552 4300 asyma.
571 4229 605 4283 ac
624 4245 647 4284 a
671 4228 783 4283 1essn.
803 4229 845 4282 as.

1407 4471 1415 4807 l
