2850 4834
421 363 628 418 Dissertationis
648 364 758 418 indoles.
1102 366 1151 419 151

47 505 114 569 inde
146 505 302 591 paulatim
336 517 385 570 est
418 506 594 587 diminuta,
632 509 697 570 imo
733 509 833 571 ctiam
868 509 923 571 via
956 517 1153 592 praeparata

44 603 198 668 schismati
221 626 261 668 ac
277 605 380 668 variis
395 602 501 686 malis,
528 627 611 690 quae
628 615 740 690 postea
750 604 928 669 subsecuta
942 613 1027 668 sunt.
1060 605 1154 668 Haec

44 714 146 766 tamen
174 701 367 766 discrimina
397 725 476 767 sanc
508 725 573 766 non
607 702 695 768 illico
731 725 765 766 se
789 701 1058 776 manifestarunt;
1095 701 1154 766 sed

44 800 167 882 tardius,
195 822 298 886 quum
323 798 419 864 malis
443 802 573 886 magnis
597 804 737 866 societas
762 801 943 866 christiana
962 801 1033 885 jam
1058 798 1153 864 obru-

43 909 151 976 eretur,
178 921 297 962 causae
321 898 452 963 illorum
476 900 612 964 fuerunt
635 899 765 985 plenius
789 911 991 985 perspectae.

120 1050 150 1114 2.
194 1049 271 1114 Non
303 1050 480 1115 defuerunt
515 1055 599 1116 intcr
635 1061 786 1116 auctores
816 1051 1010 1137 praesertim
1042 1048 1153 1132 Italos,

42 1149 89 1231 qui
112 1147 230 1231 stylum
265 1171 361 1213 suum
387 1151 420 1212 in
446 1149 622 1214 Pontifices
647 1150 899 1214 Avenionenses
923 1147 1154 1212 vehementius

42 1257 198 1324 creuerunt,
230 1257 263 1310 et
293 1248 396 1311 variis
424 1246 559 1333 prolatis
588 1248 856 1313 accusationibus
881 1247 922 1311 de
946 1268 1059 1310 eorum
1083 1267 1154 1330 per-

43 1343 119 1404 sonis
142 1342 295 1408 acerbius
320 1347 491 1431 conquesti
526 1356 613 1410 sunt.
660 1346 817 1411 Attamen
851 1346 994 1432 plurima
1024 1343 1087 1407 bac
1118 1346 1153 1406 in

42 1461 69 1500 re
90 1449 165 1504 sunt
187 1444 323 1506 omnino
349 1455 559 1528 exaggerata.
606 1445 677 1508 Imo
702 1446 789 1508 inter
811 1444 988 1508 Pontifices
1009 1441 1153 1504 Arenio-

15 1557 16 1562 *
43 1559 148 1601 nenses
180 1537 292 1623 plures
324 1544 522 1604 exstiterunt
554 1543 687 1606 eximiis
719 1541 899 1606 virtutibus
924 1541 1080 1624 insignes,
1112 1560 1154 1601 ex

43 1635 150 1718 quibus
188 1635 343 1701 Urbanus
376 1638 406 1701 V
445 1640 531 1703 iuter
564 1639 684 1702 Beatos
722 1637 853 1713 colitur;
895 1659 1008 1702 omnes
1043 1646 1154 1700 autern

42 1731 161 1796 luerunt
185 1735 249 1798 viri
274 1737 422 1800 moribus
447 1739 577 1820 integri,
608 1737 767 1823 dignique
785 1737 958 1821 Principis
983 1733 1153 1820 Apostolo-

43 1851 101 1894 rum
134 1855 349 1899 successores.
384 1873 427 1882 -
461 1835 513 1900 Ad
540 1857 674 1898 causam
699 1857 777 1898 vero
803 1833 891 1920 quod
916 1843 1044 1918 spectat
1068 1853 1153 1896 com·
1171 1840 1324 1944 ‘'pmgflpth

43 1931 222 1994 morationis
246 1933 446 1997 Pontificum
471 1935 505 1996 in
531 1931 655 2014 Gallia,
689 1932 779 1997 haud
805 1931 1065 1997 existimandum
1094 1940 1152 2011 cst,
1200 1915 1214 1942 ¹¹
1284 1914 1305 1943 ⁸'

43 2023 275 2112 beneplacitum
301 2039 332 2093 et
356 2031 545 2116 exemplum
568 2031 747 2116 Clementis
764 2031 805 2113 V,
830 2031 1085 2094 affectionemve
1109 2027 1153 2092 ad

44 2122 144 2188 solium
171 2130 315 2210 patrium
341 2129 443 2192 fuisse
469 2129 533 2194 illis
558 2131 721 2193 motivum
741 2129 967 2214 praecipuum,
993 2149 1053 2190 our
1069 2127 1156 2190 Ave·

43 2223 126 2285 nione
149 2223 377 2290 subsisterent.
425 2225 490 2291 Sed
515 2229 628 2290 variae
653 2249 708 2291 eos
733 2234 910 2290 moverunt
934 2227 1087 2304 rationes,
1112 2224 1154 2289 ob

43 2341 109 2402 quas
123 2325 343 2406 opportunius
366 2325 400 2388 id
419 2347 490 2389 esse
508 2339 726 2407 censuerunt3
752 2327 818 2388 imo
835 2323 945 2410 plures
960 2325 1155 2387 necessitate

43 2419 172 2499 quadam
203 2420 272 2484 fere
300 2422 451 2487 adstricti
476 2423 689 2488 videbantur.
737 2422 813 2502 Qua
837 2421 878 2504 de
902 2443 937 2484 re
961 2420 1017 2484 hic
1047 2443 1155 2506 panca

45 2512 137 2580 dicere
161 2518 317 2586 sufficiat.

114 2661 145 2724 3.
193 2661 311 2746 Itaque
336 2671 407 2726 tum
432 2661 585 2728 Clemens
610 2665 640 2728 V
665 2674 734 2727 tum
759 2662 997 2748 subsequentes
1019 2661 1155 2726 Pontifi-

44 2777 86 2818 ces
107 2767 141 2821 ut
164 2760 201 2822 in
225 2757 335 2823 Gallia
359 2773 534 2824 manerent
557 2764 703 2826 maxime
727 2783 764 2825 eo
789 2762 928 2846 permoti
954 2771 1040 2841 sunt,
1065 2759 1152 2845 quod

44 2851 149 2918 Rornae
175 2857 257 2942 ipsis
281 2857 376 2922 sedes
400 2880 466 2922 non
493 2860 661 2923 videretur
685 2881 802 2922 secura
826 2857 868 2922 ob
888 2858 1058 2938 factiones,
1084 2861 1153 2943 qui-

44 2949 92 3014 bus
120 2953 219 3018 Italia
250 2965 283 3018 et
312 2958 385 3040 ipsa
420 2956 501 3021 ditio
535 2955 758 3021 ecclesiastica
789 2955 1055 3042 perturbabatur.
1103 2954 1154 3018 Ao

44 3050 64 3110 si
84 3071 120 3113 ex
143 3075 211 3116 una
236 3064 339 3138 parte,
372 3055 451 3118 dum
478 3056 662 3140 periculum
687 3055 841 3120 vitabant
869 3053 986 3139 majori
1010 3054 1153 3138 expositi

45 3145 160 3212 luerunt
184 3149 371 3216 discrimini
390 3155 491 3239 juxta
516 3153 597 3217 illud
614 3163 748 3239 poetae:
776 3152 921 3236 „Incidit
944 3153 977 3214 in
994 3149 1153 3234 Scyllam,

44 3246 87 3326 qni
117 3247 190 3312 vult
221 3249 328 3312 vitare
354 3249 603 3334 Charybdim“3
635 3273 677 3314 ex
701 3251 804 3315 altera
827 3261 920 3335 parte
950 3271 1015 3313 non
1047 3261 1155 3335 potest

45 3345 149 3425 negari,
183 3367 302 3410 revera
335 3349 627 3413 commorationem
661 3351 696 3413 in
722 3348 810 3413 Urbe
835 3371 873 3411 eo
898 3358 1045 3432 tempore
1070 3347 1154 3413 diffi-

46 3439 207 3508 cultatibus
231 3444 376 3529 plenam,
409 3447 475 3511 imo
501 3470 600 3532 saepe
630 3446 869 3533 impossibilem
893 3445 1005 3510 fuisse.
1053 3447 1154 3511 Reco-

46 3535 160 3604 lcndum
185 3553 245 3624 cst,
265 3543 336 3628 jam
361 3545 580 3629 praecedente
605 3557 752 3630 tempore
769 3545 958 3630 frequenter
974 3545 1154 3609 Pontifices

46 3635 126 3700 ctiam
150 3641 301 3720 eximios,
327 3651 461 3728 propter
485 3642 647 3707 factiones
671 3641 833 3707 nobilium
859 3653 891 3706 et
914 3640 1153 3708 turbulentiam

47 3737 139 3818 populi
154 3739 309 3820 Romani,
333 3741 439 3806 Roma
464 3741 619 3806 debuisse
644 3742 770 3818 cedere,
797 3751 830 3805 et
853 3743 887 3806 in
912 3739 986 3805 aliis
1010 3743 1152 3805 civitati-

47 3827 94 3898 bus
122 3840 277 3902 territorii
306 3837 521 3904 ecclesiastici
545 3839 599 3903 vel
622 3839 740 3904 Italiae
770 3841 882 3904 sedem
914 3860 1008 3902 suam
1039 3839 1154 3922 figere.

47 3925 229 4006 Quindecim
254 3937 490 4020 praecedentes
513 3937 692 4002 Pontifices
716 3938 794 4002 inde
818 3937 860 4002 ab
882 3939 1078 4002 Innocentio
1092 3937 1154 4019 IV,

48 4029 101 4109 qul,
132 4031 188 4096 diu
224 4032 327 4112 exsul,
368 4045 441 4119 post
469 4047 608 4099 mortem
632 4035 795 4100 Friderici
820 4037 851 4099 ll
889 4059 917 4100 a.
946 4037 1042 4118 1253,
1082 4033 1154 4099 licet

48 4127 186 4195 tristitiom
211 4153 321 4195 screno
345 4133 434 4196 uultu
451 4131 620 4218 palliaret,
652 4133 758 4196 urbem
781 4133 937 4198 sollicitus
962 4145 991 4198 ct
1011 4135 1154 4220 pociolos
