2964 4838
127 2028 184 2070 Julu
200 2028 221 2067 ll

139 2091 204 2132 bella.

269 409 322 464 456
467 411 594 464 XXXVI.
620 411 660 465 De
678 417 755 466 stetu
774 412 912 468 Ecclesiae
931 411 1010 467 initio
1029 414 1103 468 Sacc.
1124 415 1198 469 XVl.

267 551 386 617 solium
410 553 582 619 Juliauum
608 551 821 620 Cardinalem
847 556 1049 640 Robureum‚
1074 557 1253 644 Raphaelis
1275 558 1391 640 filium,

267 649 353 716 Sixti
369 651 422 714 IV
445 674 486 715 ex
511 653 610 716 fratre
633 663 798 739 nepotem,
823 656 880 739 qui
905 665 1074 720 contracto
1095 654 1116 721 J
1121 654 1223 721 ulieni
1248 658 1393 734 nomine,

266 744 377 814 Julius
410 750 450 814 II
474 739 634 836 appellari
670 749 783 816 voluit
831 751 901 818 Sub
937 752 1131 831 Alexandro
1156 754 1205 818 VI
1238 753 1293 818 hic
1325 755 1394 818 fere

265 867 406 932 semper,
431 869 532 932 quum
549 848 704 914 Pontifici
729 860 816 914 esset
836 852 977 932 invisus,
1001 849 1079 916 exul
1103 851 1260 935 degerat3
1283 851 1394 916 sedin

266 944 409 1008 comitiis
441 954 514 1030 post
538 956 676 1012 mortem
700 948 752 1012 Pii
777 947 828 1012 Ill
851 948 974 1013 habitis
1005 959 1097 1014 tanto
1122 949 1232 1014 studio
1257 951 1292 1014 in
1318 969 1396 1014 eum

264 1042 400 1106 Petrum
426 1045 537 1108 omnia
560 1045 719 1130 suffragia
743 1055 1018 1124 suntconversa,
1044 1057 1080 1110 ut
1102 1047 1212 1132 prima
1234 1045 1302 1128 die,
1328 1047 1399 1110 lere

264 1150 445 1225 antequam
477 1137 644 1207 Conclave
679 1141 777 1228 plene
812 1142 981 1208 occlusum
1018 1154 1120 1226 esset,
1160 1145 1320 1210 Pontifex
1356 1145 1399 1208 sit

264 1237 398 1303 electus.
445 1238 548 1304 Paulo
583 1249 660 1306 ante
696 1239 892 1307 electionem
929 1239 1124 1314 cardinales
1158 1245 1277 1308 iterum
1316 1263 1400 1308 non-

265 1329 372 1400 nullas
406 1335 510 1400 tulere
534 1337 639 1422 leges,
675 1338 719 1404 ad
750 1362 833 1426 quas
856 1338 1083 1406 observandas
1109 1340 1333 1426 jurejurando
1364 1361 1399 1404 se

264 1434 522 1500 obstrinxerunt.
563 1437 655 1500 Inter
678 1458 733 1502 eas
755 1439 854 1502 etiam
879 1435 963 1504 haec
985 1437 1228 1518 continebatur,
1253 1449 1291 1502 ut
1307 1439 1399 1502 iutra

264 1531 437 1596 biennium
463 1531 650 1599 Concilium
675 1538 927 1600 oecumenicum
952 1533 1185 1602 celebraretur.
1230 1535 1347 1601 Julius
1362 1533 1398 1598 Π

264 1631 299 1694 in
323 1629 519 1696 Pontificem
545 1631 678 1715 electus,
703 1635 751 1697 uti
775 1643 934 1698 statutum
959 1644 1038 1716 erat,
1060 1633 1152 1718 leges
1175 1635 1255 1698 istas
1277 1655 1316 1698 se
1340 1632 1396 1696 ob·

263 1739 472 1794 servaturum
497 1752 567 1794 esse
586 1730 777 1817 juramento
800 1731 970 1816 promisit;
995 1753 1071 1796 cum
1087 1753 1166 1795 vero
1188 1743 1302 1817 postea
1318 1751 1395 1794 ecn-

264 1835 397 1912 ceptum
430 1837 675 1892 sacramentum
713 1827 755 1892 ad
789 1829 916 1894 exitum
952 1827 1136 1913 perducere
1168 1838 1391 1900 cunctaretur,

264 1922 343 1989 inde
368 1923 548 1990 conflatum
572 1935 622 1988 est
644 1924 789 1990 schisma
817 1937 850 1990 et
874 1928 967 1990 varia
991 1925 1079 1990 male
1103 1936 1277 1992 consecuta
1304 1939 1383 1990 sunt

355 2023 407 2088 60.
442 2022 571 2104 Julius,
608 2025 803 2110 pontificatu
835 2026 982 2106 firmato,
1018 2046 1121 2110 quum
1152 2023 1258 2090 turbis
1286 2023 1385 2088 variis

265 2128 365 2184 totam
391 2120 649 2186 ecclesiasticam
673 2121 833 2186 ditionem
857 2121 1092 2188 labefactatam
1108 2122 1299 2202 invenisset,
1325 2141 1388 2188 nnn

263 2219 307 2282 ad
331 2217 560 2304 recuperanda
583 2217 688 2284 solum
722 2241 806 2304 quae
830 2221 953 2284 amissa
976 2229 1088 2300 erant,
1119 2218 1298 2284 sedetiam
1325 2239 1390 2282 ern-

263 2315 399 2404 plianda
430 2317 579 2380 animum
611 2316 744 2403 adjecit.
791 2316 862 2380 Nec
894 2315 1071 2380 defuerunt
1098 2316 1243 2382 rationes
1266 2317 1393 2401 justae,

263 2437 366 2502 quum
391 2415 447 2500 qui
473 2414 583 2478 varies
607 2415 760 2478 civitates
785 2412 973 2479 detinerent
995 2411 1255 2478 feudatariomm
1276 2413 1393 2478 officis

263 2511 491 2597 multipliciter
514 2511 691 2592 violarent,
717 2521 750 2576 et
773 2510 949 2576 Pontificio
966 2511 1045 2596 jura
1068 2522 1269 2597 spernerent
1319 2511 1395 2576 Sin-

263 2610 342 2697 gula
375 2631 460 2697 quae
493 2609 556 2674 hac
589 2611 624 2674 in
656 2630 692 2674 re
725 2607 837 2675 Julius
870 2610 1016 2694 suscepit
1047 2608 1104 2676 hie
1136 2631 1288 2674 enarrare
1324 2631 1393 2674 non

264 2719 378 2786 vacet3
411 2709 526 2772 merito
551 2718 663 2772 autem
694 2706 758 2771 hac
782 2707 823 2771 de
848 2729 881 2771 re
905 2709 1096 2772 Panvinins
1126 2705 1257 2774 scribit:
1289 2707 1398 2790 „Fuit

263 2807 374 2876 Julius
399 2807 558 2872 Pontifex
581 2807 693 2869 animo
718 2826 877 2889 magnus,
902 2815 1075 2886 constans,
1104 2827 1213 2872 rerum
1236 2803 1395 2872 ecclesie·

264 2909 421 2974 sticarum
455 2903 607 2968 defensor
636 2904 835 2984 acerrimus,
871 2901 1149 2970 contumeliarum
1184 2903 1330 2970 insolens
1361 2917 1399 2968 et

264 3001 517 3070 contumacibus
541 2999 771 3086 implacabilis,
796 3003 831 3066 in
856 2999 1102 3067 calamitatibus
1121 3021 1300 3086 semperne
1316 3003 1395 3087 ipso

264 3103 370 3191 major
393 3113 425 3166 et
448 3099 626 3183 excelsior,
660 3099 785 3164 invicto
810 3100 938 3182 animo,
971 3098 1072 3164 rebus
1099 3101 1264 3185 prosperis
1287 3103 1396 3168 conti-

264 3225 364 3280 nens,
389 3200 516 3284 ingenti
540 3195 756 3274 liberalitate3
788 3218 895 3282 neque
919 3195 962 3262 ob
986 3194 1069 3262 alias
1093 3218 1210 3264 caueae
1232 3206 1283 3260 tnt
1303 3196 1395 3264 belle

262 3301 379 3387 gessit,
412 3319 511 3384 quam
536 3305 572 3360 ut
595 3297 771 3382 imperium
796 3292 1056 3360 ecclesiasticum
1086 3317 1106 3357 a
1129 3293 1272 3358 diversis
1295 3315 1393 3361 ocen-

263 3408 378 3487 patum
413 3403 633 3481 recuperaret,
680 3393 849 3459 Ecclesiae
882 3392 1079 3474 Romanae,
1107 3392 1279 3458 Bononiae
1313 3413 1393 3460 curn

263 3493 408 3564 Aemilia
439 3504 471 3558 et
494 3492 661 3557 Flaminia
691 3491 794 3578 pulsis
818 3491 969 3574 tyrannis
1000 3501 1033 3554 et
1055 3490 1212 3576 Venetis,
1245 3489 1393 3556 firmissi-

263 3617 353 3662 mum
390 3591 567 3679 imperium
603 3598 636 3654 et
670 3591 815 3653 maxime
850 3587 969 3654 stabile
1010 3586 1171 3670 restituit,
1210 3588 1394 3674 potiundae

262 3694 413 3762 Mutinae
437 3688 595 3754 ecclesiae
610 3688 707 3753 initia
727 3685 828 3767 dedit,
854 3685 1022 3766 Parmam,
1049 3683 1258 3751 Placentiam
1272 3683 1394 3752 ditioni

262 3789 507 3860 ecclesiasticae
538 3785 668 3874 adjecit.
717 3783 861 3848 Sacrum
892 3804 1010 3869 parum
1035 3781 1212 3868 indulgens
1236 3784 1285 3848 cis
1310 3785 1393 3850 nibil

263 3891 304 3960 do
338 3899 450 3954 vetere
483 3885 643 3950 ecclesiae
678 3882 795 3947 ditioni
829 3881 984 3962 donavit,
1019 3881 1131 3945 fratris
1162 3883 1252 3946 enim
1287 3882 1391 3948 filium

262 3990 480 4060 lt'ranciscum
513 3985 652 4050 Mariam
685 3983 719 4046 in
750 3981 874 4046 ducatu
906 3977 1026 4045 Urbini
1062 4002 1083 4045 a
1113 3980 1303 4066 propinquo
1334 4003 1392 4046 suo

262 4087 418 4156 (leudone
444 4082 567 4149 Feltria
592 4083 664 4146 sine
687 4079 778 4166 prole
803 4077 949 4142 mascula
977 4075 1159 4142 decedente
1183 4075 1338 4164 adoptari
1362 4093 1392 4144 et

263 4184 440 4258 lrrcarodem
467 4181 622 4246 constitui
644 4187 889 4265 procuraverat,
914 4177 1098 4256 Pisaurum,
1121 4175 1253 4242 losnne
1269 4175 1391 4242 Stortis
