2828 4842
265 457 411 514 Dissidium
429 476 490 514 cum
508 460 614 516 loanne
632 460 750 530 Angliae
768 475 841 530 rege.
1053 422 1110 513 itte

29 604 173 686 ,mettica
190 603 358 690 pudentis
377 605 442 668 ciri
457 603 640 690 Pandolplti
654 603 776 668 domitu
790 605 901 690 Papae
918 603 1111 668 'nsbdiacom'

31 699 256 782 arundineto)

90 815 134 881 ta.
169 816 310 880 Videtur
333 826 445 881 autem
468 816 617 882 Joannes
641 816 675 881 id
699 816 828 898 fecisse,
853 837 917 902 quo
942 816 1040 902 plane
1064 837 1110 880 se·

27 935 95 976 aoros
122 923 207 978 esset
237 914 279 978 ab
312 913 471 996 hostibus,
508 915 654 978 maxime
689 912 824 1000 quidem
848 914 890 978 ab
916 916 1110 980 imminente

25 1011 162 1076 invasione
193 1013 278 1096 regis
302 1011 441 1077 Galliae.
489 1010 554 1076 Sed
586 1013 685 1076 etiam
711 1010 857 1096 pericula
889 1033 954 1076 nou
979 1010 1111 1076 modica

23 1110 104 1188 regiae
124 1110 226 1194 ipsius
250 1111 440 1174 auctoritati
456 1109 499 1174 ab
514 1111 594 1195 ipsis
609 1109 753 1174 subditis
768 1110 910 1194 Angliae
926 1111 1110 1192 imminere,

21 1202 90 1268 boile
110 1205 321 1292 intelligebat.
365 1207 560 1292 Tyranuide
582 1209 672 1271 enim
703 1206 850 1272 violenta
873 1216 906 1272 et
936 1207 1111 1272 arbitraria

20 1301 137 1367 odiosum
161 1327 232 1369 sese
255 1305 448 1371 reddiderat
470 1305 633 1391 plurimis,
666 1327 705 1370 ao
738 1307 844 1389 magis
868 1307 1041 1393 magisque
1064 1307 1111 1370 in-

19 1399 137 1466 ulcerat
167 1403 339 1468 tendentia
368 1403 459 1489 apud
489 1403 630 1468 barones
660 1403 809 1489 aliosque
841 1425 1002 1489 proceres,
1035 1405 1112 1468 resi-

19 1499 99 1562 stendi
127 1501 290 1586 ejusmodi
326 1502 555 1568 dominationi.
604 1500 701 1567 Unde
724 1503 833 1566 vereri
856 1511 994 1587 poterat,
1026 1523 1068 1566 ne
1092 1525 1112 1566 a

18 1593 107 1660 throno
129 1597 337 1684 dejiceretur,
367 1599 420 1664 vel
445 1601 516 1686 ejus
539 1609 683 1686 potestas
707 1598 887 1664 admodum
912 1601 1112 1684 constringe·

18 1707 91 1756 retur.
134 1695 247 1776 Quum
274 1697 352 1761 vedo
377 1717 516 1781 regnum
541 1697 753 1784 Apostolicae
777 1695 856 1762 Sedi
880 1699 1022 1778 offerret,
1047 1697 1111 1762 sibi

17 1791 196 1876 providebat,
230 1818 273 1860 ne
291 1797 370 1881 jura
393 1797 484 1880 regia
508 1817 528 1860 a
552 1796 693 1860 subditis
716 1795 803 1861 laedi
834 1805 975 1882 possent,
1007 1817 1046 1860 ac
1070 1796 1112 1860 de

17 1894 192 1972 protectione
216 1893 315 1980 plane
338 1893 474 1980 speciali
499 1893 589 1959 illius
611 1893 717 1976 Sedis,
741 1896 768 1958 si
794 1894 967 1959 conflictus
991 1895 1112 1959 oriren-

15 2002 58 2052 tur.
78 1989 277 2056 reddebatur
300 1991 476 2077 securus.¹)
506 1989 681 2056 Caeterum
696 2013 849 2077 proceres
865 1991 1008 2076 Angliae
1031 2001 1112 2056 tuno

14 2099 174 2170 praesentes
199 2089 289 2154 baud
313 2090 488 2172 obstitisse,
512 2090 570 2154 sed
595 2092 705 2176 potius
728 2091 851 2154 favisse
876 2088 922 2154 illi
946 2090 1033 2173 regis
1057 2088 1111 2153 ob·

12 2187 111 2268 requio,
141 2209 207 2273 quo
232 2210 345 2252 sacrae
370 2188 449 2252 Sedi
472 2210 612 2273 regnum
646 2187 786 2272 Angliae
808 2187 971 2252 reddebat
1000 2187 1107 2252 feuda·

12 2283 117 2365 urium,
146 2286 264 2350 inferri
288 2295 396 2370 potest
419 2309 461 2350 ex
484 2285 549 2350 illis
573 2285 694 2367 verbis,
726 2287 880 2350 communi
902 2285 1034 2350 consilio
1059 2285 1111 2349 ba-

12 2403 98 2444 ronum
127 2395 318 2450 nostrorum.
365 2383 505 2470 Sperare
537 2383 694 2448 videlicet
721 2394 882 2470 poterant,
917 2393 955 2447 ut
977 2383 1040 2448 bac
1063 2405 1112 2448 ra·

12 2479 78 2542 tone
113 2484 189 2566 paci
221 2505 260 2546 ac
290 2481 386 2546 saluti
420 2484 513 2567 regni
538 2480 718 2546 efficaciter
753 2482 993 2569 provideretur.
1039 2480 1111 2545 Imo

13 2590 109 2659 postea,
133 2600 239 2665 quum
264 2579 388 2644 Rornae
412 2580 453 2644 de
478 2580 609 2646 Joanne
634 2589 887 2666 conquerentur,
912 2581 1012 2644 etiam
1038 2600 1112 2643 con·

13 2675 173 2758 tenderunt,
209 2679 319 2762 ipsum
341 2700 408 2742 non
433 2699 475 2742 ex
500 2678 686 2762 devotione,
719 2678 777 2743 sed
801 2688 951 2742 coactum
976 2700 996 2741 a
1019 2676 1112 2742 baro-

11 2771 85 2836 nibus
113 2797 256 2862 regnum
287 2799 383 2841 suum
407 2777 562 2841 Pontifici
596 2775 764 2843 obtulisse.
812 2775 924 2840 Refert
956 2774 1113 2840 videlicet

25 2935 200 2948 ¹¹·-—·——-

66 3023 82 3083 ι)
100 3023 258 3078 Matthaeus
285 3022 372 3078 Paris.
402 3023 475 3078 Hist.
500 3023 586 3092 Angl.
615 3039 639 3078 a.
665 3024 742 3078 1213,
784 3024 955 3088 „Matthaeus
982 3025 1112 3105 Parisios,

12 3099 101 3170 lrglua
119 3103 284 3158 Albsnensis
303 3103 447 3158 monachus
466 3103 491 3156 S.
511 3104 552 3170 B.‚
576 3119 673 3159 nomen
692 3119 770 3158 suum
789 3104 823 3158 ab
841 3104 975 3160 oblivione
994 3107 1113 3164 vindica-

12 3181 46 3237 rit
61 3183 196 3238 scribendo
216 3183 356 3239 historiam
374 3183 556 3253 Anglieanam
575 3183 608 3238 ab
628 3199 699 3239 anno
720 3183 788 3238 1066
814 3200 898 3251 usque
915 3186 949 3239 ad
968 3202 1012 3243 an.
1033 3187 1109 3254 1259,

11 3275 49 3324 tro
68 3264 156 3318 rivere
182 3263 268 3318 desiit
311 3265 351 3319 De
375 3263 425 3319 hoe
450 3265 578 3320 historico
597 3264 640 3318 ita
657 3269 749 3319 censet
772 3264 942 3320 doctissimus
961 3265 1114 3322 cardinalis

11 3337 118 3396 baronius
136 3344 172 3398 sd
192 3358 219 3398 a.
238 3343 305 3398 996:
333 3346 421 3415 &tom
440 3347 528 3412 suerit
556 3347 650 3399 artimo
670 3345 862 3410 litteratissimo
887 3363 952 3416 erpa
972 3349 1114 3416 Apostoli·

11 3439 54 3472 rra
71 3425 169 3491 Sedere,
197 3425 289 3492 quivis
308 3425 392 3492 facile
411 3427 518 3494 poterit
538 3427 701 3496 iutellipere,
726 3425 785 3478 triti
803 3427 905 3494 probra
930 3429 979 3482 illu
1005 3428 1113 3494 suerirtt

10 3503 178 3556 additamenta
200 3503 262 3570 ejna
280 3507 328 3573 qui
347 3507 444 3559 edidit.
471 3507 548 3576 Quae
561 3507 588 3559 si
602 3507 664 3574 quir
678 3506 779 3571 demat,
799 3523 914 3559 aureum
927 3524 996 3560 sorte
1009 3509 1113 3564 dixerit

11 3587 223 3650 emunctorium,
248 3591 345 3653 utpote
368 3587 442 3654 quod
468 3603 502 3640 ex
518 3587 641 3655 publicis
666 3587 861 3652 morsumeutis,
882 3589 995 3641 totidem
1023 3589 1113 3644 uerbis

12 3661 112 3728 redditis,
139 3666 249 3734 cyrepie
277 3671 436 3720 contextum
460 3673 487 3720 et
516 3671 739 3736 coagmentatum
774 3667 942 3721 irroratiatur.
980 3667 1114 3735 Quosdam

12 3737 227 3798 loeooiueditione
246 3744 326 3814 hujus
345 3745 475 3810 historici,
495 3745 666 3800 ahiatthaeo
679 3745 871 3800 Cantuariensi
884 3753 1036 3814 procurata,
1055 3747 1114 3816 pln-

13 3821 86 3878 tinun
103 3831 242 3893 suspectos
261 3841 327 3892 esse,
345 3825 463 3880 Brisnus
475 3826 597 3881 Turinus
617 3825 763 3894 profitetur
781 3825 877 3881 libros
895 3828 928 3881 de
946 3828 1114 3895 antiquitate

13 3903 138 3960 mentire
156 3905 347 3964 oxoniensis.“
385 3906 476 3964 Natsl.
496 3907 573 3963 Alex.
592 3906 669 3962 Sacc.
689 3905 767 3966 xm.
788 3905 818 3960 Ο.
837 3905 885 3960 IV.
908 3909 969 3961 Art
988 3909 1012 3961 3.
1037 3924 1063 3962 n.
1086 3911 1113 3964 4.

65 4003 82 4062 ’l
101 4003 155 4060 Cir.
175 4003 210 4058 de
229 4003 339 4058 motivis
357 4004 450 4070 variis,
470 4005 566 4071 quibos
585 4003 717 4058 adductus
735 4009 779 4056 est
791 4001 911 4057 Joannes
929 4003 964 4057 ad
982 4003 1050 4058 illnd
1068 4004 1113 4059 ob-

14 4081 109 4146 *turm
117 4082 319 4152 praestandum,
338 4083 559 4139 dissertationem
579 4084 610 4138 cl.
621 4084 653 4137 D.
668 4082 712 4136 W.
726 4080 916 4137 Ladenbauer:
940 4084 999 4138 Wie
1018 4087 1114 4139 warde

13 4157 100 4214 loiron
126 4181 177 4218 rora
203 4163 340 4233 Ertplond
372 4164 468 4218 Vasall
495 4165 542 4219 dea
572 4163 726 4218 ruma'actea
752 4162 872 4216 Stulrles.
909 4162 1015 4218 lnnsbr.
1040 4165 1113 4219 zeit-

13 4239 86 4294 trhriit
104 4245 177 4299 1882.
198 4245 229 4300 B.
245 4243 292 4298 Vl.
311 4245 338 4298 S.
358 4245 408 4300 201
429 4244 457 4300 ff.
476 4246 529 4300 393
547 4244 577 4301 ff.

1120 807 1207 848 Motlva
1216 807 1278 848 obla·

1160 872 1239 913 tionis.
