2828 4842
358 477 399 532 De
417 475 522 532 haeresi
539 475 737 544 albigensium.
1058 475 1111 530 329

31 617 171 684 oberatos
195 620 348 685 Pontifex
379 621 469 684 misit
491 618 650 684 Milonem
674 620 840 684 notarium
871 619 1110 705 Apostolicum,

30 718 65 778 rui
84 716 223 801 adjunxit
252 717 449 782 Thedisium
480 719 678 782 canonicum
703 716 914 782 (leonensem
948 728 985 781 ut
1007 719 1111 782 consi·

28 811 143 894 lirrium3
166 818 296 901 insuper
311 813 427 896 voluit,
443 823 479 878 ut
494 815 701 880 concorditer
715 823 852 900 agerent
867 836 942 880 cum
963 814 1111 879 Arnaldo

26 913 206 998 aepiscopis
228 913 384 996 Regiensi
408 911 516 999 (Rieu)
541 921 574 976 et
597 913 851 994 Consoranensi,
882 934 964 999 quos
987 911 1112 997 legatos

25 1005 96 1070 Sedis
112 1010 313 1096 Apostolicae
338 1011 562 1075 constituerat.
609 1010 830 1094 Raymundus
854 1032 964 1074 coram
988 1010 1112 1076 Milone

19 1105 201 1190 jurejurando
224 1108 412 1195 spopondit,
438 1130 472 1172 se
490 1107 701 1192 Apostolicae
726 1107 822 1172 Sedis
846 1107 1013 1172 mandatis
1037 1107 1111 1172 obe-

24 1201 148 1286 ditumm,
179 1207 265 1272 bona
289 1206 438 1270 ecclesiis
462 1216 495 1269 et
525 1205 653 1270 clericis
683 1205 795 1292 ,ablata
826 1205 1044 1288 redditurum,
1081 1216 1114 1270 et

20 1324 63 1364 sua
82 1326 166 1368 arma
187 1315 302 1369 contra
325 1303 509 1368 haereticos
539 1325 778 1368 conversurum
802 1325 890 1388 esse;
922 1327 962 1368 ac
986 1314 1113 1390 septem

21 1401 127 1465 castella
150 1405 276 1467 munita
300 1401 417 1486 legatis
440 1400 580 1466 tradidit
610 1403 644 1464 in
669 1401 901 1467 vadimonium
926 1425 1005 1467 suae
1035 1402 1113 1466 fide·

19 1495 104 1562 litatis.
148 1500 379 1565 duramentum
404 1499 511 1564 simile
535 1502 635 1564 etiam
659 1499 776 1565 vasalli
807 1501 998 1586 Raymundi
1022 1524 1114 1587 prae·

17 1597 153 1664 stiterunt.
213 1598 287 1679 Quo
319 1598 407 1662 facto
440 1597 661 1682 Raymundus
692 1597 736 1662 ab
768 1601 1113 1664 excommunicatione

16 1693 159 1760 absolutus
182 1707 238 1776 est,
263 1719 304 1760 ac
328 1697 424 1782 petiit
446 1721 466 1760 a
489 1696 608 1781 legato,
633 1706 671 1760 ut
694 1718 751 1782 pro
768 1694 854 1761 bello
870 1719 962 1761 sacro
988 1707 1020 1760 et
1043 1699 1114 1784 ipse

16 1813 91 1854 cruce
116 1796 309 1879 signaretur.
356 1794 571 1858 Innocentius
595 1793 647 1858 III
678 1794 852 1858 confestim
881 1794 1006 1860 litteras
1040 1818 1114 1860 oon-

14 1891 220 1970 gratulatorias
250 1894 342 1956 misit
369 1892 413 1957 ad
436 1892 674 1977 Raymundum
698 1891 918 1974 'l‘olosauum3
950 1895 978 1958 is
1002 1903 1114 1960 tamen

14 1999 105 2070 postea
122 1991 243 2076 juratis
266 1991 437 2076 promissis
460 1989 650 2054 nullatenus
674 1993 773 2071 stetit,
798 1991 857 2055 sed
881 1991 1055 2055 haereticis
1079 2015 1113 2056 se

13 2087 144 2166 praebuit
167 2088 339 2154 fautorem.
641 2161 649 2170 Ι

84 2185 130 2250 18.
143 2184 308 2250 Convenit
318 2185 382 2249 hoc
396 2183 466 2248 loco
485 2185 604 2248 referre
620 2195 652 2248 et
668 2185 855 2270 expendere
871 2189 1108 2270 accusationes,
1120 2197 1284 2270 recursum.

10 2281 109 2362 quibus
133 2293 376 2369 prosequuntur
400 2282 509 2367 plures
532 2293 683 2347 auctores
703 2284 934 2347 Innocentium
952 2284 1003 2348 Ill
1026 2285 1108 2369 ejus·
1137 2261 1271 2363 ruffin·

10 2399 58 2461 qus
79 2379 210 2466 legatos,
243 2381 352 2467 quoad
384 2381 519 2444 modum
544 2379 664 2463 agendi
699 2381 732 2444 in
757 2380 993 2464 Raymundum
1018 2382 1110 2447 Tolo-

10 2497 116 2543 sanum.
165 2479 379 2544 Conteuduut
403 2477 573 2559 videlicet,
604 2479 838 2542 Innocentium
872 2480 1046 2544 mandasse
1070 2481 1111 2545 le·

10 2577 83 2652 uris,
119 2589 155 2640 ut
187 2589 257 2641 arte
281 2575 394 2640 dolosa
424 2597 500 2640 eum
525 2577 807 2641 circumvenirent
830 2587 862 2642 et
885 2580 1015 2642 ruinam
1041 2580 1112 2664 ejus

10 2687 151 2756 pararent,
176 2697 217 2738 nc
240 2674 365 2759 legatos
388 2683 458 2738 arte
483 2672 603 2738 callida
627 2673 661 2737 id
685 2676 898 2759 praestitisse.
934 2675 1012 2740 Jam
1037 2679 1112 2741 cite·

9 2789 64 2834 mus
78 2772 278 2838 documenta
293 2771 675 2857 exquibushoceruunt.
700 2771 825 2837 Scribit
837 2773 1050 2838 Innocentius
1062 2774 1114 2839 III

8 2865 103 2951 legatis
125 2873 204 2953 suis,
230 2870 365 2953 Hugoni
390 2869 556 2952 Regiensi,
587 2870 758 2933 Navarrae
783 2867 1023 2936 Consoranensi
1049 2875 1115 2958 epi·

8 2969 103 3052 scopis,
128 2979 162 3034 et
184 2967 299 3033 abbati
329 2966 540 3032 Cisteroiensi
565 2966 732 3031 Arnaldo:
769 2968 855 3032 Licet
877 2969 969 3033 nobis
985 2971 1115 3058 jamdu-

8 3063 63 3126 dum
96 3067 205 3132 Comes
242 3066 418 3131 Tolosaaus
447 3089 509 3152 per
540 3089 612 3130 seros
641 3063 772 3130 nuntios
801 3067 1044 3152 supplicaverit,
1080 3078 1116 3132 ret

8 3181 82 3247 tepor
102 3167 256 3230 comitatu
281 3165 495 3250 Melporierrsi,
520 3165 574 3249 qai
588 3164 627 3227 B.
646 3164 734 3226 Petri
748 3166 838 3252 juris
861 3176 891 3228 et
900 3168 1116 3252 proprietatis

8 3263 104 3343 carru,
118 3263 314 3347 fidelitatem
339 3263 378 3326 ab
394 3285 428 3326 eo
444 3264 584 3347 recipere
599 3262 813 3345 dipoaremar,
837 3285 876 3325 rre
894 3271 997 3326 tamen
1012 3265 1116 3348 ipsum

8 3355 153 3424 termedo
179 3361 363 3444 confirmare
378 3361 556 3424 videremur
578 3360 689 3437 eidem,
703 3382 817 3447 preces
836 3383 911 3424 suas
934 3383 997 3424 rroa
1021 3361 1114 3424 darci-

8 3479 57 3520 uur
77 3459 303 3539 admittendas,
328 3459 566 3523 considerantes
588 3459 644 3522 lroc
667 3459 781 3544 ipsam,
810 3458 894 3544 qaod
918 3469 961 3536 ta,
982 3456 1039 3540 fili
1062 3458 1115 3522 ab·

8 3551 56 3628 las,
73 3583 133 3643 per
149 3568 227 3622 teras
241 3557 331 3620 nobis
348 3557 474 3620 litteras
488 3557 678 3642 soppessr'sti,
703 3566 738 3619 at
753 3555 898 3618 uidelicet
914 3557 944 3620 si
957 3556 1116 3641 fortassis

8 3655 29 3712 iu
49 3658 170 3743 incepta
194 3653 321 3718 malitia
339 3655 550 3741 perduraret,
583 3656 654 3740 ipso
678 3653 800 3716 demum
833 3677 866 3716 eo
893 3658 995 3742 jacta
1025 3655 1114 3716 meri-

8 3762 53 3814 tura
73 3753 226 3841 spoliato,
250 3765 456 3820 statuererms
479 3752 518 3816 de
540 3754 612 3837 ipso
636 3749 720 3836 quod
732 3749 892 3815 Ecclesiae
916 3752 1039 3836 raspatio
1065 3774 1115 3815 ecc·

8 3851 116 3930 peditat.
168 3851 256 3926 Quia
279 3875 350 3916 vero
374 3876 396 3915 a
418 3851 508 3914 nobis
533 3859 578 3913 cst
601 3849 736 3912 sollicite
760 3850 953 3934 requisitum,
978 3847 1116 3933 qualiter

8 3951 219 4028 procedendum
255 3951 299 4012 sit
331 3952 416 4013 circa
451 3948 632 4012 comitatum
663 3946 802 4010 eumdem
835 3946 931 4031 fideli
963 3946 1117 4010 accercitui

8 4049 196 4130 reptatur-nrm,
232 4047 267 4111 id
298 4048 383 4112 vobis
409 4045 612 4134 providimus
642 4043 854 4123 suadendum,
887 4053 1040 4130 quatenus
1072 4043 1116 4106 aol

8 4143 132 4228 spurca·
154 4147 308 4210 dicentis:
331 4143 434 4223 „Cam
448 4166 545 4208 essem
561 4152 685 4206 astatus
701 4140 773 4206 dolo
789 4166 843 4207 vos
859 4143 950 4229 cepi“
975 4141 993 4224 (
991 4141 1029 4204 ΙΙ
1044 4139 1114 4206 Cor.

8 4245 46 4318 12,
68 4247 132 4326 16),
158 4244 377 4330 mapisteriom
399 4251 603 4321 recurrentes,
636 4265 704 4304 cum
727 4241 803 4306 talis
827 4240 919 4306 dolus
936 4238 1116 4325 prudentio
