2828 4842
264 449 410 504 Dissidium
428 465 488 504 cum
506 450 612 505 Joanne
631 465 696 520 rege
714 449 841 519 Angliae.
1064 453 1118 507 283

36 613 158 658 nnasse.
200 593 359 674 Quamvis
384 596 472 658 enim
498 593 697 658 documenta
721 593 816 679 plura
839 594 1011 659 Pontificis
1034 595 1117 659 forte

33 691 116 768 desint,
140 701 230 776 patet
250 701 371 773 umen,
396 690 605 756 definitivam
629 713 668 756 ac
692 691 872 756 solemnem
898 691 1114 778 depositionis

30 790 194 852 senentiam
219 791 252 852 in
268 789 431 853 loannem
457 789 606 854 nondum
622 788 724 853 latam
740 789 852 870 fuisse,
876 788 935 853 sed
951 791 1118 874 pertinent

28 907 52 946 ea
75 908 149 970 qnae
180 887 268 950 facta
291 897 368 950 sunt
391 886 435 950 ad
459 888 746 973 praeparationem
771 885 987 972 depositionis
1011 889 1116 973 ipsius

25 998 46 1044 et
63 983 271 1068 expeditionis
295 994 409 1048 contra
432 1007 558 1068 regem,
589 986 616 1049 si
642 983 776 1048 demum
805 984 847 1048 ab
872 983 1023 1049 Ecclesia
1046 1006 1116 1070 per-

25 1081 161 1164 sequenda
192 1103 258 1146 non
292 1081 472 1149 desisteret.
519 1082 589 1146 Nec
613 1103 698 1168 quae
722 1081 922 1167 Pandulpho
951 1085 1117 1147 commisit

23 1177 157 1260 Pontifex,
189 1181 407 1244 secretissime
430 1179 496 1262 illo,
529 1181 717 1244 sciscitante
741 1189 775 1244 et
797 1181 917 1244 nesciis
941 1182 1115 1266 episcopis,

22 1275 86 1338 iacta
106 1288 190 1342 sunt.
237 1277 370 1342 Etenim
395 1277 561 1362 colligitur
584 1301 626 1342 ex
650 1278 762 1343 verbis
784 1279 947 1364 rescripti,
976 1279 1115 1342 formam

21 1376 88 1454 pavis
109 1377 194 1440 inter
216 1375 413 1440 Pontificem
437 1386 470 1439 et
493 1379 628 1440 nuntios
650 1377 736 1460 regis
769 1376 978 1441 conciliatam
1002 1377 1114 1458 fuisse,

20 1487 137 1552 apertam
162 1473 264 1538 fuisse
288 1473 478 1560 Pandulphi
501 1473 699 1558 legationem
723 1473 766 1538 ad
789 1474 966 1558 Joannem,
991 1485 1024 1538 et
1046 1487 1115 1538 tan·

20 1571 171 1654 tunmodo,
213 1575 239 1637 si
275 1595 387 1637 mense
421 1572 532 1659 elapso
564 1573 696 1638 infectis
726 1572 826 1637 rebus
859 1595 901 1636 ex
926 1571 1048 1659 Anglia
1071 1573 1115 1637 ad

19 1668 197 1752 Stephanum
221 1670 510 1757 archiepiscopum
528 1669 802 1735 Cantuariensem
826 1680 859 1734 et
882 1669 1025 1757 reliquos
1049 1672 1115 1756 epi-

18 1785 107 1850 ¹scopos
132 1767 296 1850 rediisset,
328 1767 431 1850 hisce,
464 1766 601 1832 ulterius
624 1778 661 1832 ut
683 1767 910 1855 procederent,
941 1767 1044 1832 fuisse
1068 1769 1114 1832 in-

12 1861 149 1942 junctum.
177 1903 216 1914 -
242 1865 314 1930 Imo
338 1889 380 1930 ex
406 1866 745 1952 epistolalnnocentii
762 1866 824 1945 III,
849 1887 950 1952 quam
975 1887 1012 1930 eo
1035 1874 1114 1930 tem-

16 1979 73 2042 pore
95 1963 160 2036 idie
186 1964 224 2028 1⁰
247 1963 373 2046 Martii)
404 1965 496 2029 dedit
520 1964 561 2028 ad
586 1963 752 2029 Joannem
775 1986 897 2048 regem,
926 1973 1026 2050 patet,
1059 1964 1114 2030 Jo-

16 2081 110 2124 sunem
140 2083 202 2146 per
225 2064 358 2127 nuntios
381 2083 457 2127 suos
480 2062 522 2126 de
545 2062 815 2127 reconciliatione
839 2062 964 2126 Romae
997 2064 1112 2147 egisse,

15 2156 55 2220 sel
69 2159 160 2224 modo
177 2162 258 2226 satis
281 2160 449 2244 ambiguo,
475 2169 508 2224 et
521 2159 661 2224 formam
678 2161 770 2245 pacis
790 2161 862 2246 jam
877 2169 976 2224 antea
988 2159 1010 2225 J
1013 2162 1114 2225 oanni

15 2253 92 2318 luisse
114 2259 327 2344 propositam,
352 2258 410 2322 sed
435 2259 566 2325 frustra.
597 2257 697 2322 Modo
715 2260 817 2342 igitur
831 2258 1046 2322 Innocentius
1060 2257 1114 2324 III

14 2356 122 2434 gravius
145 2355 332 2438 insistebat,
363 2365 396 2420 et
423 2355 527 2421 veluti
551 2356 704 2421 ultimum
728 2357 976 2442 resipiscentiae
995 2359 1113 2421 termi-

14 2469 72 2514 uun
93 2454 225 2518 initium
251 2456 373 2518 mensis
395 2454 489 2519 Junii
513 2457 583 2539 regi
608 2454 856 2539 praestituebat.

82 2551 130 2616 ii).
175 2552 336 2637 Episcopi
364 2553 398 2616 in
424 2551 567 2617 Galliam
598 2556 722 2617 reversi
750 2564 836 2634 sunt,
876 2575 980 2639 eoque
1011 2554 1111 2618 etiam
1135 2586 1265 2636 rensuum

14 2648 129 2728 primum
154 2650 324 2735 profectus
348 2662 397 2714 est
419 2649 637 2735 Pandulphus
661 2649 833 2714 Pontificis
856 2649 992 2736 legatus.
1036 2651 1110 2716 Phi·
1145 2649 1242 2751 Α”Ἥ

14 2739 80 2828 lippo
108 2745 239 2812 Galliae
275 2750 345 2832 regi
385 2747 522 2812 consilia
554 2749 741 2812 Innocentii
775 2749 826 2812 Ill
862 2750 1111 2833 ,communicata
1167 2722 1198 2761 ιε
1230 2723 1260 2752 m.

13 2855 81 2910 sunt:
104 2847 168 2908 imo
189 2847 262 2931 jam
286 2856 383 2910 autea
407 2846 448 2911 de
472 2848 534 2911 isto
558 2847 690 2930 negotio
715 2857 827 2910 actum
843 2846 943 2910 fuisse
959 2847 1110 2928 videtur3
1221 2843 1224 2854 ¹

13 2943 108 3006 etenim
131 2956 204 3007 tum
217 2943 392 3031 Philippus
406 2956 477 3007 tum
494 2945 641 3010 Joannes
657 2967 751 3029 reges
767 2966 887 3027 magno
906 2966 980 3008 eum
997 2947 1112 3028 vigore

13 3051 184 3118 paraverant
233 3041 365 3108 bellum.
431 3042 624 3127 Philippum
664 3043 763 3106 etiam
811 3041 921 3128 plures
958 3064 1111 3128 proceres

13 3135 127 3212 haeliae
138 3149 256 3203 eontra
267 3141 480 3224 tyrannidem
491 3141 512 3206 J
515 3141 634 3205 oannis
648 3151 878 3205 evocaverant.
897 3141 1111 3226 Die8⁰Apri·

11 3229 47 3298 lis.
67 3258 144 3320 quae
169 3248 242 3300 erat
266 3239 347 3303 feria
371 3239 518 3304 secunda
541 3238 772 3307 hebdomadae
797 3239 940 3322 majoris,
965 3239 1110 3304 Suessio-

13 3329 87 3396 uihus
110 3357 269 3419 magnum
294 3347 495 3401 conventum
519 3335 649 3401 Galliae
676 3358 736 3400 rex
759 3334 950 3418 celebravit,
985 3335 1135 3401 omnes'

12 3447 58 3510 que
78 3433 217 3497 suellos
240 3445 273 3497 et
296 3456 447 3519 proceres
479 3435 523 3499 ad
547 3433 670 3499 bellum
695 3443 810 3498 eontra
833 3457 943 3518 regem
967 3433 1110 3520 Angliae

12 3529 166 3606 gerendum
201 3535 370 3614 evocavit,
405 3543 437 3596 et
469 3543 616 3619 tempore
640 3532 813 3596 Paschatis
837 3533 953 3617 copiae
977 3553 1110 3616 congre·

12 3633 84 3698 eatae
105 3638 192 3694 sunt.
239 3629 292 3694 Ex
315 3630 455 3695 adverso
480 3632 580 3695 etiam
605 3630 753 3696 loannes
776 3651 994 3716 permagnum
1019 3651 1109 3694 exer-

14 3723 90 3788 citum
112 3727 255 3814 collegit.
302 3729 348 3792 At
372 3751 448 3794 vero
473 3728 539 3794 illis
572 3728 690 3794 diebus
713 3726 942 3813 Pandulphus,
974 3749 1109 3792 consen·

14 3819 89 3886 tiente
103 3825 245 3908 Joanne,
267 3828 302 3890 in
317 3825 474 3910 Angliam
492 3827 692 3913 properavit,
718 3836 755 3890 ut
770 3848 881 3911 regem
897 3827 1108 3907 conveniret3

15 3939 217 4010 annumque
241 3923 420 3988 discrimen
444 3925 588 4010 principi
612 3934 705 3988 tanta
728 3947 804 3988 cum
829 3926 875 4008 vi,
906 3925 981 3990 aliis
1005 3927 1109 3990 consi·

15 4011 91 4082 hariis
115 4021 324 4106 juvantibus,
356 4023 519 4108 exposuit,
553 4034 590 4087 ut
612 4045 672 4088 rex
696 4023 883 4088 flecteretur
912 4023 956 4088 ad
979 4045 1107 4110 pacem.

15 4109 69 4178 lan
95 4121 179 4184 enim
211 4119 436 4206 perspiciebat
464 4143 509 4202 se,
548 4142 623 4184 cum
654 4119 865 4185 anathemate
892 4120 1064 4207 perculsus
1087 4144 1108 4185 a

16 4213 107 4296 populo
129 4217 205 4282 odio
229 4216 418 4301 haberetur,
452 4239 641 4304 magnaque
665 4240 742 4305 pars
766 4218 955 4305 praesulum
980 4229 1012 4284 et
1036 4241 1107 4305 pro-
