2832 4844
309 457 349 510 De
368 455 522 511 conditione
541 471 628 510 remm
651 456 679 510 iu
698 456 791 511 Italia.
1060 457 1113 510 46³

33 601 180 664 fridericus
217 601 288 685 ipse
319 611 399 663 tunc
423 599 557 666 Siciliae
589 621 729 682 regnum
753 600 818 663 sibi
846 599 1041 679 vindicavit,
1081 610 1114 663 et

31 697 180 783 perplures
201 719 306 762 annos
329 699 431 760 armis
455 697 614 779 defendit,
649 697 754 762 donec
785 719 873 762 anno
899 699 985 762 1302
1016 697 1113 762 Boni·

30 797 104 859 iscius
124 797 200 860 VIII
225 817 342 880 pacem
368 817 444 858 cum
468 816 506 858 eo
531 797 615 860 iniit.
662 796 775 860 Ducta
798 797 833 859 in
858 816 994 858 uxorem
1020 794 1113 860 Eleo·

30 917 83 956 rora
103 893 202 958 Caroli
228 895 259 958 II
294 896 380 978 regis
404 893 615 979 Neapolitani
648 894 731 975 filia,
771 916 847 958 cum
879 895 950 980 ipso
982 915 1112 980 quoque

29 992 168 1055 concordia
190 993 342 1056 restituta
366 1001 423 1070 est,
457 1013 662 1078 regnumque
686 992 820 1057 Siciliae
845 1013 948 1077 usque
972 992 1016 1056 ad
1031 1014 1113 1056 mor·

28 1105 71 1152 ten
89 1112 172 1154 suam
196 1091 240 1176 (a.
268 1088 368 1174 1337)
393 1090 421 1154 F
423 1089 585 1154 ridericus
609 1093 726 1155 tenuit.

88 1189 134 1252 92.
179 1188 331 1269 Quantas
355 1186 567 1252 difficultates
590 1187 645 1251 isti
670 1190 704 1252 in
727 1187 825 1252 Italia
849 1184 1057 1251 meridionali
1082 1197 1115 1250 et
1131 1189 1241 1290 ‘stiffi
1256 1193 1276 1226 ⁰¹

26 1307 46 1346 n
76 1284 178 1350 Sicilia
213 1295 353 1349 eventus
384 1285 542 1348 Romanis
575 1283 793 1350 Pontificibus
831 1285 1033 1367 creaverint,
1072 1306 1115 1347 ex
1178 1271 1182 1286 ¹
1242 1281 1246 1289 '

25 1381 96 1445 dictis
116 1385 190 1448 satis
214 1383 331 1448 elucet.
379 1383 444 1447 Sed
469 1385 568 1446 etiam
599 1385 632 1447 in
657 1383 792 1470 reliquis
815 1382 931 1447 Italiae
964 1381 1114 1467 partibus

24 1481 189 1566 multiplices
201 1481 319 1545 turbae
333 1480 555 1566 perdurarunt
568 1480 610 1544 ob
623 1480 846 1546 dissensiones
857 1478 1112 1570 Gibellinorum,

23 1579 61 1660 pui
80 1578 279 1664 principibus
303 1601 345 1642 ex
360 1577 546 1643 Suevornm
571 1581 665 1664 stirpi
689 1579 814 1644 addicti
839 1588 943 1660 erant,
968 1590 1001 1642 et
1016 1576 1114 1642 Guel-

22 1673 110 1758 forum,
132 1679 188 1762 qui
206 1677 464 1761 municipiorum
482 1676 776 1762 independentiam
792 1675 1057 1762 propugnabant,
1082 1687 1114 1740 et

22 1773 241 1860 repletumque
266 1774 436 1838 Ecclesiae
460 1796 499 1837 ac
524 1773 744 1838 Poutilioibus
769 1777 875 1858 magis
899 1775 1114 1838 ostenderunt

21 1869 136 1936 devotos.
184 1871 431 1938 Gibellinorum
456 1881 489 1934 et
511 1869 709 1936 Guelforum
733 1873 899 1957 principia
923 1882 956 1935 et
978 1872 1113 1937 tenden-

21 1969 66 2030 tiae
85 1993 118 2032 ea
140 1979 249 2034 aetate
274 1972 319 2033 ita
343 1992 377 2034 se
402 1968 607 2050 evolverunt,
641 1981 677 2033 ut
700 1967 853 2032 Gibillini
880 1971 913 2033 in
938 1971 1115 2054 spirituali·

21 2063 62 2128 bos
81 2069 210 2153 quidem
227 2091 287 2131 sua
296 2069 375 2153 jura
391 2088 432 2131 ac
448 2069 684 2153 suprematiam
702 2068 855 2132 Pontifici
873 2068 1113 2150 adscriberent3

20 2175 153 2229 aeorum
192 2187 271 2229 vero
307 2163 416 2251 quoad
454 2165 650 2250 temporalia
686 2165 912 2228 monarchiam
946 2168 1115 2231 universa·

22 2257 62 2323 len
90 2275 291 2348 expeterent,
324 2263 419 2347 cujus
449 2285 577 2326 summo
607 2265 719 2347 capiti,
751 2261 879 2326 scilicet
908 2265 1114 2348 Imperatori,

21 2361 91 2424 stiam
113 2362 270 2426 Pontifex
300 2362 348 2424 uti
373 2361 528 2447 princeps
552 2360 660 2425 civilis
691 2360 861 2445 subjectus
890 2363 982 2427 foret.
1028 2362 1116 2426 Peri-

19 2457 102 2522 rulum
125 2463 229 2544 igitur
252 2462 286 2523 in
311 2481 348 2523 eo
374 2467 453 2536 erat,
485 2458 574 2544 quod
599 2457 827 2522 monarchiam
852 2458 1021 2544 politicam
1046 2463 1116 2524 uni-

19 2557 150 2623 versalem
190 2559 235 2622 ab
259 2556 410 2621 Ecclesia
442 2559 575 2641 penitus
605 2556 885 2642 independentem
924 2566 1115 2640 statuerent,

19 2655 89 2718 rinul
111 2678 191 2721 vero
215 2655 314 2720 facile
338 2653 437 2718 talem
462 2655 627 2718 influxum
661 2656 696 2718 in
720 2652 921 2736 Ecclesiam,
954 2665 1117 2739 quatenus

17 2751 67 2834 rjus
88 2764 252 2839 protector
275 2761 370 2834 esset,
402 2753 597 2836 Imperatori
623 2752 853 2834 concederent,
888 2764 925 2815 ut
946 2752 1117 2817 Ecclesiae

11 2843 123 2914 libertas
146 2863 180 2916 et
205 2849 466 2936 independentia
490 2851 523 2913 in
549 2849 727 2913 discrimen
752 2859 960 2916 vocarentur.
1008 2849 1117 2915 Guelfi

11 2961 101 3012 artem
116 2949 426 3014 subordinationem
450 2945 655 3032 reipublicae
671 2946 781 3010 civilis
801 2947 862 3012 sub
878 2947 1030 3012 Ecclesia
1053 2970 1118 3012 me·

14 3045 60 3106 rito
80 3048 121 3110 ita
145 3047 394 3132 concipiebant,
420 3054 455 3108 ut
478 3065 607 3108 summo
624 3044 779 3109 Pontifici
803 3048 904 3110 etiam
929 3067 1118 3130 supremam

11 3145 168 3226 quamdam
204 3146 436 3210 auctoritatem
468 3145 501 3207 in
526 3142 764 3228 temporalibus
795 3143 1040 3229 adjudicarent,
1072 3147 1119 3209 ita

12 3243 124 3324 quidem
148 3255 186 3308 nt
211 3242 367 3308 Pontifex
390 3240 477 3305 hanc
501 3242 535 3304 in
560 3240 797 3326 Imperatorem
822 3241 1024 3323 immediate,
1054 3263 1119 3306 me·

12 3337 182 3408 dictavero
209 3345 243 3406 in
269 3343 460 3406 universam
484 3337 724 3424 rempublicam
749 3339 883 3402 civilem
908 3340 1119 3428 exerceret.¹)

17 3438 92 3514 uuae
114 3441 253 3527 quidem
273 3439 436 3504 sententia
453 3438 710 3522 comprincipia
727 3437 768 3501 de
783 3447 942 3522 potestate
958 3436 1122 3504 indirecta

13 3533 161 3603 ‚Pontificio
173 3541 211 3604 in
228 3534 423 3623 temporalia
439 3536 628 3620 principum
646 3536 752 3619 magis
765 3534 960 3616 cohaeret.²)
988 3536 1041 3598 De
1055 3535 1119 3599 Im-

16 3637 84 3714 perio
106 3635 273 3700 servando
297 3645 408 3698 tamen
433 3630 542 3697 Guelli
573 3633 695 3717 passim
721 3633 830 3696 minus
859 3631 990 3696 solliciti
1015 3641 1118 3699 erant.

27 3815 43 3820 --
72 3819 170 3826 —-—.-.
197 3821 204 3825 -

70 3920 77 3950 ¹
104 3917 320 3989 Hergenrtther‚
338 3915 373 3971 K
392 3914 425 3970 G.
444 3915 465 3968 1.
489 3915 515 3971 S.
533 3915 595 3969 840.

70 4003 88 4057 ἢ
106 4001 239 4054 citantur
263 4001 317 4066 (ap,
336 3997 434 4060 Krane,
459 3995 494 4048 Κ.
514 3995 547 4049 G.
576 3993 616 4049 ed.
644 3994 669 4049 1.
697 4010 723 4061 p.
743 3993 808 4064 319)
835 3992 921 4047 veluti
950 3999 1121 4063 exaggerata

16 4081 127 4144 rxpressio
154 4077 334 4136 auctoritatis
360 4074 514 4144 pontificiae
539 4075 568 4128 in
591 4073 797 4142 Imperatorem,
829 4072 878 4126 illa
901 4074 1056 4128 iunocentii
1080 4075 1120 4128 lv

15 4159 85 4216 terta.
102 4161 245 4216 occasione
253 4156 431 4225 depositionis
442 4153 611 4210 Iridericill
630 4153 745 4220 scripta:
767 4151 909 4218 „Christus
921 4153 950 4206 in
964 4153 1121 4222 Apostolica

16 4233 67 4290 tate
87 4255 134 4294 noo
159 4241 250 4294 solnm
278 4235 459 4306 pontificalem
484 4235 531 4290 sed
555 4240 584 4288 et
608 4235 730 4303 regalem
755 4233 900 4287 constituit
930 4234 1119 4300 monarchiam,
