2858 4834
367 485 406 538 De
425 501 445 537 s.
464 485 581 548 'l'homee
601 486 738 552 martyrio.
1061 488 1115 541 205

34 623 102 688 llura
123 626 250 712 quidem
284 627 375 692 hisce
413 630 632 710 continentur,
672 640 831 714 quantum
872 629 914 693 ad
948 632 1113 714 principia

32 723 174 806 veneralia,
211 748 287 789 vere
324 737 356 790 et
379 728 542 790 concinne
580 727 678 792 dicta.
735 727 892 792 Attamen
930 749 1113 808 censemus,

31 853 46 884 s.
63 821 221 886 Thomam‘
238 827 299 887 ista
326 827 359 888 in
383 847 417 888 re
441 825 531 889 haud
557 825 785 911 imprudenter
813 827 928 909 egisse.
977 827 1112 913 Experi-

29 921 90 980 entia
110 922 194 984 enim
212 921 282 1005 jam
316 925 386 1006 ipse
410 934 558 1002 noverat,
589 935 621 986 et
645 923 836 987 ultimorum
861 924 989 987 dierum
1015 947 1111 988 eveu-

28 1033 62 1078 m
90 1018 118 1080 id
152 1019 405 1100 confirmabant,
443 1024 513 1106 regi
544 1021 681 1086 subdolo
713 1044 751 1084 ac
782 1023 946 1107 episcopis
981 1024 1113 1106 ignavis

26 1115 95 1198 eique
121 1117 253 1182 infensis
284 1140 320 1182 se
350 1120 500 1182 resistere
532 1141 597 1183 non
621 1141 726 1205 posse,
761 1142 822 1183 neo
841 1119 919 1205 jura
944 1119 1112 1184 Ecclesiae

26 1215 83 1276 tueri
103 1237 241 1301 suaeque
264 1216 441 1300 providere
465 1218 696 1298 conscientiae,
722 1219 786 1281 nisi
803 1238 858 1281 eos
874 1219 1113 1302 constringeret

24 1311 110 1374 tinore
132 1335 343 1378 censurarum
367 1314 578 1399 Apostolieae
600 1314 704 1379 Sedis.
754 1315 917 1395 Quamvis
941 1337 1019 1378 vero
1045 1337 1109 1378 nou

22 1411 224 1490 existimemus,
250 1412 338 1498 quod
355 1411 482 1476 Natalis
500 1412 699 1486 Alexander,
725 1413 804 1477 dum
822 1413 972 1477 defendit
988 1435 1012 1477 s.
1026 1411 1110 1476 Tho-

23 1525 94 1588 nan,
127 1510 304 1588 contendit,
344 1531 456 1594 regem
488 1510 631 1596 Angliue
667 1512 835 1574 conscium
870 1512 981 1592 fuisse,
1021 1511 1109 1596 quod

22 1630 38 1664 s.
47 1603 171 1671 'ihomas
195 1610 342 1672 censuris
366 1611 605 1690 constringeret
629 1607 700 1672 illos
725 1607 893 1693 praesules
913 1619 989 1673 ante
1005 1611 1110 1694 ipsius

20 1700 178 1785 adrentum,
203 1709 329 1769 motiva
354 1719 463 1770 tamen
486 1709 603 1788 gravia
619 1718 713 1770 erant
737 1717 772 1769 ut
796 1709 841 1769 ita
865 1720 986 1791 ageret,
1012 1708 1109 1770 sicuti

18 1806 193 1875 exarmatis
216 1803 325 1886 colligi
352 1806 498 1890 potest.¹)

79 1955 128 2016 51.
175 1955 269 2035 Quae
295 1967 369 2040 post
392 1977 506 2018 necem
532 1981 557 2020 s.
574 1955 722 2020 'l'homae
746 1957 941 2020 acciderunt
964 1955 1107 2040 singilla-
1121 1969 1282 2020 *treuvam

16 2051 54 2110 tiu
79 2074 137 2116 non
162 2075 415 2140 prosequemur3
447 2053 593 2116 sufficiat
623 2076 662 2116 ea
695 2053 841 2118 breviter
873 2054 994 2118 referre
1023 2075 1106 2139 quae
1157 2039 1242 2071 naam.

17 2147 119 2230 najoris
141 2153 300 2216 momenti
325 2151 491 2230 videntur,
525 2163 562 2214 ut
592 2153 718 2216 fructus
747 2154 937 2216 certaminis
972 2175 996 2216 s.
1023 2151 1107 2215 Tho-

15 2265 74 2310 me.
97 2263 126 2310 et
148 2250 353 2336 subsequens
378 2261 480 2313 status
504 2271 613 2314 rerum
631 2250 938 2330 ecclesiasticarum,
964 2273 1105 2334 praeser-

13 2342 53 2404 tin
79 2347 108 2408 in
136 2347 273 2432 Angli-u,
311 2347 556 2430 dignoscantur.
610 2346 766 2413 Criminis
801 2369 913 2413 rumor
947 2349 1005 2411 toti
1035 2346 1105 2410 orbi

14 2439 163 2508 christiano
188 2468 354 2510 summum
380 2447 546 2509 horrorem
572 2435 717 2531 ingessit.
750 2447 916 2511 Henrieus
940 2469 999 2509 rex
1019 2467 1107 2528 mag-

15 2555 70 2602 uum
92 2541 234 2607 dolorem
259 2543 300 2607 de
324 2544 446 2607 scelere
477 2546 539 2608 isto
569 2545 722 2618 ostendit,
754 2559 785 2608 et
816 2552 1017 2608 contestatus
1048 2553 1107 2622 est,

44 2703 194 2715 ..ᾗ

16 2795 69 2848 aia
87 2801 151 2854 1197
169 2809 199 2854 et
217 2811 341 2855 extrema
361 2801 486 2855 Richardi
500 2799 702 2868 Thyuioleontis
716 2800 865 2868 Anglomm
884 2800 957 2868 regis
978 2807 1108 2867 tempora,

14 2879 102 2943 moure
126 2881 201 2936 libris
221 2882 374 2949 complexus
398 2887 465 2936 est.“
504 2881 566 2935 Nat.
587 2881 663 2935 Alex.
690 2896 757 2934 saec.
785 2880 824 2934 Xl
844 2890 872 2934 et
892 2879 954 2943 XII,
979 2879 1108 2947 Synopsis

14 2954 32 3003 'T
47 2956 76 3012 l'l
93 2960 141 3026 (De
159 2961 290 3030 scriptor.
309 2961 363 3016 XII
381 2963 462 3034 saec.)
482 2969 533 3016 art.
555 2961 642 3014 XVII.

66 3075 83 3134 ¹5
100 3075 176 3130 Hand
196 3077 355 3131 discutimus
381 3093 438 3131 eam
458 3077 651 3143 quaestionem,
670 3079 718 3146 [an
738 3079 808 3130 t'orte
832 3093 852 3129 s.
871 3075 986 3129 Thomas
1011 3075 1039 3128 in
1057 3073 1109 3128 illa

16 3143 64 3204 luta
80 3156 174 3220 dificili,
194 3173 277 3224 quum
296 3157 381 3210 adhuc
399 3157 428 3210 in
447 3155 549 3224 Anglia
568 3165 647 3222 esset,
667 3157 824 3224 quandoque
844 3155 938 3223 majori
957 3170 1017 3208 cum
1035 3153 1106 3221 pati·

17 3233 65 3284 uria
81 3237 196 3302 potuerit
216 3236 244 3290 in
265 3252 356 3306 regem
376 3237 424 3290 uti.
462 3235 576 3303 Scripsit
589 3237 695 3302 quidem
708 3237 826 3290 Joannes
840 3235 1040 3299 sarisberiensi,
1060 3234 1106 3301 qui

17 3313 175 3382 sthipvaesuli
207 3334 226 3370 a
256 3317 367 3372 secretis
398 3324 467 3371 erat.
499 3332 523 3368 a
554 3319 622 3372 1165
647 3318 681 3371 ad
699 3315 934 3370 Bartholomaenm
953 3315 1107 3382 episcopum

16 3389 171 3454 behemani:
195 3398 326 3464 ,Servavi
344 3397 450 3464 quidem
468 3397 587 3453 debitam
612 3397 689 3451 fidem
708 3397 861 3450 venerando
885 3411 943 3450 meo
962 3393 1109 3461 arehiepis-

16 3485 65 3536 ’ἣν
88 3479 128 3531 ssd
148 3494 182 3534 ex
202 3477 369 3532 conscientia
386 3493 445 3532 mea
463 3478 539 3532 salvo
558 3478 657 3532 honore
684 3477 767 3546 regis,
795 3483 986 3542 contraquam
1004 3474 1027 3528 si
1046 3475 1108 3540 quis

15 3549 143 3612 tueritne
161 3573 223 3613 esse
242 3565 388 3624 versatum,
411 3558 456 3612 uhi
481 3558 530 3611 hoc
549 3573 677 3612 exeruere
696 3557 849 3623 nequivero,
875 3557 909 3610 ad
927 3556 1052 3610 honorem
1078 3563 1107 3608 et

16 3627 177 3700 leueplaeitum
198 3639 266 3707 ejus,
286 3639 407 3693 dictante
423 3638 541 3707 justitia,
561 3647 673 3706 paratus
691 3654 750 3692 sum
763 3638 911 3692 emendare.
938 3637 1021 3690 Novit
1034 3636 1107 3690 eninr

17 3713 103 3770 ouium
120 3721 263 3787 inspector,
283 3725 311 3772 et
324 3719 465 3773 verborum
481 3718 564 3786 judex
584 3727 612 3772 et
631 3733 748 3786 operum,
768 3718 837 3784 quod
857 3718 963 3785 saepius
982 3723 1011 3770 et
1030 3731 1106 3783 aspe-

17 3791 53 3844 fitr
75 3811 145 3862 quam
172 3799 272 3865 aliquis
300 3799 453 3853 mortalium
473 3799 647 3867 corripuerim
666 3797 802 3852 dominnm
827 3796 1054 3865 arehiepiscopum
1073 3796 1106 3849 de

18 3865 49 3919 lit
65 3875 185 3944 inquibus
205 3878 240 3931 ab
258 3879 338 3933 initio
356 3878 492 3932 dominum
512 3895 604 3948 regem
624 3885 653 3932 et
671 3893 740 3942 suos,
763 3877 822 3930 zelo
841 3877 954 3943 quodam
974 3877 1105 3931 inconsul-

19 3945 53 4002 tiu
68 3957 130 4012 visua
149 3966 191 4012 ast
210 3959 246 4012 ad
263 3959 472 4013 amaritudinem
490 3973 657 4026 provocasse,
683 3972 764 4024 quum
783 3973 830 4025 pro
849 3957 913 4022 loeo,
938 3963 967 4011 et
985 3961 1106 4024 ternpore

20 4036 156 4102 tamnu,
176 4039 263 4092 multa
284 4039 387 4094 fuerint
404 4039 608 4106 depensuram
636 4037 696 4106 (sp.
719 4039 791 4107 141)
829 4037 927 4092 Utrum
946 4037 1033 4104 quoad
1051 4036 1105 4090 sin·

23 4109 71 4192 ille
86 4115 182 4184 sliquos
201 4133 279 4172 casus
298 4118 486 4173 haecJoaunis
505 4119 595 4187 opinio
606 4118 722 4172 fundata
735 4116 826 4184 fuerit,
845 4133 879 4172 an
893 4133 957 4172 vero
971 4117 1107 4171 immerito

23 4195 185 4264 hument,
214 4198 325 4260 dubium
350 4205 399 4252 est.
436 4201 476 4252 Ae
493 4214 588 4266 pamm
606 4197 655 4252 hoc
679 4196 777 4264 refert;
804 4197 952 4252 universim
979 4197 1050 4251 enim
1078 4196 1106 4250 iu

20 4276 54 4320 th
67 4275 176 4332 satiem
196 4279 368 4347 prudentiam
387 4295 417 4332 ac
436 4278 645 4334 moderationem
663 4295 684 4334 s,
695 4277 811 4332 Thomas
829 4276 986 4332 fortitudini
1002 4276 1104 4345 junxit.
