3000 4838
275 469 311 522 42
473 465 577 523 XXIII.
597 467 638 523 De
655 474 732 522 statu
750 467 851 523 Ecclss.
870 468 954 537 priori
971 465 1059 522 medio
1077 480 1146 520 saco.
1166 463 1230 520 ΧΗ.

278 614 503 677 controversia
527 611 568 676 de
591 613 798 696 genuinitate
822 613 926 697 ipsius
940 610 1041 675 edicti
1059 607 1279 689 Constantini,
1303 617 1405 694 atque

277 711 376 774 etiam
410 712 474 774 viri
506 709 677 774 Ecclesiae
713 709 860 792 addicti,
899 709 948 773 uti
975 706 1134 772 Nicolaus
1163 704 1316 772 (lucanus
1328 756 1337 788 ,
1372 717 1407 770 et

278 831 303 872 s.
316 807 507 873 Antoninus
524 807 627 872 dubia
647 831 707 872 sua
729 807 947 894 protulerunt.
985 807 1173 889 Permagna
1197 804 1406 870 eruditorum

278 926 355 990 pars
389 905 545 969 diuturno
578 914 726 990 tempore
765 905 1000 970 documentum
1035 901 1119 968 illud
1151 910 1188 966 ut
1218 903 1405 986 genuinum

281 1001 409 1081 habuit,
434 1004 480 1068 ita
504 1013 540 1067 ut
563 1004 663 1066 etiam
687 1001 819 1066 saeculo
844 1001 974 1066 decimo
998 1011 1090 1066 sexto
1115 1022 1154 1064 ac
1178 1001 1308 1066 docimo
1333 1023 1406 1086 sep·

125 1109 258 1162 Burrodsso
281 1101 362 1164 timo
391 1100 537 1166 celebres
559 1107 710 1165 auctores
733 1100 805 1186 ejus
828 1099 1034 1164 authentiam
1057 1098 1278 1163 vindicarent.
1326 1099 1408 1163 Post

149 1173 237 1223 ΨΜ
280 1199 481 1264 Baronicam
503 1208 615 1262 tamen
638 1196 800 1283 perdatim
823 1196 1011 1282 praevaluit
1033 1217 1156 1278 eorum,
1181 1197 1238 1282 qui
1262 1195 1345 1261 illud
1370 1207 1410 1260 ut

281 1298 430 1382 spurium
454 1305 664 1380 agnoverunt
687 1298 861 1375 sententia,
886 1316 986 1381 quam
1007 1294 1141 1360 demum
1158 1315 1272 1358 omnes
1287 1297 1407 1360 merito

279 1392 488 1480 adoptarunt.
535 1394 677 1458 Romani
706 1393 885 1458 Pontifices
916 1414 994 1456 vero
1032 1393 1067 1456 in
1091 1391 1155 1455 hac
1180 1395 1409 1456 controversia

278 1492 370 1556 haud
394 1494 611 1574 intervenere,
636 1513 699 1556 nec
718 1491 903 1556 donationis
927 1490 1135 1555 authentiam
1150 1489 1323 1554 vindicare
1339 1492 1409 1555 nisi

279 1599 364 1654 sunt.
412 1589 575 1677 Apprime
598 1591 687 1653 enim
711 1587 951 1673 intelligebant,
976 1588 1148 1652 Ecclesiae
1172 1587 1350 1674 privilegia
1374 1601 1411 1652 et

273 1689 352 1774 jura
375 1686 466 1752 haud
491 1710 533 1752 ex
557 1709 623 1752 uno
647 1686 794 1752 alterove
819 1687 1001 1772 diplomate
1025 1687 1175 1772 cujusvis
1189 1684 1408 1772 Imperatoris

277 1786 433 1873 pendere,
466 1786 524 1850 sed
555 1809 597 1850 ex
629 1789 729 1851 insita
761 1787 824 1872 ipsi
856 1785 967 1850 indole
999 1807 1039 1850 ac
1070 1783 1242 1878 dignitate.
1288 1785 1340 1850 Ita
1374 1796 1412 1849 et

280 1885 389 1950 medio
419 1901 511 1949 aevo‘
531 1883 680 1950 influxus
704 1885 758 1949 ille
782 1895 882 1971 atque
905 1884 1084 1948 auctoritas
1107 1882 1269 1964 salutaris,
1304 1904 1409 1969 quam

278 1985 314 2047 in
345 1983 513 2068 principes
544 2003 724 2068 eorumque
757 2003 862 2068 regna
895 1985 995 2047 etiam
1029 1981 1091 2046 sub
1127 1993 1278 2067 respectu
1313 1982 1410 2046 civili

278 2079 430 2146 Ecclesia
445 2079 631 2162 exercebat,
656 2081 735 2145 inde
753 2080 931 2146 ultimatim
948 2081 1112 2165 provenit,
1137 2078 1226 2165 quod
1241 2082 1412 2165 principia

278 2197 359 2242 vera
383 2178 604 2244 demissione
628 2177 745 2244 divina
768 2177 929 2261 Ecclesia,
963 2178 1161 2264 disponente
1194 2178 1412 2263 providentia

278 2275 354 2357 Dei,
388 2276 621 2341 evolverentur
655 2287 687 2341 et
709 2287 977 2361 agnoscerentur,
1009 2287 1111 2361 atque
1140 2277 1187 2340 ita
1221 2278 1256 2340 in
1280 2276 1410 2342 bonum

278 2375 379 2440 totius
403 2376 569 2452 societatis
592 2374 801 2455 christianae,
827 2385 1000 2439 externum
1018 2395 1149 2460 quoquc
1173 2376 1407 2461 insignemque

279 2470 489 2556 splendorem
526 2483 559 2536 et
587 2483 782 2559 potestatem
813 2473 965 2538 Ecclesia
996 2482 1029 2536 et
1059 2473 1201 2536 Romani
1225 2473 1408 2538 Pontifices

280 2580 570 2655 consequerentur.
617 2570 769 2636 Perbelle
812 2571 846 2635 id
879 2571 1036 2654 exprimit
1068 2569 1146 2636 Otto
1181 2571 1408 2656 Frisingensis

280 2676 355 2752 post
378 2689 416 2732 ea
440 2689 525 2754 quae
550 2667 591 2732 de
617 2668 828 2733 Constantini
853 2667 1033 2754 diplomate
1057 2667 1212 2732 advertit.
1246 2668 1406 2752 „Intueri,

280 2767 336 2848 ait,
361 2775 472 2829 tamen
496 2765 587 2849 libet,
612 2789 711 2852 quam
737 2767 820 2830 miro
838 2775 871 2829 et
886 2765 1047 2830 ineffabili
1064 2764 1161 2830 modo
1179 2768 1297 2830 civitas
1310 2765 1409 2832 Chri-

280 2865 321 2927 sti
353 2865 438 2927 inter
468 2865 560 2928 cives
591 2864 706 2928 mundi
738 2885 911 2949 progressa
941 2863 1099 2948 paulatim
1141 2864 1325 2928 crescendo
1360 2865 1408 2931 ad

279 2971 410 3026 tanturn
425 2961 595 3046 fastigium
610 2962 815 3047 profecerit..
829 3011 853 3028 ..
867 2961 914 3026 Ut
928 2963 1074 3026 securior
1086 2962 1127 3026 de
1142 2964 1237 3047 regni
1254 2960 1407 3028 coelestis

280 3061 497 3145 promissione
513 3060 606 3124 fieret
618 3059 779 3140 Ecclesia,
803 3081 943 3145 regnum
968 3062 998 3124 ei
1022 3058 1203 3145 temporale
1227 3081 1408 3143 regnorum

279 3159 428 3222 omnium
459 3160 644 3223 maximum
674 3157 825 3240 tradidit,
862 3159 975 3244 sicque
1005 3157 1167 3244 paulatim
1197 3159 1315 3222 civitas
1339 3157 1406 3223 Dei

280 3277 432 3320 crescens
454 3256 498 3321 ad
519 3277 687 3321 summum
718 3257 847 3342 apicem
872 3265 971 3342 atque
1001 3253 1230 3320 monarchiam
1253 3254 1407 3340 profecit.

279 3351 324 3416 Et
346 3353 544 3435 notandum,
577 3354 665 3440 quod
689 3365 766 3418 ante
790 3355 1053 3419 incarnationem
1078 3377 1171 3418 suam
1196 3355 1315 3418 civitas
1339 3353 1407 3419 Dei

279 3450 482 3536 adplenum
506 3451 666 3517 honorata
690 3452 853 3534 nonfuit,
887 3452 1096 3538 postmodum
1123 3473 1212 3531 vero,
1249 3472 1325 3515 cum
1357 3474 1409 3515 as-

280 3558 447 3634 sumptam
466 3572 599 3614 carnem
624 3550 666 3614 ad
684 3549 792 3615 coelos
815 3549 986 3632 attolleret,
1012 3551 1107 3635 quasi
1131 3560 1267 3635 accepto
1291 3570 1407 3634 regno,

274 3647 374 3732 juxta
390 3647 593 3732 parabolam,
610 3671 750 3735 regnum
764 3670 861 3713 suum
879 3649 969 3734 quod
981 3657 1030 3712 est
1041 3647 1237 3726 Ecclesiam,
1258 3646 1302 3711 ad
1318 3671 1408 3712 sum-

280 3766 371 3809 mum
395 3747 573 3831 fastigium,
599 3770 662 3833 quo
687 3746 786 3811 altius
809 3745 893 3811 nihil
917 3748 952 3810 in
976 3755 1072 3824 terra,
1097 3747 1262 3830 provexit,
1286 3758 1324 3809 ut
1346 3767 1409 3832 per

278 3841 343 3908 hoc
355 3843 487 3909 civibus
500 3845 617 3911 mundi
633 3867 667 3909 se
680 3845 868 3910 non‘solum
878 3847 989 3909 Deum
1005 3843 1098 3924 coeli,
1114 3843 1171 3908 ssd
1186 3852 1219 3907 et
1231 3843 1408 3910 dominum

279 3940 369 4005 orbis
392 3943 588 4025 ostenderet,
618 3946 775 4029 civesque
799 3965 875 4009 suos
899 3944 1025 4028 patriae
1049 3941 1261 4007 dulcedinem
1285 3965 1329 4006 ex
1352 3965 1408 4028 pe-

278 4040 512 4123 regrinationis
536 4044 754 4128 prosperitate
778 4041 911 4106 doceret
934 4039 1187 4126 appetendam.“
1203 4040 1227 4120 ¹)
1257 4077 1302 4090 -
1337 4039 1407 4106 Sed

279 4136 321 4200 de
346 4135 555 4202 Constantini
580 4141 751 4204 deuotione
775 4139 858 4205 haec
882 4139 1059 4204 sufficiant.

354 4253 378 4322 ¹)
397 4251 492 4306 chron.
514 4253 544 4307 1..
563 4252 612 4310 IV.
631 4269 653 4310 c.
672 4255 699 4310 4.
