2822 4838
146 2279 256 2318 Innocen-

122 2333 150 2371 tli
165 2333 200 2371 111
216 2334 284 2372 luter-

160 2397 246 2434 ventio.

294 410 348 463 252
562 409 661 464 XXVI.
681 411 721 464 De
739 409 904 464 Pontificetu
924 393 1076 465 iunocentii
1095 412 1146 466 III.

289 551 488 638 postulabat,
523 576 683 638 avarsqoam
716 565 820 617 tantem
852 554 940 639 opud
962 575 1031 617 eum
1053 556 1109 618 loc
1126 558 1235 640 potuit
1257 555 1404 626 obticere:

294 652 370 734 quia
398 653 494 715 etiam
522 651 678 730 toleravit,
712 663 747 715 ut
777 651 861 714 idem
892 673 951 714 rem
976 663 1054 737 post
1083 652 1286 716 interdictum
1314 655 1404 738 ipsius

285 748 393 834 filiam
416 750 505 814 ducis
528 751 707 828 Maeoniae,
735 747 878 835 puellam
900 749 1006 833 atique
1027 749 1192 836 pulchram
1214 751 1320 829 mimis,
1351 773 1404 812 uon

294 848 362 910 sime
392 847 488 911 multo
520 845 674 911 scandolo
703 847 829 910 duceret
852 857 882 908 ct
904 857 1030 910 teneret.
1039 848 1063 928 ¹)
1110 845 1176 912 Sed
1200 847 1284 911 haec
1309 869 1404 912 sense·

293 967 363 1008 rem
395 945 537 1011 duriora.
583 944 658 1008 Non
692 954 819 1008 constat
850 944 985 1030 quidem
1017 967 1059 1008 ex
1083 945 1303 1026 documentis,
1335 943 1404 1031 quid

294 1043 411 1107 fecerit
434 1041 639 1108 Coelestinus
668 1054 741 1127 post
770 1040 843 1106 illas
865 1041 1011 1128 Philippi
1045 1045 1197 1128 nuptias3
1229 1066 1309 1108 nam
1331 1065 1404 1130 quse

295 1142 330 1204 in
358 1141 473 1218 Gestis,
502 1150 535 1204 et
557 1143 592 1205 in
616 1140 754 1225 epistola
777 1141 964 1205 Innocentii
989 1140 1041 1204 III
1064 1141 1108 1206 ad
1131 1141 1328 1228 Philippum
1351 1147 1404 1226 (ep.

298 1239 375 1324 171)
412 1238 647 1304 adscribuntur
681 1238 868 1303 Coelestino
895 1238 961 1320 111,
1002 1241 1168 1324 pertinent
1211 1240 1254 1305 ad
1288 1251 1404 1324 tempos

296 1338 542 1400 matrimonium
565 1337 777 1422 praecedens.
825 1333 890 1399 Sed
915 1335 1014 1400 valde
1045 1335 1218 1422 probabile
1246 1347 1307 1420 est,
1338 1339 1404 1401 Coe·

294 1433 449 1498 lestinum
474 1436 631 1499 institisse
655 1435 746 1520 apud
760 1433 955 1519 Philippum
979 1456 1038 1520 per
1057 1437 1230 1520 episcopos
1252 1435 1404 1498 Rhemen·

295 1554 364 1596 scm
388 1543 421 1595 et
443 1528 678 1615 Senoneneem,
702 1555 771 1596 rem
797 1534 954 1596 secretius
977 1543 1151 1597 tractatam
1176 1534 1291 1614 fuisse,
1321 1543 1353 1596 et
1373 1531 1404 1596 sd

293 1641 425 1716 tempus
448 1631 654 1712 Pontificem,
682 1629 872 1715 petentibus
895 1629 1103 1716 praesulibus
1127 1629 1269 1712 Galliae,
1303 1653 1323 1694 a
1347 1651 1404 1720 cen

294 1731 379 1793 suris
403 1727 624 1793 severioribus
646 1728 845 1792 abstinuisse
869 1727 911 1792 ob
933 1728 1090 1812 pericula,
1115 1750 1199 1813 quae
1223 1751 1327 1812 regno
1344 1726 1404 1792 Gal·

294 1827 358 1890 liae
382 1836 461 1890 tunc
485 1847 528 1890 ex
551 1837 644 1912 parte
661 1826 818 1891 Richardi
844 1827 860 1890 I
884 1827 970 1910 regis
987 1825 1130 1910 Angliae
1155 1826 1404 1896 imminebant*¹

295 1923 470 1988 Caeterum
485 1925 648 1990 Pontificc
672 1926 754 1990 adeo
779 1935 885 1989 aetate
910 1935 1077 2010 provecto,
1103 1945 1169 1988 non
1183 1927 1307 1989 mirum
1325 1938 1404 2004 essct

294 2023 324 2086 ei
359 2044 458 2086 causa
486 2022 569 2086 haec
600 2023 746 2087 difficilis
780 2023 899 2086 minori
931 2022 1048 2086 ardore
1080 2031 1113 2086 et
1143 2043 1265 2108 magua
1291 2022 1404 2088 cautela

294 2131 433 2185 tractate
457 2121 580 2186 fuisset.

383 2255 435 2320 32.
484 2255 596 2335 Quum
621 2276 698 2318 vero
722 2254 937 2318 Innocentius
960 2255 1013 2318 ΙΙΙ
1040 2255 1084 2319 ad
1108 2253 1229 2319 Sedem
1254 2251 1404 2339 Apostoli

294 2374 367 2417 cam
385 2362 519 2417 evectus
534 2353 659 2434 fuisset,
685 2352 762 2416 inde
779 2351 821 2416 ab
839 2353 932 2417 initio
948 2353 1161 2438 pontificatus
1178 2353 1228 2416 sui
1246 2352 1404 2436 negotium

293 2449 356 2515 hoc
381 2460 512 2515 strenue
537 2471 734 2536 componere
758 2460 790 2514 ct
813 2453 991 2515 terminare
1016 2453 1172 2536 suscepit.
1222 2449 1403 2533 ,Praefatae

293 2548 507 2613 Innocentius
524 2548 710 2612 Caelestino
735 2549 926 2631 succedens,
952 2550 1075 2613 dicitur
1099 2550 1133 2612 in
1158 2547 1281 2630 Gestis,
1308 2549 1403 2612 stetim

292 2669 351 2732 per
373 2645 499 2711 litteras
523 2669 598 2710 suas
621 2655 654 2710 et
669 2668 728 2731 per
743 2645 964 2712 Parisiensem
980 2649 1173 2733 episcopum
1188 2645 1403 2731 saepedictum

293 2766 404 2828 regem
428 2744 554 2809 studuit
577 2766 795 2825 commonere,
827 2755 863 2808 ut
887 2767 960 2809 eam
985 2755 1170 2810 removeret
1201 2767 1221 2808 a
1245 2767 1292 2825 se,
1318 2763 1402 2828 quau

293 2852 408 2907 contra
438 2842 651 2907 interdictum
689 2841 859 2906 Ecclesiae
896 2843 1152 2928 superduxerat,
1192 2851 1225 2906 et
1254 2843 1402 2926 reciperet

292 2939 383 3005 illam
407 2942 441 3003 in
465 2942 605 3022 gratiam
631 2939 849 3026 conjugalem,
881 2963 981 3027 quam
1012 2940 1158 3024 legitime
1183 2939 1319 3003 ductum
1353 2935 1402 2999 ille

291 3040 406 3123 gitime
430 3037 573 3101 diixerst
594 3037 826 3118 amovendam,
853 3039 939 3123 juris
971 3040 1001 3103 ei
1033 3039 1170 3102 licentia
1194 3060 1260 3101 non
1285 3045 1402 3120 negata,

292 3137 469 3223 quominus
493 3135 580 3200 facta
604 3138 821 3218 restitutione,
847 3137 1058 3221 postmodnm
1082 3136 1265 3217 audiretur,
1291 3136 1320 3198 si
1338 3129 1401 3218 quii

292 3235 429 3299 duceret
457 3234 719 3318 proponendum,
755 3245 942 3300 contestans
973 3235 1091 3318 eidem,
1128 3233 1217 3321 quod
1241 3243 1401 3321 quantum

366 3477 386 3544 ²)
406 3474 492 3529 Gesta
509 3475 592 3529 Innoc
614 3473 664 3529 ΙΙΙ.
682 3489 708 3526 n.
728 3475 770 3528 50.
785 3503 818 3512 -
833 3473 912 3527 Falso
930 3473 1258 3544 citetPalmelPraeiect.
1277 3473 1354 3526 Tem
1365 3463 1401 3522 lli

290 3556 322 3612 P.
341 3556 378 3611 II.
399 3555 426 3608 G.
447 3555 489 3620 V).
508 3571 541 3609 ac
558 3555 582 3608 si
600 3555 746 3608 haberetur
764 3555 792 3608 in
813 3554 904 3608 Gestis
923 3573 996 3620 ,mon
1015 3555 1161 3609 toleravit“
1181 3563 1225 3608 etc
1251 3554 1337 3608 Forte
1355 3566 1400 3602 coo

290 3635 361 3690 lusio
380 3635 476 3688 oborta
494 3641 586 3688 estex
606 3635 728 3688 versione
747 3634 847 3703 gallica
865 3635 952 3702 operis
971 3635 1004 3688 cl.
1022 3634 1132 3698 Hortor,
1153 3635 1337 3688 Irtrmceutius
1358 3627 1400 3684 ill

290 3715 319 3769 L.
335 3715 371 3780 Il,
391 3715 436 3782 qui
456 3715 557 3778 scribit,
577 3720 638 3782 post
656 3715 766 3782 nuptias
780 3715 963 3770 Coelestinnm
982 3715 1069 3768 denuo
1086 3715 1194 3783 legatos
1213 3713 1247 3767 ed
1261 3713 1400 3780 Philippus

290 3795 394 3850 misisse
406 3801 435 3849 et
448 3795 564 3864 Agnetis
583 3795 769 3850 demissionem
788 3796 947 3862 postulasse.
972 3795 1042 3849 Dein
1056 3795 1084 3849 in
1095 3801 1160 3848 nota
1173 3793 1267 3848 addite
1286 3794 1400 3860 repertu

290 3891 323 3929 ea
341 3890 411 3942 quae
429 3874 458 3928 in
477 3875 569 3930 Gestis
588 3875 730 3941 habentur,
750 3875 808 3944 ipse
827 3876 880 3931 ait:
907 3875 1003 3942 „dinei
1022 3893 1078 3929 riou
1097 3875 1242 3942 tolerarit;
1269 3887 1369 3928 comme
1391 3869 1399 3922 i

290 3961 332 4009 cst
351 3954 393 4008 dit
411 3955 478 4008 dans
496 3955 535 4008 les
553 3954 658 4020 Gestes,
677 3963 709 4009 nt
728 3973 775 4010 rex
793 3963 855 4025 post
872 3957 1048 4011 interdictum
1067 3961 1135 4011 etc.“
1172 3955 1224 4010 Sed
1243 3955 1272 4009 in
1291 3953 1399 4006 version<

290 4035 390 4103 gallica
409 4034 448 4094 iT.
468 4034 490 4090 1.
509 4050 527 4101 p
557 4035 627 4098 182),
647 4041 676 4089 et
694 4035 765 4090 forte
784 4053 817 4091 ex
835 4037 884 4090 hac
903 4037 974 4104 apud
994 4036 1094 4100 Palma,
1114 4035 1181 4090 illud
1200 4053 1257 4088 riou
1275 4029 1399 4090 idiomatis

289 4113 392 4183 gallici,
411 4114 480 4168 falso
499 4115 616 4168 sumitur
634 4123 665 4168 ut
685 4121 777 4170 textus
796 4117 949 4170 Gestorum.

362 4193 384 4264 ²)
403 4193 458 4250 Gir.
477 4195 652 4264 Dsmberger‚
671 4195 702 4249 B.
722 4196 769 4250 IX.
789 4195 814 4250 S.
835 4197 895 4250 314.
