2916 4842
300 461 352 514 120
460 459 559 513 xxiv.
581 459 620 514 De
639 458 756 513 dissidiis
775 457 904 512 Friderioi
924 458 937 510 I
956 473 1017 511 eum
1037 457 1070 513 R.
1091 457 1274 514 Pontificibus.

133 608 221 648 Μὴ
236 609 288 649 ΜΦ
298 603 512 689 Septembris,
537 623 639 688 quum
663 612 748 666 esset
764 603 948 686 Anagniae,
973 601 1121 666 debitum
1146 613 1283 667 naturae
1307 602 1421 668 solvis-

138 672 220 711 Μ’
236 673 277 714 ffl'
298 712 356 782 set,
382 701 467 765 etde
484 702 579 764 terris
602 700 643 764 ad
669 698 812 780 coelum,
837 700 878 765 de
902 701 977 763 imis
1001 701 1174 784 migrasset
1197 710 1337 765 vocante
1355 703 1418 766 Do·

302 801 391 862 mino
422 798 466 863 ad
496 820 654 884 superna,
691 818 728 862 eo
759 797 899 862 Romam
932 797 1074 861 deducto
1108 809 1140 862 et
1170 799 1277 884 pridie
1307 799 1423 862 lionae

297 897 501 984 Septembris
525 899 559 960 in
583 895 723 960 ecclesia
746 895 833 958 beati
854 895 954 975 Petri,
979 897 1208 980 praesentibus
1232 897 1299 961 fere
1316 901 1418 961 omni-

299 996 359 1060 bus
391 995 561 1076 fratribus,
596 996 675 1058 satis
708 993 888 1058 honorifice
921 995 1007 1057 sicut
1038 996 1137 1058 moris
1166 1006 1214 1058 est
1246 995 1418 1076 tumulato,

297 1103 478 1179 coeperunt
501 1093 617 1157 fratres
641 1103 672 1156 et
695 1114 754 1156 nos
777 1114 851 1155 cum
877 1093 923 1155 eis
947 1092 1128 1156 secundnm
1150 1092 1319 1156 Ecclesiae
1344 1115 1419 1157 con-

299 1191 510 1256 suetudinem
542 1191 583 1255 de
615 1189 844 1254 substituendo
868 1189 1029 1253 Pontifice
1061 1192 1095 1254 in
1130 1189 1246 1254 eadem
1279 1190 1421 1254 ecelesia

207 1287 214 1306 ¹
301 1289 480 1352 studiosius
505 1289 668 1373 cogitare3
693 1299 726 1351 et
741 1287 847 1350 tribus
871 1286 988 1351 diebus
1012 1289 1097 1350 inter
1120 1309 1154 1351 se
1179 1287 1220 1350 de
1243 1291 1315 1374 ipsa
1338 1288 1422 1353 elec-

298 1388 386 1450 tione
410 1397 598 1464 tractnnteS,
625 1385 758 1450 tandem
784 1387 817 1448 in
839 1405 1010 1469 personam
1037 1398 1193 1466 nostram,
1218 1385 1419 1451 insufficien-

297 1493 362 1548 tem
393 1484 472 1548 huio
505 1487 595 1548 oneri
629 1497 661 1548 et
688 1493 800 1547 tantae
824 1483 995 1566 dignitatis
1025 1482 1157 1566 fastigio
1183 1485 1319 1548 minime
1344 1506 1421 1550 con-

300 1593 484 1668 gruentem,
518 1605 632 1646 omnes
663 1583 779 1646 fratres
803 1591 963 1666 quotquot
986 1581 1129 1661 suerunt,
1161 1581 1265 1645 tribus
1290 1592 1421 1646 tantum

298 1683 456 1766 exceptis,
486 1680 671 1746 Octaviano
696 1679 830 1763 scilieet,
855 1679 985 1744 Joanne
1010 1679 1050 1742 de
1074 1678 1195 1742 Sancto
1210 1679 1363 1745 =Martino
1389 1693 1422 1744 et

298 1775 453 1843 (luidone
479 1778 666 1861 Cremensc,
699 1815 741 1826 -
774 1777 846 1840 Deo
871 1787 965 1858 teste,
1002 1778 1080 1862 quia
1111 1777 1319 1842 mendacium
1353 1801 1421 1844 non

296 1878 462 1960 tingimus,
488 1877 545 1940 sed
563 1899 686 1940 meram
704 1877 790 1940 sicut
813 1885 862 1938 est
884 1874 1050 1960 loquimur
1068 1877 1251 1956 veritatem,
1276 1915 1318 1924 —
1345 1899 1420 1941 eon-

299 1975 443 2039 corditer
467 1987 567 2060 utque
591 1975 793 2038 unanimiter
816 1984 1052 2054 convenerunt,
1078 1985 1108 2035 et
1125 1995 1194 2054 nos,
1219 1977 1422 2040 assentiente

302 2073 389 2136 clero
414 2085 446 2136 et
468 2072 605 2160 populo,
639 2073 674 2136 in
702 2071 886 2136 Romanum
916 2070 1108 2134 Pontificem
1145 2070 1313 2156 elegerunt
1350 2074 1423 2158 (die

298 2173 316 2235 Ἰ
322 2173 336 2209 ⁰
359 2171 473 2256 Sept).
503 2174 581 2236 Duo
606 2193 694 2250 vero,
719 2169 876 2233 videlicet
891 2168 1062 2234 lohannes
1086 2181 1119 2232 et
1135 2169 1246 2234 Guido
1264 2169 1419 2236 Cremen·

296 2270 350 2351 sis,
382 2291 464 2354 quos
495 2271 935 2359 praenotavimus,·tertium
969 2265 1192 2333 Octavianum
1224 2271 1256 2333 in
1288 2278 1415 2334 tantam

292 2367 467 2430 audaciam
489 2369 726 2452 vesaniamque
757 2378 1006 2451 praeruperunt,
1043 2365 1131 2451 quod
1165 2376 1323 2450 mantum,
1351 2391 1418 2454 quo

298 2487 357 2528 nos
381 2467 560 2528 renitentes
585 2477 616 2527 et
639 2464 847 2544 reluctantes,
873 2465 949 2549 quia
974 2477 1118 2527 nostram
1144 2463 1416 2531 insufficientiam

295 2561 503 2644 videbamus,
530 2563 628 2647 juxta
659 2583 783 2627 morem
806 2561 975 2626 Ecclesiae
1008 2564 1098 2646 prior
1129 2561 1342 2626 diaconorum
1372 2567 1418 2628 in·

298 2660 425 2740 duerat,
454 2671 611 2746 tanquam
637 2662 840 2746 arreptivum
864 2683 884 2724 a
908 2659 990 2723 collo
1015 2670 1124 2723 nostro
1148 2663 1289 2746 propriis
1313 2667 1419 2727 mani·

294 2759 356 2823 bus
381 2758 542 2823 violenter
566 2760 711 2822 excussit
735 2769 766 2821 ct
790 2778 901 2821 secum
926 2759 1012 2821 inter
1027 2757 1245 2822 tumultuosos
1260 2763 1421 2845 strepitus

296 2855 349 2919 vel
375 2857 522 2920 fremitus
546 2857 738 2943 asportavit
772 2855 946 2926 Caeterum
970 2877 1071 2941 quum
1097 2857 1232 2941 quidam
1258 2857 1300 2920 de
1324 2881 1417 2923 sena·

298 2955 425 3018 toribus
458 2965 586 3020 tantum
618 2955 747 3020 facinus
770 2955 1001 3040 inspexissent,
1038 2977 1122 3018 unus
1155 2957 1267 3018 exeis
1298 2958 1419 3041 spiritu

295 3054 409 3118 divino
435 3077 612 3118 succensus
637 3063 784 3116 mantum
810 3055 917 3138 ipsum
942 3052 983 3116 de
1007 3075 1107 3118 manu
1132 3055 1253 3137 eripuit
1268 3057 1420 3119 saevien-

296 3153 347 3215 tis.
379 3153 456 3236 Ipse
480 3173 558 3215 vero
583 3151 624 3215 ad
641 3150 817 3237 quemdam
844 3149 1051 3236 capellanum
1076 3173 1182 3232 suum,
1207 3153 1264 3236 qui
1288 3151 1419 3217 adhoc

298 3251 477 3312 instructus
510 3261 645 3312 venerat
675 3259 707 3312 et
736 3259 880 3334 paratus,
916 3247 1002 3312 illico
1028 3248 1197 3312 flammeos
1220 3247 1333 3313 oeulos
1358 3253 1419 3314 fre.-

298 3347 485 3411 mebundus
516 3347 656 3427 inflexit,
688 3346 834 3411 olamans
858 3359 890 3409 et
913 3368 1133 3432 concrepans:
1169 3357 1225 3429 „nt
1255 3357 1419 3429 mantum,

295 3467 393 3530 quem
418 3467 528 3509 secum
553 3456 742 3531 portaverat
765 3445 958 3510 festinanter
987 3446 1148 3509 afferret.“
1199 3445 1272 3526 Quo
1301 3447 1419 3532 utique

296 3545 366 3607 sine
383 3565 474 3607 mora
492 3543 609 3625 delato,
635 3543 722 3607 idem
738 3541 954 3622 Ocnsvianus,
979 3543 1142 3607 abstracto
1156 3543 1241 3629 pileo
1261 3556 1292 3606 et
1307 3547 1418 3630 capite

300 3640 469 3722 inclinato,
495 3643 622 3704 cunctis
646 3641 803 3704 fratribus
827 3651 885 3704 aut
907 3639 977 3704 loco
1002 3640 1080 3704 inde
1103 3651 1160 3704 ant
1176 3640 1346 3705 voluntate
1372 3665 1419 3706 re-

298 3741 405 3818 motis,
430 3751 578 3804 mantum
604 3761 662 3823 per
687 3761 803 3802 manns
827 3737 974 3822 ejusdem
999 3737 1160 3824 capellani
1186 3748 1218 3801 et
1241 3740 1417 3823 cujusdam

295 3834 430 3900 alterius
454 3835 565 3900 clerici
590 3839 639 3900 sui
653 3835 861 3901 ambitiosius
884 3838 1071 3921 assumpsit,
1096 3839 1213 3922 etipse
1234 3836 1334 3916 idem,
1361 3840 1417 3924 qui

298 3957 364 3998 non
389 3946 459 3998 erat
482 3934 602 4021 aliquis
626 3937 660 3998 in
677 3934 740 3998 hoo
764 3957 871 4020 opere,
897 3933 1068 4019 capellano
1092 3944 1125 3998 et
1148 3933 1265 3999 elerico
1290 3939 1419 3999 exstitit

300 4033 481 4118 coadjutor.
528 4033 652 4097 Verum
678 4055 719 4096 ex
744 4031 858 4096 divino
878 4031 1006 4117 judicio
1031 4032 1197 4096 credimus
1228 4035 1418 4118 contigisse,

296 4130 385 4216 quod
409 4152 448 4194 ea
471 4153 548 4216 pars
572 4133 687 4212 manti,
712 4153 797 4216 qnae
820 4142 930 4215 tegere
953 4132 1117 4195 anteriora
1142 4129 1311 4214 debuerat,
1337 4130 1417 4194 mul-

298 4231 339 4292 tis
373 4228 565 4324 videntibus
597 4239 629 4291 et
660 4228 846 4293 ridentibus
873 4231 1053 4313 posteriora
1087 4228 1228 4313 tegebat,
1263 4239 1294 4292 et
1319 4229 1416 4292 sicuti
