2828 4842
277 479 425 534 Discidium
444 495 504 534 cum
521 480 627 540 Joanne
645 479 763 548 Angliae
781 493 854 549 rega
1071 481 1124 535 275

45 623 195 708 principum
225 621 446 705 detulerimus,
480 634 642 710 quantum
675 623 747 706 tibi,
783 632 821 687 tu
848 633 959 688 nostro
994 633 1123 690 tantum
1146 625 1294 675 ³1³¹·⁸⁰¹⁸⁸‘¹

43 718 165 802 derogare
187 719 326 784 attendis
350 717 477 802 honori,
511 729 673 807 quantum
707 722 741 784 in
772 720 871 784 simili
904 743 983 786 casu
1013 720 1124 786 nullus
1174 697 1257 736 'mm'

41 817 161 903 princeps
183 818 337 901 derogare
352 820 582 905 praesumpsit,
607 818 768 905 quasdam
784 819 920 883 frivolas
935 820 1124 884 occasiones

40 915 230 997 praetendens,
255 916 376 1002 quibus
399 919 526 998 asseris,
552 917 641 1002 quod
665 915 828 998 electioni,
853 917 894 980 de
911 915 1030 980 dilecto
1055 916 1122 981 filio

39 1015 162 1097 magistro
186 1013 352 1099 Stephano
377 1013 464 1078 tituli
489 1037 514 1080 s.
540 1013 751 1100 Chrysogoni
776 1012 946 1078 Cardinali
970 1037 989 1078 a
1013 1036 1123 1079 mona·

38 1109 88 1172 chis
108 1109 394 1176 Cantuarieusibus
417 1111 613 1195 celebratae,
644 1135 710 1177 uon
741 1123 834 1198 potes
857 1123 1024 1199 praestare
1048 1135 1123 1180 con·

36 1227 147 1288 ausum,
170 1211 246 1296 quia
263 1209 421 1274 videlicet
442 1212 529 1274 iuter
551 1221 624 1274 tuos
648 1222 698 1276 ast
721 1220 936 1274 conversatus
959 1211 1122 1293 inimicos,

36 1319 57 1366 et
74 1328 200 1390 persem
221 1308 294 1393 ejus
318 1308 450 1372 esttibi
474 1330 608 1394 prorsus
632 1310 755 1392 ignota.
801 1307 904 1398 Borro
928 1311 1028 1394 juxta
1052 1330 1123 1395 pro·

35 1403 155 1469 rerbium
171 1404 365 1486 Salomonis,
389 1405 511 1470 frustra
527 1407 656 1490 'jacitur
678 1416 746 1470 rete
770 1417 847 1470 aute
871 1405 982 1470 oculos
1001 1428 1122 1491 penna-

34 1517 128 1582 rorum,
157 1524 230 1566 cum
263 1503 500 1587 intelligamus,
535 1504 617 1569 illud
650 1507 680 1568 ei
706 1527 771 1569 nou
795 1525 865 1568 esse
889 1505 1122 1589 imputandum

33 1598 62 1662 nd
86 1599 216 1686 culpam,
257 1601 315 1666 sed
345 1601 388 1666 ad
420 1602 559 1686 gloriam
592 1593 702 1688 potius
725 1601 993 1684 adscribendum,
1033 1602 1122 1688 quod

32 1695 137 1761 Parisiis
161 1699 218 1762 diu
245 1721 366 1763 vacans
388 1699 582 1766 liberalibus
605 1701 723 1766 studiis
753 1703 788 1765 in
812 1710 940 1766 tantum
972 1702 1121 1786 profecit,

32 1807 55 1854 ut
72 1799 217 1860 meruerit
239 1819 310 1861 esse
335 1797 450 1862 doctor
473 1821 540 1864 non
564 1798 670 1863 solum
694 1801 728 1862 in
752 1797 945 1863 liberalibus
961 1797 1122 1862 facultati-

30 1887 81 1970 hus,
108 1915 219 1958 verum
251 1896 341 1959 etin
365 1894 560 1981 theologicis
584 1896 790 1982 disciplinia3
824 1919 864 1961 ac
895 1897 942 1960 sic
965 1918 1025 1982 per
1048 1895 1122 1978 hoc,

29 1993 169 2056 convita
193 1992 409 2057 concordaret
433 1993 612 2075 doctrinae,
646 1995 767 2078 dignus
795 2004 846 2058 est
874 1993 1008 2058 habitus
1032 2015 1122 2078 prae·

28 2084 144 2153 bendum
168 2089 317 2155 obtinere
342 2081 570 2158 Parisiensemss
619 2092 716 2158 Unde
741 2091 891 2156 mirabile
915 2093 1070 2176 gerimus,
1095 2093 1122 2156 si

27 2187 64 2248 tir
83 2179 161 2252 tanti
183 2191 337 2268 nominis,
363 2189 404 2254 de
428 2199 483 2254 tuo
508 2212 610 2275 reguo
636 2191 761 2254 ducens
784 2192 957 2275 originem,
982 2188 1043 2253 tibi
1067 2210 1121 2275 po·

25 2284 161 2349 mitesce
193 2285 309 2350 saltem
341 2287 450 2372 quoad
483 2287 607 2352 famam
640 2290 788 2372 ignotus;
819 2289 1013 2373 praesertim
1045 2310 1121 2352 cum

24 2397 59 2443 ter
77 2385 257 2470 scripsisses
281 2383 337 2466 illi,
364 2395 537 2471 postquam
559 2408 581 2450 a
596 2384 691 2450 uobis
708 2386 834 2449 exstitit
857 2387 891 2450 iu
909 2383 1121 2450 Cardinalem

24 2493 175 2563 promotus,
201 2483 290 2568 quod
313 2483 392 2548 licet
415 2483 625 2568 disposueris,
651 2505 726 2548 eum
751 2482 794 2547 ad
817 2493 894 2548 tuae
917 2482 1121 2549 familiarita-

24 2577 52 2638 tis
77 2578 268 2666 obsequium
304 2603 453 2662 evocare,
485 2582 657 2667 gaudebas
680 2591 802 2662 tamen,
834 2581 922 2667 quod
947 2581 989 2646 ad
1014 2571 1121 2667 majus

25 2691 74 2736 erat
98 2677 246 2742 officium
279 2679 486 2744 sublimatus.
534 2678 600 2745 Sed
633 2679 713 2743 illud
745 2681 854 2765 potius
886 2689 918 2744 te
950 2680 1120 2744 attendere

24 2769 170 2857 decuisset,
205 2776 294 2862 quod
319 2778 543 2842 internatus
567 2785 746 2858 natusest,
777 2777 818 2840 de
842 2777 1035 2862 parentibus
1058 2776 1120 2840 tibi

23 2869 149 2938 fidelibus
172 2885 207 2938 et
231 2874 369 2956 devotis,
395 2875 548 2960 quodque
573 2876 607 2938 in
632 2874 772 2940 eeclesia
787 2875 989 2939 Eboracensi
1012 2875 1122 2939 fuerat

21 2969 251 3054 praebendatus,
277 2995 362 3058 quae
384 2972 481 3058 longe
507 2973 613 3059 major
636 2984 668 3037 et
687 2973 818 3056 dignior
842 2995 940 3059 quam
958 2974 1120 3038 Parisieu·

22 3069 53 3128 sis
77 3072 192 3134 existit.
227 3119 234 3135 .
260 3120 268 3135 .
294 3119 301 3135 .
334 3071 451 3136 Nuntii
475 3093 553 3136 vero
579 3073 626 3134 tui
650 3093 785 3136 causam
818 3071 914 3136 uobis
941 3070 1042 3135 aliam
1066 3093 1119 3134 ex-

20 3181 192 3250 presserunt,
220 3190 321 3254 quare
345 3190 410 3233 nou
431 3171 624 3254 praestitisti
648 3169 718 3254 ejus
742 3169 894 3233 electioni
912 3190 1119 3250 consensum,

20 3266 78 3346 quia
99 3267 255 3332 videlicet
279 3289 450 3352 uunquam
475 3268 582 3331 fuerat
605 3269 782 3354 requisitus
805 3263 943 3348 abillis,
969 3267 1119 3352 quicum

19 3378 75 3426 ate
96 3363 280 3428 debuerant
306 3364 486 3449 postulare,
526 3375 722 3446 asserentes,
763 3365 852 3451 quod
882 3363 1011 3428 litterae
1043 3363 1119 3428 illae

20 3459 116 3540 quihus
153 3463 399 3544 mandavimus,
437 3473 474 3526 ut
502 3486 601 3550 super
632 3461 696 3527 hoc
727 3464 857 3548 negotio
891 3473 1119 3548 procuratores

19 3555 129 3626 idoneos
152 3560 198 3625 ad
223 3580 282 3624 nos
306 3560 498 3643 destinares,
530 3559 573 3624 ad
597 3569 629 3624 te
654 3563 791 3625 minime
822 3568 1054 3646 pervenerunt,
1086 3568 1120 3623 et

19 3657 147 3722 monachi
166 3657 434 3739 Cautuarienses,
459 3661 613 3743 quamvis
631 3681 689 3744 pro
705 3657 778 3722 aliis
802 3660 943 3742 negotiis
965 3657 1009 3722 ad
1024 3667 1117 3722 tuam

19 3759 216 3834 praesentiam
247 3757 471 3838 accessissent,
503 3777 562 3840 pro
594 3755 791 3841 postulando
815 3766 926 3820 tamen
955 3775 1118 3820 consensu

19 3869 63 3914 uec
88 3853 213 3918 litteras
241 3875 304 3917 nec
327 3855 461 3918 nuutios
491 3855 692 3919 direxerunt.
740 3853 839 3919 Unde
873 3853 974 3918 iidem
1008 3854 1115 3917 nuntii

20 3969 74 4014 rum
96 3951 197 4016 multa
222 3952 379 4015 instantia
403 3951 499 4015 nobis
522 3950 760 4037 supplicarunt,
794 3960 957 4036 quatenus
985 3973 1027 4014 cx
1051 3971 1116 4035 quo

21 4047 91 4112 uobis
121 4048 323 4134 complacuit
352 4047 441 4113 hauc
471 4048 532 4114 tibi
557 4049 843 4114 honorificentiam
866 4071 1046 4132 reservare,
1080 4057 1118 4112 ut

21 4149 147 4213 monaehi
171 4147 430 4212 Cautuarienses
452 4149 581 4231 regium
605 4147 810 4233 postularent
833 4169 1013 4228 assensum,
1038 4168 1115 4233 quo·

20 4245 88 4308 uiam
108 4246 168 4311 hoc
191 4245 319 4310 factum
343 4268 408 4309 uon
425 4255 504 4328 erat,
529 4245 721 4310 dilationem
737 4267 916 4331 congruam
935 4247 1116 4310 concedere

902 4351 955 4407 18*
