2814 4848
182 2970 262 3016 Qunfls

150 3035 237 3071 uuam
250 3043 290 3081 po-

185 3099 262 3135 eum.

307 467 359 520 378
468 465 581 519 XXVII.
603 465 641 520 De
660 465 762 520 haeres.
781 465 948 534 repressione
967 481 998 519 sc
1016 465 1049 519 de
1067 465 1264 520 Decretalibus.

300 609 558 700 jurisdictionem
593 619 622 672 et
647 619 837 695 potestatem
868 619 1008 672 nostram
1038 633 1094 672 nec
1124 608 1200 672 velit
1231 631 1289 672 nec
1319 607 1392 670 debe

308 710 404 771 etiam
427 707 600 794 impedire,·
622 729 772 793 qtrnmque
788 707 1046 797 jurisdictionem
1065 707 1235 794 propriam
1257 727 1320 769 non
1342 705 1407 790 suf

308 807 428 870 ciamus
452 805 588 892 explere,
613 829 668 868 cur
692 803 832 869 alienam
854 829 1010 892 usurpare
1033 805 1205 870 vellemus?

399 904 452 969 75.
476 903 625 990 Exponit
640 925 736 989 porro
761 905 933 985 rationem,
957 925 1059 990 quare
1084 904 1252 987 negotium
1277 901 1366 966 istud
1396 930 1401 957 ι

308 999 427 1066 Sedem
453 999 679 1087 Apostolicam
706 1001 863 1084 delatum,
887 1001 930 1066 ab
955 1025 994 1066 ea
1017 1003 1060 1066 sit
1083 999 1344 1087 suscipiendum.
1373 1031 1407 1062 .

307 1123 399 1184 quum
425 1099 579 1163 Dominus
603 1099 691 1164 dicct
706 1101 740 1162 in
756 1099 947 1185 Euespelio:
970 1097 1031 1178 „Si
1042 1099 1270 1186 peccaveritis
1286 1097 1401 1184 tefret

309 1209 389 1274 terres,
423 1197 502 1260 uode
531 1208 561 1262 et
592 1200 714 1285 corripe
738 1221 807 1261 eum
830 1199 914 1262 inter
938 1209 966 1261 te
990 1209 1020 1261 et
1042 1199 1147 1284 ipsum
1169 1196 1280 1273 solum,
1307 1247 1313 1261 .
1342 1245 1350 1259 .
1376 1246 1383 1258 .

309 1306 412 1358 antem
435 1293 596 1359 ecclesiam
610 1319 674 1360 non
691 1296 840 1375 audierit,
866 1298 908 1360 sit
930 1295 990 1359 tilu'
1012 1297 1094 1359 sicut
1117 1296 1255 1358 stlta-icus
1278 1305 1309 1357 et
1328 1293 1407 1380 puli

308 1399 438 1476 cenrrs“,
463 1405 493 1456 et
515 1417 573 1456 rece
595 1391 743 1480 Amplius,
768 1396 847 1458 sicut
872 1395 996 1472 asserit,
1021 1395 1062 1458 sit
1080 1403 1221 1479 paratus
1240 1391 1403 1478 sufficient

309 1491 480 1568 ostendere,
504 1491 588 1576 qnod
606 1515 664 1555 rete
680 1493 876 1555 Francorum
889 1503 1003 1578 peccat
1016 1493 1051 1555 in
1074 1493 1188 1578 ipsum,
1213 1491 1328 1575 etipse
1354 1492 1407 1550 cir

309 1611 377 1651 eum
400 1591 434 1651 in
457 1592 646 1653 correctione
672 1592 826 1676 processit
855 1591 1023 1654 secundum
1046 1589 1189 1676 requiam
1211 1587 1397 1674 euanpelicc

309 1697 338 1750 ct
355 1686 491 1764 tandem,
516 1689 591 1772 quie
604 1687 800 1752 nullomodo
813 1687 963 1774 profecit,
988 1687 1073 1751 dieis
1090 1684 1260 1764 Ecclesiae,
1281 1709 1407 1772 quonia

308 1806 366 1847 nos
388 1785 443 1868 qni
465 1807 569 1848 nemus
594 1786 638 1848 ed
660 1787 797 1870 repimen
816 1785 1008 1849 urrieersulis
1023 1783 1184 1848 Ecclesiae
1207 1805 1352 1870 superna
1377 1783 1398 1846 d

303 1882 464 1967 positione
487 1885 601 1962 uocati,
624 1883 810 1948 mundatum
831 1883 972 1947 diuinum
994 1906 1059 1946 reon
1077 1905 1247 1969 possumus
1271 1881 1396 1944 eraudi

308 1989 429 2042 sitnon
449 1981 660 2066 procedamus
689 1982 856 2044 secundum
879 1981 1024 2068 formam
1055 1982 1169 2067 ipsius,
1200 1979 1266 2042 nisi
1288 1977 1407 2064 forsit

309 2080 377 2163 ipse
400 2101 506 2142 coram
529 2079 619 2143 nobis
642 2078 690 2142 vel
715 2079 817 2164 leputo
841 2091 948 2144 nostro
970 2079 1174 2166 sufficientem
1193 2077 1228 2140 in
1242 2077 1407 2139 constructi

309 2177 465 2239 rationem
489 2177 642 2240 ostendet.
669 2215 711 2258 -ss
736 2177 824 2241 Dein
844 2199 922 2241 vero
947 2176 1101 2257 ostendit,
1131 2176 1187 2240 suo
1211 2197 1271 2260 pro
1295 2199 1390 2260 respe

309 2271 467 2336 Pontifex
500 2273 540 2338 de
574 2297 674 2338 causa
705 2275 770 2338 ista
795 2275 903 2360 judex
936 2278 1046 2339 meritc
1079 2276 1313 2340 constituatur.
1367 2273 1402 2336 Ν

310 2371 393 2434 enim
415 2372 617 2451 intendimus,
642 2374 759 2457 inquit,
777 2373 927 2461 judicare
951 2373 989 2437 dc
1004 2371 1120 2459 feudo,
1150 2375 1238 2461 cujus
1264 2369 1311 2433 ad
1338 2371 1406 2456 ipsu

310 2478 431 2554 spectet
447 2468 616 2556 judicium,
640 2471 706 2532 nisi
719 2469 810 2556 forte
826 2472 900 2558 juri
922 2470 1077 2534 communi
1094 2493 1156 2556 per
1175 2465 1320 2555 speciale
1341 2469 1406 2554 prii

311 2565 424 2650 lepium
446 2567 496 2630 uel
519 2570 711 2631 carnariam
741 2569 995 2632 consuetudinem
1024 2565 1149 2652 aliquid
1171 2567 1214 2628 sit
1251 2565 1406 2630 eletractm

310 2664 367 2727 sed
390 2665 554 2728 decernere
579 2665 617 2728 dc
636 2677 777 2752 peccato,
802 2671 891 2756 cujus
914 2667 958 2730 cd
980 2689 1038 2731 nos
1056 2667 1198 2752 pertinet
1220 2663 1289 2727 sine
1318 2663 1406 2726 drrhit

312 2762 395 2824 tiorm
419 2785 561 2840 censura,
593 2787 685 2849 quum
708 2764 743 2826 in
766 2761 931 2849 quemlibet
954 2785 1095 2828 exercere
1123 2781 1292 2849 possumus
1331 2772 1362 2824 et
1392 2757 1406 2824 d

311 2857 424 2923 bemus.

404 2958 456 3022 76.
488 2958 527 3022 ln
552 2957 614 3022 hac
638 2961 817 3024 assertione
840 2959 1024 3042 Pontificis,
1048 2957 1147 3022 cerdo
1176 2958 1374 3020 continetur
1395 2977 1405 3018 s

313 3057 572 3138 frumentationis
600 3057 671 3142 ejus
696 3057 873 3142 juridicos.
928 3055 1051 3121 Statuit
1082 3053 1254 3136 videlicet,
1292 3077 1329 3118 se
1364 3075 1405 3116 sur

308 3153 535 3239 jurisdictioni
556 3176 622 3219 non
637 3154 810 3219 vindicare
833 3153 924 3218 litem
949 3154 990 3219 de
1015 3153 1124 3218 feudis
1147 3174 1214 3239 qus
1238 3151 1358 3227 talem,
1382 3169 1405 3228 so

312 3262 475 3337 quatenus
499 3255 667 3338 negotium
692 3256 872 3316 constituat
893 3251 1002 3334 civile,
1027 3252 1176 3337 adeoque
1200 3250 1365 3326 admittit,
1390 3265 1405 3312 n

310 3351 401 3434 gotia
424 3372 513 3414 mere
537 3349 650 3414 civilis
667 3372 725 3435 per
741 3372 775 3414 se
790 3372 856 3415 non
874 3349 992 3414 cedere
1007 3350 1069 3414 sub
1088 3348 1365 3435 jurisdictionem
1382 3347 1404 3410 n

312 3450 403 3512 mani
429 3449 608 3513 Pontificis.
656 3447 721 3513 Sed
746 3447 917 3512 Ecclesiae
940 3459 973 3511 et
997 3447 1146 3511 Romano
1171 3445 1331 3510 Pontifici
1357 3465 1404 3508 eor

312 3547 394 3631 petit
418 3545 572 3631 judicare
604 3545 813 3633 depereatis,
847 3545 888 3610 de
920 3543 1117 3609 criminibus
1148 3564 1234 3629 quae
1268 3543 1304 3606 in
1338 3541 1404 3605 vari

312 3647 454 3728 negotiis
479 3645 639 3709 committi
656 3653 803 3730 possunt,
829 3644 939 3728 idque,
964 3641 1043 3707 dum
1069 3641 1150 3706 tales
1175 3663 1294 3704 causes
1321 3651 1404 3714 tract

312 3743 478 3824 Pontifex,
503 3744 533 3806 ei
558 3745 763 3828 propositum
788 3751 845 3806 est.
881 3741 996 3826 ltaque
1022 3739 1146 3803 directe
1170 3739 1337 3824 competit
1360 3725 1404 3798 Po*

313 3841 395 3906 tifici
415 3841 582 3927 judicium
607 3861 761 3904 exercere
785 3839 895 3925 quoad
919 3838 1098 3902 laesionem
1124 3835 1206 3920 legis
1223 3835 1372 3910 moralis,
1396 3835 1403 3894 i

314 3940 438 4005 directe
463 3950 573 4003 autem
598 3948 732 4024 propter
755 3938 819 4002 hoc
843 3935 904 4000 sub
929 3937 1000 4022 ejus
1019 3934 1290 4021 jurisdictionem
1317 3931 1403 3996 cndu

314 4059 435 4102 causae
452 4037 568 4102 civiles
592 4047 625 4101 et
639 4035 845 4121 temporales,
871 4033 992 4120 quibus
1014 4031 1214 4118 implicitum
1237 4051 1312 4094 esse
1338 4043 1403 4116 pote

315 4145 500 4221 peecatum.
547 4135 596 4200 no
621 4157 699 4198 casu
724 4155 804 4196 sane
835 4153 934 4196 causa
959 4129 1153 4216 principalis
1184 4149 1270 4214 quse
1296 4129 1403 4192 contin

315 4245 370 4298 tur
393 4235 426 4297 in
450 4233 595 4298 laesione
618 4232 701 4317 legis
718 4231 928 4312 christianae,
954 4228 1056 4292 veluti
1081 4227 1304 4292 accessorium
1330 4245 1402 4289 secu
