2902 4848
260 449 315 503 348
390 447 504 500 XXXV.
526 447 564 500 De
583 445 684 504 Concil.
704 446 854 502 Besileeusi
872 461 904 500 sc
921 446 955 501 de
973 446 1070 514 Synod.
1090 447 1258 502 Florentius.

262 613 363 677 puum
389 590 616 656 dissolutionis
631 589 773 655 Consilii
798 611 953 672 semeso,
980 589 1167 656 Concilium
1184 613 1263 656 vero
1281 589 1379 656 videri

263 691 485 752 necessarium
511 688 553 753 ad
578 710 630 752 res
654 687 876 752 Bohemorum
901 688 1158 774 componendas,
1183 700 1282 776 atque
1304 687 1379 752 illud

262 795 343 850 tunc
367 789 438 850 sine
462 785 568 850 turbis
592 795 625 848 et
647 787 836 872 principum
868 807 908 850 ac
933 786 1155 872 praelatorum
1180 788 1381 874 querimonis

263 883 400 948 dissolvi
425 906 490 949 non
516 905 622 969 posse,
646 883 762 948 habita
786 884 840 948 die
866 885 903 947 7⁰
919 883 1118 950 Decembris
1140 885 1288 968 generali
1312 905 1381 948 con·

261 985 465 1066 gregatione,
491 983 615 1063 statuit,
641 979 828 1046 Concilium
852 981 1004 1046 Basileus
1028 1003 1099 1048 esse
1122 981 1327 1064 habendum,
1354 993 1384 1046 et

263 1079 387 1143 indixit
406 1081 547 1165 primani
572 1081 751 1143 sessionem
776 1078 820 1144 ad
844 1079 930 1144 diem
960 1081 1040 1144 14Ιιιιὶ
1056 1081 1266 1146 Decembris.
1313 1081 1384 1161 Qus

264 1175 318 1240 die
348 1199 465 1242 revera
495 1177 577 1242 haec
601 1179 701 1242 sessio
725 1179 834 1262 prima
858 1177 972 1242 habite
996 1189 1046 1242 est
1069 1189 1102 1244 et
1125 1178 1212 1244 lecta
1235 1190 1312 1244 sunt
1335 1179 1385 1243 do·

263 1285 420 1340 cumenta
436 1277 569 1340 Martini
588 1276 618 1339 V
642 1285 675 1338 et
691 1275 833 1359 Eugenii
849 1275 908 1353 IV,
934 1297 1019 1361 quae
1042 1275 1087 1342 ad
1111 1277 1383 1341 convocationem

264 1371 616 1459 Consiliispectabant.
634 1373 815 1438 Conditum
829 1394 924 1458 porro
934 1384 983 1438 est
991 1374 1161 1440 decretum
1170 1397 1236 1462 quo
1244 1374 1385 1439 declara·

263 1468 371 1553 batur,
397 1494 471 1536 cnm
497 1474 616 1536 civitas
631 1470 831 1536 Basileensis
854 1471 946 1536 locus
970 1482 1057 1536 esset
1072 1472 1289 1538 celebrationi
1306 1471 1385 1536 Con·

263 1567 330 1632 cilii
362 1569 526 1654 generalis
562 1570 757 1655 deputatus,
790 1569 861 1654 jem
896 1570 954 1633 din
989 1583 1119 1656 tenipus
1153 1573 1386 1656 praestitutum

262 1666 402 1750 adesset,
440 1679 568 1732 sanctae
601 1665 693 1731 Sedis
718 1665 921 1753 Apostolicae
958 1690 1023 1732 non
1053 1669 1173 1732 decusa
1203 1671 1386 1745 auctoritas,

263 1766 298 1829 in
322 1787 362 1830 ea
386 1767 522 1830 civitate
546 1778 579 1830 et
602 1765 672 1830 loco
696 1764 851 1848 generale
873 1763 1058 1830 Concilium
1085 1766 1267 1832 stabilitum
1292 1789 1386 1833 cano·

263 1865 338 1928 nice
362 1875 395 1928 et
417 1863 593 1928 fundatum
618 1885 699 1945 esse,
725 1864 895 1949 tenerique
919 1885 1033 1928 omnes
1055 1864 1099 1928 ad
1121 1864 1203 1928 illud
1218 1866 1386 1930 accedere.

355 1982 383 2046 t.
432 1981 522 2044 Dum
555 1981 636 2044 haec
660 1988 837 2064 egerentur
860 1979 1021 2062 Basileae,
1058 1981 1102 2045 ad
1127 1981 1312 2066 Eugenium
1342 1981 1385 2047 lv

263 2077 403 2143 relatum
428 2088 486 2158 est,
519 2079 681 2160 Hussitas,
714 2079 775 2142 etsi
800 2077 973 2142 damnatos
998 2077 1121 2164 pluries
1145 2089 1181 2142 nt
1204 2080 1386 2144 haereticos

262 2184 296 2240 et
319 2179 420 2240 armis
444 2179 666 2264 impugnatos,
700 2175 802 2240 fuisse
835 2177 994 2240 invitatos
1017 2177 1060 2241 ad
1086 2175 1272 2242 Concilium
1297 2178 1387 2242 Basi-

262 2274 372 2338 leense
398 2275 442 2338 acl
457 2274 687 2361 disputandum
710 2284 739 2336 et
762 2275 1012 2339 contendendum
1036 2298 1132 2360 super
1147 2275 1299 2338 articulos
1316 2282 1386 2365 jam

262 2374 494 2438 condemnatos.
529 2374 640 2457 lictus,
666 2373 744 2436 inde
768 2375 944 2457 provenire
968 2371 1152 2460 pericnlum
1179 2373 1254 2438 lidci
1281 2375 1385 2438 ortho-

263 2470 372 2535 doxae
396 2483 429 2535 et
456 2471 592 2554 infringi
610 2471 839 2534 auctoritatem
856 2471 925 2535 Ru.
938 2470 1151 2550 Pontificum,
1177 2471 1231 2535 die
1249 2473 1308 2537 18⁰
1324 2473 1384 2536 De·

263 2569 406 2633 cembris
438 2568 626 2654 publicavit
648 2567 789 2646 Bullcm,
823 2590 889 2655 qna
914 2567 1101 2634 Concilium
1126 2569 1326 2646 Basileense‚
1359 2573 1384 2634 si

263 2674 374 2728 tomen
404 2665 538 2751 aliquod
565 2665 752 2730 Concilium
777 2665 928 2730 Basileus
956 2679 1193 2752 congregatum
1225 2669 1384 2734 videatur.

263 2762 425 2841 dissolvit,
457 2763 615 2850 aliudque
647 2763 771 2828 indixit
794 2764 964 2828 Bononiae
994 2775 1068 2850 post
1091 2788 1216 2830 annum
1242 2787 1316 2829 cum
1341 2767 1382 2830 di·
1443 2799 1444 2816 κ

263 2859 367 2924 midio
401 2860 648 2942 celebrandum,
681 2863 734 2924 cui
766 2883 800 2925 se
832 2883 908 2926 curn
934 2861 1169 2928 Cardinalibus
1193 2863 1383 2927 adfuturum

263 2979 334 3022 esse
359 2957 526 3044 pollicitus
551 2969 608 3024 est.
646 2961 684 3023 Iu
709 2958 774 3022 bac
799 2959 895 3024 Bulla
925 2959 1060 3025 ferend
1085 2961 1225 3026 verbum
1250 2963 1384 3026 inseruit

264 3056 438 3142 epistolam
470 3070 568 3122 antea
598 3058 640 3121 ad
666 3056 838 3124 lulianum
873 3061 1030 3143 scriptam
1056 3060 1240 3145 eademque
1264 3063 1382 3124 motiva

263 3157 413 3241 repetiit3
437 3156 570 3220 addidit
586 3177 663 3220 vero
688 3157 908 3220 invitationem
923 3157 1128 3220 Hassituruns
1152 3158 1196 3222 acl
1213 3157 1379 3223 Concilium

263 3252 448 3317 anilcense
468 3254 597 3340 factam
621 3265 731 3318 contra
755 3277 873 3318 omenem
897 3256 1150 3319 consuetudinem
1177 3253 1379 3320 Consiliorum

263 3362 295 3414 et
317 3352 404 3416 alias
426 3375 558 3439 mayrrns
582 3362 779 3439 stringentes
802 3375 916 3416 causus
939 3355 1005 3416 suis
1033 3350 1099 3416 loco
1124 3364 1154 3416 et
1178 3365 1313 3442 tempore
1334 3353 1379 3415 de·

263 3448 448 3514 darandus.
458 3453 479 3533 ¹)
526 3451 579 3514 Ex
597 3451 680 3515 serie
697 3471 806 3512 rerum
831 3459 997 3533 gesturum
1023 3448 1199 3536 colligitur,
1226 3453 1377 3515 motivum

267 3599 470 3606 -——--—·-.—

340 3675 361 3743 ¹)
381 3675 481 3728 Scribit
499 3673 593 3728 Palma
621 3671 637 3725 l.
664 3687 684 3724 c.
715 3680 776 3740 post
804 3671 918 3726 reletsm
947 3672 1060 3739 primurn
1088 3673 1233 3728 sessionem
1257 3671 1379 3727 Consilii:

266 3756 423 3824 „Eugenius
452 3756 565 3809 dstote
589 3769 618 3808 re
642 3754 743 3808 certior
766 3753 857 3807 fectus
881 3793 887 3808 .
909 3797 914 3810 .
936 3797 942 3811 .
967 3753 1011 3806 die
1036 3753 1083 3807 18⁰
1102 3753 1256 3808 Decembris
1282 3751 1378 3822 publioo

264 3835 354 3890 edicto
365 3835 515 3890 Concilium
534 3834 694 3888 dissolutum
708 3834 885 3888 declaravit.“
918 3833 968 3888 Sed
982 3832 1110 3900 profecto,
1130 3849 1212 3900 quum
1226 3835 1269 3890 dis
1280 3833 1322 3888 18⁹
1332 3832 1376 3886 oe

264 3916 379 3970 cembris
398 3917 477 3970 Bulls
509 3915 541 3970 de
566 3913 743 3970 dissolutione
763 3913 878 3968 Concilii
910 3913 1102 3982 publicaretur,
1139 3913 1241 3970 Romae
1270 3913 1373 3968 nondun

265 3997 486 4064 cognoscebatur,
513 3995 661 4049 Concilium
681 4001 805 4061 apertum
824 4001 852 4048 et
871 3993 914 4048 dis
937 3997 982 4048 14ο
1001 3993 1155 4049 Decembris
1174 3995 1311 4050 solemnem
1327 4005 1372 4044 sss

263 4077 366 4131 sionem
391 4076 512 4130 habitem
538 4090 605 4129 esse.
643 4103 676 4113 —
716 4073 890 4128 Rohrbschsr
913 4089 965 4127 non
994 4081 1120 4127 accurate
1145 4081 1247 4140 narret,
1273 4072 1371 4142 primun

266 4155 383 4224 Eugenii
412 4155 554 4222 epistolem
583 4154 617 4207 ad
645 4152 786 4208 Julisnum
815 4153 984 4208 Cardinslem
1014 4161 1043 4207 et
1069 4153 1178 4208 Bullsur
1205 4149 1371 4208 dissolutionis

265 4238 359 4289 ecdem
380 4245 508 4303 ternpore,
537 4248 627 4288 mense
645 4233 778 4286 lanuario
806 4250 830 4287 s.
852 4234 930 4304 1432,
959 4249 1007 4301 per
1024 4233 1178 4302 episcopum
1195 4231 1370 4288 Parentium
