<?xml version="1.0" encoding="UTF-8"?>
<!DOCTYPE html PUBLIC "-//W3C//DTD XHTML 1.0 Transitional//EN"
    "http://www.w3.org/TR/xhtml1/DTD/xhtml1-transitional.dtd">
<html xmlns="http://www.w3.org/1999/xhtml" xml:lang="en" lang="en">
 <head>
  <title>
</title>
<meta http-equiv="Content-Type" content="text/html;charset=utf-8" />
  <meta name='ocr-system' content='tesseract 3.04.00' />
  <meta name='ocr-capabilities' content='ocr_page ocr_carea ocr_par ocr_line ocrx_word'/>
</head>
<body>
  <div class='ocr_page' id='page_1' title='image "./dissertationess00junggoog_0303.png"; bbox 0 0 2822 4838; ppageno 0'>
   <div class='ocr_carea' id='block_1_1' title="bbox 286 449 1140 506">
    <p class='ocr_par' dir='ltr' id='par_1_1' title="bbox 286 449 1140 506">
     <span class='ocr_line' id='line_1_1' title="bbox 286 449 1140 506; baseline 0.002 -2"><span class='ocrx_word' id='word_1_1' title='bbox 286 449 341 504; x_wconf 84' lang='grc'><strong>288</strong></span> <span class='ocrx_word' id='word_1_2' title='bbox 555 449 655 504; x_wconf 84' lang='lat' dir='ltr'>XXVI.</span> <span class='ocrx_word' id='word_1_3' title='bbox 675 451 716 505; x_wconf 91' lang='lat' dir='ltr'><strong>De</strong></span> <span class='ocrx_word' id='word_1_4' title='bbox 734 451 900 506; x_wconf 85' lang='lat' dir='ltr'><strong>Pontificatu</strong></span> <span class='ocrx_word' id='word_1_5' title='bbox 919 451 1072 506; x_wconf 84' lang='lat' dir='ltr'><strong>Innocentii</strong></span> <span class='ocrx_word' id='word_1_6' title='bbox 1091 451 1140 506; x_wconf 87' lang='lat' dir='ltr'><strong>IlL</strong></span> 
     </span>
    </p>
   </div>
   <div class='ocr_carea' id='block_1_2' title="bbox 213 592 1410 2246">
    <p class='ocr_par' dir='ltr' id='par_1_2' title="bbox 278 592 1410 1464">
     <span class='ocr_line' id='line_1_2' title="bbox 286 592 1410 680; baseline 0 -22"><span class='ocrx_word' id='word_1_7' title='bbox 286 594 328 658; x_wconf 93' lang='lat' dir='ltr'><strong>ob</strong></span> <span class='ocrx_word' id='word_1_8' title='bbox 361 593 433 680; x_wconf 89' lang='lat' dir='ltr'><strong>ejus</strong></span> <span class='ocrx_word' id='word_1_9' title='bbox 456 592 631 657; x_wconf 83' lang='lat' dir='ltr'>sublimem</span> <span class='ocrx_word' id='word_1_10' title='bbox 657 593 853 680; x_wconf 80' lang='lat' dir='ltr'><strong>dignitatem</strong></span> <span class='ocrx_word' id='word_1_11' title='bbox 886 605 918 660; x_wconf 91' lang='lat' dir='ltr'><strong>et</strong></span> <span class='ocrx_word' id='word_1_12' title='bbox 949 596 1164 660; x_wconf 76' lang='lat' dir='ltr'><strong>eminentiam</strong></span> <span class='ocrx_word' id='word_1_13' title='bbox 1193 593 1410 680; x_wconf 83' lang='lat' dir='ltr'><strong>spiritualem,</strong></span> 
     </span>
     <span class='ocr_line' id='line_1_3' title="bbox 287 689 1407 777; baseline 0.001 -22"><span class='ocrx_word' id='word_1_14' title='bbox 287 689 364 755; x_wconf 91' lang='lat' dir='ltr'><strong>duci</strong></span> <span class='ocrx_word' id='word_1_15' title='bbox 388 700 498 777; x_wconf 90' lang='lat' dir='ltr'><strong>posset</strong></span> <span class='ocrx_word' id='word_1_16' title='bbox 520 691 612 756; x_wconf 89' lang='lat' dir='ltr'><strong>haud</strong></span> <span class='ocrx_word' id='word_1_17' title='bbox 635 695 726 756; x_wconf 89' lang='lat' dir='ltr'><strong>oneri</strong></span> <span class='ocrx_word' id='word_1_18' title='bbox 751 714 831 775; x_wconf 91' lang='lat' dir='ltr'><strong>esee,</strong></span> <span class='ocrx_word' id='word_1_19' title='bbox 865 694 923 758; x_wconf 91' lang='lat' dir='ltr'><strong>sed</strong></span> <span class='ocrx_word' id='word_1_20' title='bbox 956 693 1093 758; x_wconf 88' lang='lat' dir='ltr'><strong>honori:</strong></span> <span class='ocrx_word' id='word_1_21' title='bbox 1131 693 1268 757; x_wconf 87' lang='lat' dir='ltr'><strong>fuorunt</strong></span> <span class='ocrx_word' id='word_1_22' title='bbox 1290 703 1407 774; x_wconf 88' lang='lat' dir='ltr'><strong>tamen,</strong></span> 
     </span>
     <span class='ocr_line' id='line_1_4' title="bbox 286 789 1407 878; baseline 0.001 -26"><span class='ocrx_word' id='word_1_23' title='bbox 286 791 479 874; x_wconf 85' lang='lat' dir='ltr'><strong>praesertim</strong></span> <span class='ocrx_word' id='word_1_24' title='bbox 510 789 723 876; x_wconf 79' lang='lat' dir='ltr'>subsequenti</span> <span class='ocrx_word' id='word_1_25' title='bbox 761 800 926 878; x_wconf 93' lang='lat' dir='ltr'><strong>tempore,</strong></span> <span class='ocrx_word' id='word_1_26' title='bbox 967 792 1024 878; x_wconf 91' lang='lat' dir='ltr'><strong>qui</strong></span> <span class='ocrx_word' id='word_1_27' title='bbox 1062 792 1287 856; x_wconf 88' lang='lat' dir='ltr'><strong>conditionem</strong></span> <span class='ocrx_word' id='word_1_28' title='bbox 1323 789 1407 854; x_wconf 89' lang='lat' dir='ltr'><strong>illam</strong></span> 
     </span>
     <span class='ocr_line' id='line_1_5' title="bbox 286 885 1410 976; baseline 0.003 -27"><span class='ocrx_word' id='word_1_29' title='bbox 286 885 485 952; x_wconf 87' lang='lat' dir='ltr'><strong>vasallitiam</strong></span> <span class='ocrx_word' id='word_1_30' title='bbox 508 910 606 972; x_wconf 88' lang='lat' dir='ltr'><strong>aegre</strong></span> <span class='ocrx_word' id='word_1_31' title='bbox 630 887 781 954; x_wconf 88' lang='lat' dir='ltr'><strong>ferebant</strong></span> <span class='ocrx_word' id='word_1_32' title='bbox 803 911 988 976; x_wconf 89' lang='lat' dir='ltr'><strong>parumque</strong></span> <span class='ocrx_word' id='word_1_33' title='bbox 1011 888 1164 954; x_wconf 79' lang='lat' dir='ltr'><strong>decoram</strong></span> <span class='ocrx_word' id='word_1_34' title='bbox 1180 887 1410 972; x_wconf 80' lang='lat' dir='ltr'><strong>aestimabantJ</strong></span> 
     </span>
     <span class='ocr_line' id='line_1_6' title="bbox 286 985 1410 1080; baseline 0.001 -31"><span class='ocrx_word' id='word_1_35' title='bbox 286 985 462 1050; x_wconf 90' lang='lat' dir='ltr'><strong>Tributum</strong></span> <span class='ocrx_word' id='word_1_36' title='bbox 488 1007 619 1072; x_wconf 91' lang='lat' dir='ltr'><strong>quoque</strong></span> <span class='ocrx_word' id='word_1_37' title='bbox 643 986 733 1051; x_wconf 93' lang='lat' dir='ltr'><strong>mille</strong></span> <span class='ocrx_word' id='word_1_38' title='bbox 756 1009 942 1052; x_wconf 88' lang='lat' dir='ltr'><strong>marcarum</strong></span> <span class='ocrx_word' id='word_1_39' title='bbox 965 986 1174 1073; x_wconf 73' lang='lat' dir='ltr'><strong>displicebat,</strong></span> <span class='ocrx_word' id='word_1_40' title='bbox 1198 1008 1303 1072; x_wconf 90' lang='lat' dir='ltr'><strong>eoque</strong></span> <span class='ocrx_word' id='word_1_41' title='bbox 1323 1009 1410 1080; x_wconf 42' lang='lat' dir='ltr'><strong>praes</strong></span> 
     </span>
     <span class='ocr_line' id='line_1_7' title="bbox 286 1081 1410 1198; baseline 0.003 -52"><span class='ocrx_word' id='word_1_42' title='bbox 286 1086 399 1148; x_wconf 85' lang='lat' dir='ltr'><strong>sertim</strong></span> <span class='ocrx_word' id='word_1_43' title='bbox 437 1095 586 1170; x_wconf 87' lang='lat' dir='ltr'><strong>spectare</strong></span> <span class='ocrx_word' id='word_1_44' title='bbox 626 1084 783 1150; x_wconf 88' lang='lat' dir='ltr'><strong>videntur</strong></span> <span class='ocrx_word' id='word_1_45' title='bbox 821 1085 924 1149; x_wconf 90' lang='lat' dir='ltr'><strong>verba</strong></span> <span class='ocrx_word' id='word_1_46' title='bbox 948 1084 1111 1151; x_wconf 83' lang='lat' dir='ltr'><strong>Gualterii</strong></span> <span class='ocrx_word' id='word_1_47' title='bbox 1148 1085 1189 1149; x_wconf 93' lang='lat' dir='ltr'><strong>de</strong></span> <span class='ocrx_word' id='word_1_48' title='bbox 1225 1081 1410 1198; x_wconf 38' lang='lat' dir='ltr'><strong>Coventry&#39;J&#39;</strong></span> 
     </span>
     <span class='ocr_line' id='line_1_8' title="bbox 286 1181 1410 1280; baseline -0.001 -34"><span class='ocrx_word' id='word_1_49' title='bbox 286 1182 359 1246; x_wconf 80' lang='lat' dir='ltr'><strong>Etsi</strong></span> <span class='ocrx_word' id='word_1_50' title='bbox 388 1181 425 1244; x_wconf 85' lang='lat' dir='ltr'><strong>id</strong></span> <span class='ocrx_word' id='word_1_51' title='bbox 454 1181 607 1246; x_wconf 81' lang='lat' dir='ltr'><strong>multia</strong></span> <span class='ocrx_word' id='word_1_52' title='bbox 593 1184 836 1269; x_wconf 82' lang='lat' dir='ltr'><strong>spaomias‘osam</strong></span> <span class='ocrx_word' id='word_1_53' title='bbox 864 1183 1025 1247; x_wconf 82' lang='lat' dir='ltr'><strong>videratur·</strong></span> <span class='ocrx_word' id='word_1_54' title='bbox 1048 1194 1077 1246; x_wconf 86' lang='lat' dir='ltr'><strong>at</strong></span> <span class='ocrx_word' id='word_1_55' title='bbox 1101 1205 1225 1246; x_wconf 73' lang='lat' dir='ltr'><strong>aaosrnc</strong></span> <span class='ocrx_word' id='word_1_56' title='bbox 1253 1185 1410 1280; x_wconf 54' lang='lat' dir='ltr'><strong>servibant</strong></span> 
     </span>
     <span class='ocr_line' id='line_1_9' title="bbox 278 1278 1410 1370; baseline -0.001 -27"><span class='ocrx_word' id='word_1_57' title='bbox 278 1279 580 1370; x_wconf 80' lang='lat' dir='ltr'><strong>jupum.(c.170.)</strong></span> <span class='ocrx_word' id='word_1_58' title='bbox 616 1278 809 1346; x_wconf 83' lang='lat' dir='ltr'><strong>Generatim</strong></span> <span class='ocrx_word' id='word_1_59' title='bbox 835 1291 947 1346; x_wconf 88' lang='lat' dir='ltr'><strong>tamen</strong></span> <span class='ocrx_word' id='word_1_60' title='bbox 963 1281 1096 1368; x_wconf 87' lang='lat' dir='ltr'><strong>quando</strong></span> <span class='ocrx_word' id='word_1_61' title='bbox 1111 1281 1259 1345; x_wconf 85' lang='lat' dir='ltr'><strong>Joannes</strong></span> <span class='ocrx_word' id='word_1_62' title='bbox 1274 1289 1410 1363; x_wconf 77' lang='lat' dir='ltr'><strong>regnum</strong></span> 
     </span>
     <span class='ocr_line' id='line_1_10' title="bbox 286 1375 1375 1464; baseline 0 -23"><span class='ocrx_word' id='word_1_63' title='bbox 286 1399 383 1441; x_wconf 91' lang='lat' dir='ltr'><strong>suum</strong></span> <span class='ocrx_word' id='word_1_64' title='bbox 407 1375 486 1442; x_wconf 85' lang='lat' dir='ltr'><strong>Sedi</strong></span> <span class='ocrx_word' id='word_1_65' title='bbox 510 1377 723 1463; x_wconf 88' lang='lat' dir='ltr'><strong>Apostolioae</strong></span> <span class='ocrx_word' id='word_1_66' title='bbox 746 1378 970 1444; x_wconf 82' lang='lat' dir='ltr'><strong>feudatarium</strong></span> <span class='ocrx_word' id='word_1_67' title='bbox 1004 1381 1185 1460; x_wconf 90' lang='lat' dir='ltr'><strong>constituit,</strong></span> <span class='ocrx_word' id='word_1_68' title='bbox 1216 1379 1287 1464; x_wconf 91' lang='lat' dir='ltr'><strong>ejus</strong></span> <span class='ocrx_word' id='word_1_69' title='bbox 1320 1391 1375 1442; x_wconf 87' lang='lat' dir='ltr'><strong>act</strong></span> 
     </span>
    </p>

    <p class='ocr_par' dir='ltr' id='par_1_3' title="bbox 286 1475 1381 1561">
     <span class='ocr_line' id='line_1_11' title="bbox 286 1475 1381 1561; baseline 0.001 -22"><span class='ocrx_word' id='word_1_70' title='bbox 286 1497 460 1561; x_wconf 90' lang='lat' dir='ltr'><strong>procerum</strong></span> <span class='ocrx_word' id='word_1_71' title='bbox 489 1475 672 1561; x_wconf 91' lang='lat' dir='ltr'><strong>Anglorum</strong></span> <span class='ocrx_word' id='word_1_72' title='bbox 708 1476 971 1560; x_wconf 83' lang='lat' dir='ltr'><strong>indignationem</strong></span> <span class='ocrx_word' id='word_1_73' title='bbox 1003 1499 1070 1542; x_wconf 93' lang='lat' dir='ltr'><strong>non</strong></span> <span class='ocrx_word' id='word_1_74' title='bbox 1102 1479 1224 1559; x_wconf 84' lang='lat' dir='ltr'><strong>movit,</strong></span> <span class='ocrx_word' id='word_1_75' title='bbox 1256 1476 1315 1540; x_wconf 93' lang='lat' dir='ltr'><strong>sed</strong></span> <span class='ocrx_word' id='word_1_76' title='bbox 1343 1500 1381 1540; x_wconf 89' lang='lat' dir='ltr'><strong>re</strong></span> 
     </span>
    </p>

    <p class='ocr_par' dir='ltr' id='par_1_4' title="bbox 213 1573 1410 2246">
     <span class='ocr_line' id='line_1_12' title="bbox 286 1573 1410 1661; baseline 0.002 -24"><span class='ocrx_word' id='word_1_77' title='bbox 286 1595 483 1638; x_wconf 90' lang='lat' dir='ltr'><strong>consensum</strong></span> <span class='ocrx_word' id='word_1_78' title='bbox 508 1597 547 1638; x_wconf 94' lang='lat' dir='ltr'><strong>ea</strong></span> <span class='ocrx_word' id='word_1_79' title='bbox 571 1575 605 1637; x_wconf 90' lang='lat' dir='ltr'><strong>in</strong></span> <span class='ocrx_word' id='word_1_80' title='bbox 628 1595 663 1638; x_wconf 92' lang='lat' dir='ltr'><strong>re</strong></span> <span class='ocrx_word' id='word_1_81' title='bbox 687 1576 931 1659; x_wconf 88' lang='lat' dir='ltr'><strong>praestiterunt.</strong></span> <span class='ocrx_word' id='word_1_82' title='bbox 979 1573 1145 1639; x_wconf 86' lang='lat' dir='ltr'><strong>Videntur</strong></span> <span class='ocrx_word' id='word_1_83' title='bbox 1178 1575 1286 1661; x_wconf 91' lang='lat' dir='ltr'><strong>potius</strong></span> <span class='ocrx_word' id='word_1_84' title='bbox 1311 1581 1410 1639; x_wconf 66' lang='lat' dir='ltr'><strong>atten&#39;</strong></span> 
     </span>
     <span class='ocr_line' id='line_1_13' title="bbox 286 1671 1410 1758; baseline 0.001 -23"><span class='ocrx_word' id='word_1_85' title='bbox 286 1671 374 1736; x_wconf 91' lang='lat' dir='ltr'><strong>disse</strong></span> <span class='ocrx_word' id='word_1_86' title='bbox 397 1671 440 1735; x_wconf 91' lang='lat' dir='ltr'><strong>ad</strong></span> <span class='ocrx_word' id='word_1_87' title='bbox 464 1673 558 1756; x_wconf 88' lang='lat' dir='ltr'><strong>regni</strong></span> <span class='ocrx_word' id='word_1_88' title='bbox 582 1673 792 1736; x_wconf 81' lang='lat' dir='ltr'><strong>securitatem</strong></span> <span class='ocrx_word' id='word_1_89' title='bbox 827 1682 859 1736; x_wconf 91' lang='lat' dir='ltr'><strong>et</strong></span> <span class='ocrx_word' id='word_1_90' title='bbox 883 1694 999 1758; x_wconf 87' lang='lat' dir='ltr'><strong>pacem</strong></span> <span class='ocrx_word' id='word_1_91' title='bbox 1033 1694 1133 1758; x_wconf 89' lang='lat' dir='ltr'><strong>quam</strong></span> <span class='ocrx_word' id='word_1_92' title='bbox 1164 1672 1242 1737; x_wconf 93' lang='lat' dir='ltr'><strong>inde</strong></span> <span class='ocrx_word' id='word_1_93' title='bbox 1280 1671 1410 1756; x_wconf 77' lang='lat' dir='ltr'><strong>sperar</strong></span> 
     </span>
     <span class='ocr_line' id='line_1_14' title="bbox 286 1769 1401 1856; baseline 0.004 -24"><span class='ocrx_word' id='word_1_94' title='bbox 286 1777 447 1855; x_wconf 88' lang='lat' dir='ltr'><strong>poterant,</strong></span> <span class='ocrx_word' id='word_1_95' title='bbox 473 1791 535 1833; x_wconf 90' lang='lat' dir='ltr'><strong>nec</strong></span> <span class='ocrx_word' id='word_1_96' title='bbox 558 1769 643 1833; x_wconf 88' lang='lat' dir='ltr'><strong>forte</strong></span> <span class='ocrx_word' id='word_1_97' title='bbox 667 1771 748 1856; x_wconf 91' lang='lat' dir='ltr'><strong>ipsis</strong></span> <span class='ocrx_word' id='word_1_98' title='bbox 773 1769 952 1856; x_wconf 80' lang='lat' dir='ltr'><strong>displicuit,</strong></span> <span class='ocrx_word' id='word_1_99' title='bbox 977 1769 1174 1834; x_wconf 86' lang='lat' dir='ltr'><strong>arbitrariae</strong></span> <span class='ocrx_word' id='word_1_100' title='bbox 1197 1772 1284 1854; x_wconf 91' lang='lat' dir='ltr'><strong>regis</strong></span> <span class='ocrx_word' id='word_1_101' title='bbox 1310 1770 1401 1836; x_wconf 87' lang='lat' dir='ltr'><strong>dorni</strong></span> 
     </span>
     <span class='ocr_line' id='line_1_15' title="bbox 213 1865 1402 1954; baseline 0.002 -24"><span class='ocrx_word' id='word_1_102' title='bbox 213 1943 215 1948; x_wconf 17' lang='grc' dir='ltr'><strong><em>ι</em></strong></span> <span class='ocrx_word' id='word_1_103' title='bbox 286 1867 413 1930; x_wconf 89' lang='lat' dir='ltr'><strong>nationi</strong></span> <span class='ocrx_word' id='word_1_104' title='bbox 437 1869 595 1932; x_wconf 88' lang='lat' dir='ltr'><strong>terminos</strong></span> <span class='ocrx_word' id='word_1_105' title='bbox 618 1865 751 1931; x_wconf 87' lang='lat' dir='ltr'><strong>facilius</strong></span> <span class='ocrx_word' id='word_1_106' title='bbox 774 1869 853 1953; x_wconf 94' lang='lat' dir='ltr'><strong>poni</strong></span> <span class='ocrx_word' id='word_1_107' title='bbox 877 1890 984 1954; x_wconf 90' lang='lat' dir='ltr'><strong>posse.</strong></span> <span class='ocrx_word' id='word_1_108' title='bbox 1031 1869 1227 1932; x_wconf 91' lang='lat' dir='ltr'><strong>Pontificem</strong></span> <span class='ocrx_word' id='word_1_109' title='bbox 1246 1889 1323 1932; x_wconf 86' lang='lat' dir='ltr'><strong>vero</strong></span> <span class='ocrx_word' id='word_1_110' title='bbox 1351 1891 1402 1932; x_wconf 89' lang='lat' dir='ltr'><strong>me</strong></span> 
     </span>
     <span class='ocr_line' id='line_1_16' title="bbox 285 1962 1401 2051; baseline 0.002 -23"><span class='ocrx_word' id='word_1_111' title='bbox 285 1966 348 2029; x_wconf 88' lang='lat' dir='ltr'><strong>rito</strong></span> <span class='ocrx_word' id='word_1_112' title='bbox 379 1974 568 2051; x_wconf 85' lang='lat' dir='ltr'><strong>acceptasse</strong></span> <span class='ocrx_word' id='word_1_113' title='bbox 599 1962 689 2028; x_wconf 90' lang='lat' dir='ltr'><strong>illam</strong></span> <span class='ocrx_word' id='word_1_114' title='bbox 722 1967 816 2050; x_wconf 89' lang='lat' dir='ltr'><strong>regni</strong></span> <span class='ocrx_word' id='word_1_115' title='bbox 848 1965 1061 2047; x_wconf 88' lang='lat' dir='ltr'><strong>oblationem,</strong></span> <span class='ocrx_word' id='word_1_116' title='bbox 1095 1989 1137 2030; x_wconf 89' lang='lat' dir='ltr'><strong>ex</strong></span> <span class='ocrx_word' id='word_1_117' title='bbox 1168 1966 1267 2031; x_wconf 88' lang='lat' dir='ltr'><strong>dictis</strong></span> <span class='ocrx_word' id='word_1_118' title='bbox 1302 1966 1401 2050; x_wconf 60' lang='lat' dir='ltr'><strong>colli„</strong></span> 
     </span>
     <span class='ocr_line' id='line_1_17' title="bbox 285 2061 1401 2150; baseline 0.002 -24"><span class='ocrx_word' id='word_1_119' title='bbox 285 2071 410 2148; x_wconf 83' lang='lat' dir='ltr'><strong>potest3</strong></span> <span class='ocrx_word' id='word_1_120' title='bbox 435 2086 497 2127; x_wconf 91' lang='lat' dir='ltr'><strong>nec</strong></span> <span class='ocrx_word' id='word_1_121' title='bbox 521 2061 918 2128; x_wconf 88' lang='lat' dir='ltr'><strong>defuitlnnocentiuslll</strong></span> <span class='ocrx_word' id='word_1_122' title='bbox 942 2065 1051 2129; x_wconf 83' lang='lat' dir='ltr'><strong>officio</strong></span> <span class='ocrx_word' id='word_1_123' title='bbox 1068 2087 1137 2147; x_wconf 91' lang='lat' dir='ltr'><strong>suo,</strong></span> <span class='ocrx_word' id='word_1_124' title='bbox 1162 2086 1272 2150; x_wconf 88' lang='lat' dir='ltr'><strong>regem</strong></span> <span class='ocrx_word' id='word_1_125' title='bbox 1297 2065 1401 2128; x_wconf 86' lang='lat' dir='ltr'><strong>tuend</strong></span> 
     </span>
     <span class='ocr_line' id='line_1_18' title="bbox 286 2159 949 2246; baseline 0.003 -22"><span class='ocrx_word' id='word_1_126' title='bbox 286 2182 326 2224; x_wconf 85' lang='lat' dir='ltr'><strong>ao</strong></span> <span class='ocrx_word' id='word_1_127' title='bbox 349 2159 544 2246; x_wconf 73' lang='lat' dir='ltr'><strong>protegendi</strong></span> <span class='ocrx_word' id='word_1_128' title='bbox 570 2170 684 2226; x_wconf 92' lang='lat' dir='ltr'><strong>contra</strong></span> <span class='ocrx_word' id='word_1_129' title='bbox 708 2161 949 2228; x_wconf 64' lang='lat' dir='ltr'><strong>adversarios?</strong></span> 
     </span>
    </p>
   </div>
   <div class='ocr_carea' id='block_1_3' title="bbox 127 2245 1410 2367">
    <p class='ocr_par' dir='ltr' id='par_1_5' title="bbox 127 2245 1410 2367">
     <span class='ocr_line' id='line_1_19' title="bbox 127 2245 1410 2367; baseline 0.005 -50"><span class='ocrx_word' id='word_1_130' title='bbox 127 2275 187 2367; x_wconf 46' lang='lat' dir='ltr'><strong>nepe</strong></span> <span class='ocrx_word' id='word_1_131' title='bbox 209 2276 263 2367; x_wconf 67' lang='lat' dir='ltr'><strong>mus</strong></span> <span class='ocrx_word' id='word_1_132' title='bbox 378 2259 429 2323; x_wconf 77' lang='lat'><strong>75.</strong></span> <span class='ocrx_word' id='word_1_133' title='bbox 475 2259 656 2344; x_wconf 86' lang='lat' dir='ltr'><strong>Postquam</strong></span> <span class='ocrx_word' id='word_1_134' title='bbox 679 2259 827 2324; x_wconf 87' lang='lat' dir='ltr'><strong>Joannes</strong></span> <span class='ocrx_word' id='word_1_135' title='bbox 858 2261 1072 2326; x_wconf 82' lang='lat' dir='ltr'><strong>hacreticus</strong></span> <span class='ocrx_word' id='word_1_136' title='bbox 1101 2245 1219 2346; x_wconf 89' lang='lat' dir='ltr'><strong>pacem</strong></span> <span class='ocrx_word' id='word_1_137' title='bbox 1250 2281 1327 2324; x_wconf 88' lang='lat' dir='ltr'><strong>cum</strong></span> <span class='ocrx_word' id='word_1_138' title='bbox 1354 2261 1410 2324; x_wconf 86' lang='lat' dir='ltr'><strong>Ec</strong></span> 
     </span>
    </p>
   </div>
   <div class='ocr_carea' id='block_1_4' title="bbox 0 3362 1 3921">
    <p class='ocr_par' dir='ltr' id='par_1_6' title="bbox 0 3362 1 3921">
     <span class='ocr_line' id='line_1_20' title="bbox 0 3362 1 3921; baseline 0 0"><span class='ocrx_word' id='word_1_139' title='bbox 0 3362 1 3921; x_wconf 95' lang='lat' dir='ltr'><strong> </strong></span> 
     </span>
    </p>
   </div>
   <div class='ocr_carea' id='block_1_5' title="bbox 277 2355 1410 4302">
    <p class='ocr_par' dir='ltr' id='par_1_7' title="bbox 284 2319 1410 3617">
     <span class='ocr_line' id='line_1_21' title="bbox 286 2355 1410 2445; baseline 0.001 -25"><span class='ocrx_word' id='word_1_140' title='bbox 286 2355 387 2421; x_wconf 84' lang='lat' dir='ltr'><strong>clesia</strong></span> <span class='ocrx_word' id='word_1_141' title='bbox 410 2357 494 2438; x_wconf 90' lang='lat' dir='ltr'><strong>iniit,</strong></span> <span class='ocrx_word' id='word_1_142' title='bbox 518 2355 738 2443; x_wconf 90' lang='lat' dir='ltr'><strong>Pandulphus</strong></span> <span class='ocrx_word' id='word_1_143' title='bbox 762 2358 989 2422; x_wconf 86' lang='lat' dir='ltr'><strong>transfretavit</strong></span> <span class='ocrx_word' id='word_1_144' title='bbox 1012 2369 1112 2445; x_wconf 86' lang='lat' dir='ltr'><strong>atque</strong></span> <span class='ocrx_word' id='word_1_145' title='bbox 1128 2356 1320 2443; x_wconf 89' lang='lat' dir='ltr'><strong>Philippum</strong></span> <span class='ocrx_word' id='word_1_146' title='bbox 1336 2356 1410 2422; x_wconf 86' lang='lat' dir='ltr'><strong>Gal</strong></span> 
     </span>
     <span class='ocr_line' id='line_1_22' title="bbox 284 2421 1410 2572; baseline 0.002 -55"><span class='ocrx_word' id='word_1_147' title='bbox 284 2452 349 2519; x_wconf 91' lang='lat' dir='ltr'><strong>liae</strong></span> <span class='ocrx_word' id='word_1_148' title='bbox 374 2475 486 2538; x_wconf 88' lang='lat' dir='ltr'><strong>regem</strong></span> <span class='ocrx_word' id='word_1_149' title='bbox 510 2457 648 2538; x_wconf 89' lang='lat' dir='ltr'><strong>monuit,</strong></span> <span class='ocrx_word' id='word_1_150' title='bbox 673 2478 715 2519; x_wconf 94' lang='lat' dir='ltr'><strong>ne</strong></span> <span class='ocrx_word' id='word_1_151' title='bbox 734 2456 806 2541; x_wconf 91' lang='lat' dir='ltr'><strong>jam</strong></span> <span class='ocrx_word' id='word_1_152' title='bbox 822 2455 1006 2542; x_wconf 86' lang='lat' dir='ltr'><strong>Anglorum</strong></span> <span class='ocrx_word' id='word_1_153' title='bbox 1031 2479 1102 2570; x_wconf 77' lang='lat' dir='ltr'><strong>regi</strong></span> <span class='ocrx_word' id='word_1_154' title='bbox 1092 2455 1266 2520; x_wconf 91' lang='lat' dir='ltr'><strong>bellum&#39;</strong></span> <span class='ocrx_word' id='word_1_155' title='bbox 1258 2478 1292 2519; x_wconf 79' lang='lat' dir='ltr'><strong>nn</strong></span> <span class='ocrx_word' id='word_1_156' title='bbox 1296 2421 1410 2572; x_wconf 52' lang='lat' dir='ltr'><strong>ferreti</strong></span> 
     </span>
     <span class='ocr_line' id='line_1_23' title="bbox 285 2479 1410 2668; baseline 0.004 -53"><span class='ocrx_word' id='word_1_157' title='bbox 285 2561 384 2638; x_wconf 88' lang='lat' dir='ltr'><strong>atque</strong></span> <span class='ocrx_word' id='word_1_158' title='bbox 408 2552 530 2617; x_wconf 88' lang='lat' dir='ltr'><strong>exinde</strong></span> <span class='ocrx_word' id='word_1_159' title='bbox 554 2555 655 2618; x_wconf 92' lang='lat' dir='ltr'><strong>etiam</strong></span> <span class='ocrx_word' id='word_1_160' title='bbox 678 2479 894 2619; x_wconf 89' lang='lat' dir='ltr'><strong>Innocentius</strong></span> <span class='ocrx_word' id='word_1_161' title='bbox 918 2555 970 2619; x_wconf 94' lang='lat' dir='ltr'><strong>III</strong></span> <span class='ocrx_word' id='word_1_162' title='bbox 1002 2556 1105 2619; x_wconf 87' lang='lat' dir='ltr'><strong>variis</strong></span> <span class='ocrx_word' id='word_1_163' title='bbox 1131 2553 1249 2618; x_wconf 89' lang='lat' dir='ltr'><strong>litteris</strong></span> <span class='ocrx_word' id='word_1_164' title='bbox 1282 2553 1402 2616; x_wconf 89' lang='lat' dir='ltr'><strong>ab</strong></span> <span class='ocrx_word' id='word_1_165' title='bbox 1361 2575 1410 2668; x_wconf 67' lang='lat' dir='ltr'><strong>agJ</strong></span> 
     </span>
     <span class='ocr_line' id='line_1_24' title="bbox 284 2639 1400 2738; baseline 0.001 -25"><span class='ocrx_word' id='word_1_166' title='bbox 284 2653 453 2736; x_wconf 88' lang='lat' dir='ltr'><strong>gressione</strong></span> <span class='ocrx_word' id='word_1_167' title='bbox 476 2649 619 2735; x_wconf 87' lang='lat' dir='ltr'><strong>Angliae</strong></span> <span class='ocrx_word' id='word_1_168' title='bbox 644 2639 836 2738; x_wconf 85' lang='lat' dir='ltr'><strong>Philippum</strong></span> <span class='ocrx_word' id='word_1_169' title='bbox 862 2652 1031 2718; x_wconf 89' lang='lat' dir='ltr'><strong>deterruit.</strong></span> <span class='ocrx_word' id='word_1_170' title='bbox 1077 2653 1150 2716; x_wconf 87' lang='lat' dir='ltr'><strong>Rex</strong></span> <span class='ocrx_word' id='word_1_171' title='bbox 1174 2649 1306 2718; x_wconf 85' lang='lat' dir='ltr'><strong>Galliae</strong></span> <span class='ocrx_word' id='word_1_172' title='bbox 1343 2674 1400 2738; x_wconf 83' lang='lat' dir='ltr'><strong>qur</strong></span> 
     </span>
     <span class='ocr_line' id='line_1_25' title="bbox 286 2673 1410 2896; baseline 0.002 -85"><span class='ocrx_word' id='word_1_173' title='bbox 286 2748 362 2812; x_wconf 92' lang='lat' dir='ltr'><strong>dem</strong></span> <span class='ocrx_word' id='word_1_174' title='bbox 386 2749 567 2830; x_wconf 87' lang='lat' dir='ltr'><strong>aegerrime</strong></span> <span class='ocrx_word' id='word_1_175' title='bbox 590 2747 674 2830; x_wconf 91' lang='lat' dir='ltr'><strong>tulit,</strong></span> <span class='ocrx_word' id='word_1_176' title='bbox 699 2750 789 2836; x_wconf 94' lang='lat' dir='ltr'><strong>quod</strong></span> <span class='ocrx_word' id='word_1_177' title='bbox 812 2774 832 2815; x_wconf 94' lang='lat' dir='ltr'><strong>a</strong></span> <span class='ocrx_word' id='word_1_178' title='bbox 853 2750 1016 2815; x_wconf 85' lang='lat' dir='ltr'><strong>Pontifice</strong></span> <span class='ocrx_word' id='word_1_179' title='bbox 1041 2752 1244 2836; x_wconf 87' lang='lat' dir='ltr'><strong>expugnatio</strong></span> <span class='ocrx_word' id='word_1_180' title='bbox 1268 2673 1410 2896; x_wconf 43' lang='lat' dir='ltr'><strong>Anglisd</strong></span> 
     </span>
     <span class='ocr_line' id='line_1_26' title="bbox 286 2844 1404 2934; baseline 0.002 -24"><span class='ocrx_word' id='word_1_181' title='bbox 286 2847 317 2910; x_wconf 91' lang='lat' dir='ltr'><strong>ei</strong></span> <span class='ocrx_word' id='word_1_182' title='bbox 347 2845 610 2910; x_wconf 85' lang='lat' dir='ltr'><strong>interdiceretur.</strong></span> <span class='ocrx_word' id='word_1_183' title='bbox 649 2844 716 2911; x_wconf 87' lang='lat' dir='ltr'><strong>Sed</strong></span> <span class='ocrx_word' id='word_1_184' title='bbox 743 2869 786 2911; x_wconf 89' lang='lat' dir='ltr'><strong>ex</strong></span> <span class='ocrx_word' id='word_1_185' title='bbox 809 2850 911 2913; x_wconf 89' lang='lat' dir='ltr'><strong>totius</strong></span> <span class='ocrx_word' id='word_1_186' title='bbox 935 2849 1034 2934; x_wconf 88' lang='lat' dir='ltr'><strong>hujus</strong></span> <span class='ocrx_word' id='word_1_187' title='bbox 1059 2851 1183 2934; x_wconf 88' lang='lat' dir='ltr'><strong>negotii</strong></span> <span class='ocrx_word' id='word_1_188' title='bbox 1207 2847 1318 2912; x_wconf 84' lang='lat' dir='ltr'><strong>indole</strong></span> <span class='ocrx_word' id='word_1_189' title='bbox 1344 2871 1404 2934; x_wconf 89' lang='lat' dir='ltr'><strong>per</strong></span> 
     </span>
     <span class='ocr_line' id='line_1_27' title="bbox 286 2943 1401 3032; baseline 0.001 -23"><span class='ocrx_word' id='word_1_190' title='bbox 286 2945 400 3030; x_wconf 89' lang='lat' dir='ltr'><strong>spicue</strong></span> <span class='ocrx_word' id='word_1_191' title='bbox 433 2943 607 3028; x_wconf 88' lang='lat' dir='ltr'><strong>colligitur,</strong></span> <span class='ocrx_word' id='word_1_192' title='bbox 638 2945 871 3010; x_wconf 91' lang='lat' dir='ltr'><strong>Innocentium</strong></span> <span class='ocrx_word' id='word_1_193' title='bbox 895 2947 946 3010; x_wconf 90' lang='lat' dir='ltr'><strong>III</strong></span> <span class='ocrx_word' id='word_1_194' title='bbox 974 2948 1097 3013; x_wconf 83' lang='lat' dir='ltr'><strong>exinde</strong></span> <span class='ocrx_word' id='word_1_195' title='bbox 1127 2968 1194 3012; x_wconf 92' lang='lat' dir='ltr'><strong>non</strong></span> <span class='ocrx_word' id='word_1_196' title='bbox 1218 2945 1325 3011; x_wconf 90' lang='lat' dir='ltr'><strong>solum</strong></span> <span class='ocrx_word' id='word_1_197' title='bbox 1359 2969 1401 3032; x_wconf 94' lang='lat' dir='ltr'><strong>po</strong></span> 
     </span>
     <span class='ocr_line' id='line_1_28' title="bbox 285 3042 1392 3130; baseline 0.002 -25"><span class='ocrx_word' id='word_1_198' title='bbox 285 3043 397 3122; x_wconf 92' lang='lat' dir='ltr'><strong>tuisse,</strong></span> <span class='ocrx_word' id='word_1_199' title='bbox 422 3042 479 3106; x_wconf 92' lang='lat' dir='ltr'><strong>sed</strong></span> <span class='ocrx_word' id='word_1_200' title='bbox 504 3063 562 3127; x_wconf 90' lang='lat' dir='ltr'><strong>pro</strong></span> <span class='ocrx_word' id='word_1_201' title='bbox 587 3043 696 3107; x_wconf 85' lang='lat' dir='ltr'><strong>officio</strong></span> <span class='ocrx_word' id='word_1_202' title='bbox 721 3065 779 3107; x_wconf 90' lang='lat' dir='ltr'><strong>suo</strong></span> <span class='ocrx_word' id='word_1_203' title='bbox 804 3043 958 3109; x_wconf 84' lang='lat' dir='ltr'><strong>debuisse</strong></span> <span class='ocrx_word' id='word_1_204' title='bbox 974 3045 1141 3111; x_wconf 88' lang='lat' dir='ltr'><strong>Joannem</strong></span> <span class='ocrx_word' id='word_1_205' title='bbox 1156 3065 1268 3130; x_wconf 88' lang='lat' dir='ltr'><strong>regem</strong></span> <span class='ocrx_word' id='word_1_206' title='bbox 1294 3055 1392 3108; x_wconf 86' lang='lat' dir='ltr'><strong>contr</strong></span> 
     </span>
     <span class='ocr_line' id='line_1_29' title="bbox 286 3138 1402 3225; baseline 0 -21"><span class='ocrx_word' id='word_1_207' title='bbox 286 3138 433 3225; x_wconf 89' lang='lat' dir='ltr'><strong>Philippi</strong></span> <span class='ocrx_word' id='word_1_208' title='bbox 464 3139 499 3203; x_wconf 94' lang='lat' dir='ltr'><strong>Il</strong></span> <span class='ocrx_word' id='word_1_209' title='bbox 536 3141 730 3204; x_wconf 85' lang='lat' dir='ltr'><strong>vexationes</strong></span> <span class='ocrx_word' id='word_1_210' title='bbox 768 3141 958 3208; x_wconf 87' lang='lat' dir='ltr'><strong>defendere.</strong></span> <span class='ocrx_word' id='word_1_211' title='bbox 1017 3141 1142 3209; x_wconf 88' lang='lat' dir='ltr'><strong>Omnes</strong></span> <span class='ocrx_word' id='word_1_212' title='bbox 1182 3143 1245 3205; x_wconf 88' lang='lat' dir='ltr'><strong>viri</strong></span> <span class='ocrx_word' id='word_1_213' title='bbox 1285 3143 1402 3206; x_wconf 83' lang='lat' dir='ltr'><strong>cordat</strong></span> 
     </span>
     <span class='ocr_line' id='line_1_30' title="bbox 286 3237 1410 3325; baseline 0.003 -24"><span class='ocrx_word' id='word_1_214' title='bbox 286 3237 374 3302; x_wconf 91' lang='lat' dir='ltr'><strong>illius</strong></span> <span class='ocrx_word' id='word_1_215' title='bbox 398 3239 515 3301; x_wconf 86' lang='lat' dir='ltr'><strong>aetatis</strong></span> <span class='ocrx_word' id='word_1_216' title='bbox 539 3237 788 3320; x_wconf 89' lang='lat' dir='ltr'><strong>intellexerunt,</strong></span> <span class='ocrx_word' id='word_1_217' title='bbox 822 3240 928 3304; x_wconf 91' lang='lat' dir='ltr'><strong>solum</strong></span> <span class='ocrx_word' id='word_1_218' title='bbox 962 3242 1123 3304; x_wconf 86' lang='lat' dir='ltr'><strong>motivum</strong></span> <span class='ocrx_word' id='word_1_219' title='bbox 1154 3262 1197 3304; x_wconf 91' lang='lat' dir='ltr'><strong>ex</strong></span> <span class='ocrx_word' id='word_1_220' title='bbox 1220 3261 1286 3325; x_wconf 92' lang='lat' dir='ltr'><strong>quo</strong></span> <span class='ocrx_word' id='word_1_221' title='bbox 1314 3251 1410 3314; x_wconf 76' lang='lat' dir='ltr'><strong>antes</strong></span> 
     </span>
     <span class='ocr_line' id='line_1_31' title="bbox 285 3333 1410 3452; baseline 0 -52"><span class='ocrx_word' id='word_1_222' title='bbox 285 3335 329 3400; x_wconf 87' lang='lat' dir='ltr'><strong>ad</strong></span> <span class='ocrx_word' id='word_1_223' title='bbox 359 3333 483 3399; x_wconf 91' lang='lat' dir='ltr'><strong>bellum</strong></span> <span class='ocrx_word' id='word_1_224' title='bbox 506 3333 684 3421; x_wconf 89' lang='lat' dir='ltr'><strong>Philippus</strong></span> <span class='ocrx_word' id='word_1_225' title='bbox 715 3346 872 3401; x_wconf 88' lang='lat' dir='ltr'><strong>evocatus</strong></span> <span class='ocrx_word' id='word_1_226' title='bbox 904 3347 983 3419; x_wconf 87' lang='lat' dir='ltr'><strong>crat,</strong></span> <span class='ocrx_word' id='word_1_227' title='bbox 1021 3337 1122 3402; x_wconf 88' lang='lat' dir='ltr'><strong>fuisse</strong></span> <span class='ocrx_word' id='word_1_228' title='bbox 1146 3335 1317 3401; x_wconf 87' lang='lat' dir='ltr'><strong>Ecclesiae</strong></span> <span class='ocrx_word' id='word_1_229' title='bbox 1344 3359 1410 3452; x_wconf 91' lang='lat' dir='ltr'><strong>pro</strong></span> 
     </span>
     <span class='ocr_line' id='line_1_32' title="bbox 286 3393 1410 3550; baseline 0.003 -54"><span class='ocrx_word' id='word_1_230' title='bbox 286 3433 480 3515; x_wconf 82' lang='lat' dir='ltr'><strong>tectionem3</strong></span> <span class='ocrx_word' id='word_1_231' title='bbox 520 3455 558 3497; x_wconf 91' lang='lat' dir='ltr'><strong>eo</strong></span> <span class='ocrx_word' id='word_1_232' title='bbox 583 3435 705 3498; x_wconf 90' lang='lat' dir='ltr'><strong>intuitu</strong></span> <span class='ocrx_word' id='word_1_233' title='bbox 729 3444 858 3498; x_wconf 91' lang='lat' dir='ltr'><strong>tantum</strong></span> <span class='ocrx_word' id='word_1_234' title='bbox 877 3434 1006 3521; x_wconf 89' lang='lat' dir='ltr'><strong>justum</strong></span> <span class='ocrx_word' id='word_1_235' title='bbox 1035 3435 1147 3517; x_wconf 89' lang='lat' dir='ltr'><strong>fuisse,</strong></span> <span class='ocrx_word' id='word_1_236' title='bbox 1180 3434 1261 3499; x_wconf 88' lang='lat' dir='ltr'><strong>illud</strong></span> <span class='ocrx_word' id='word_1_237' title='bbox 1288 3393 1410 3550; x_wconf 62' lang='lat' dir='ltr'><strong>bellunp</strong></span> 
     </span>
     <span class='ocr_line' id='line_1_33' title="bbox 287 3530 1376 3617; baseline 0.001 -22"><span class='ocrx_word' id='word_1_238' title='bbox 287 3552 413 3616; x_wconf 88' lang='lat' dir='ltr'><strong>parare,</strong></span> <span class='ocrx_word' id='word_1_239' title='bbox 447 3530 597 3616; x_wconf 90' lang='lat' dir='ltr'><strong>adeoque</strong></span> <span class='ocrx_word' id='word_1_240' title='bbox 630 3541 703 3617; x_wconf 90' lang='lat' dir='ltr'><strong>post</strong></span> <span class='ocrx_word' id='word_1_241' title='bbox 726 3531 982 3596; x_wconf 85' lang='lat' dir='ltr'><strong>submissionem</strong></span> <span class='ocrx_word' id='word_1_242' title='bbox 1005 3533 1147 3598; x_wconf 88' lang='lat' dir='ltr'><strong>Joannis</strong></span> <span class='ocrx_word' id='word_1_243' title='bbox 1170 3531 1247 3596; x_wconf 92' lang='lat' dir='ltr'><strong>belli</strong></span> <span class='ocrx_word' id='word_1_244' title='bbox 1274 3554 1376 3598; x_wconf 80' lang='lat' dir='ltr'><strong>causa</strong></span> 
     </span>
    </p>

    <p class='ocr_par' dir='ltr' id='par_1_8' title="bbox 277 3554 1410 4316">
     <span class='ocr_line' id='line_1_34' title="bbox 287 3554 1410 3717; baseline 0.004 -28"><span class='ocrx_word' id='word_1_245' title='bbox 287 3630 472 3694; x_wconf 88' lang='lat' dir='ltr'><strong>evanuisse</strong></span> <span class='ocrx_word' id='word_1_246' title='bbox 519 3629 609 3694; x_wconf 88' lang='lat' dir='ltr'><strong>Hinc</strong></span> <span class='ocrx_word' id='word_1_247' title='bbox 632 3629 807 3716; x_wconf 87' lang='lat' dir='ltr'><strong>Rigordus,</strong></span> <span class='ocrx_word' id='word_1_248' title='bbox 848 3629 901 3694; x_wconf 88' lang='lat' dir='ltr'><strong>vel</strong></span> <span class='ocrx_word' id='word_1_249' title='bbox 940 3632 1050 3716; x_wconf 91' lang='lat' dir='ltr'><strong>potius</strong></span> <span class='ocrx_word' id='word_1_250' title='bbox 1089 3630 1160 3717; x_wconf 89' lang='lat' dir='ltr'><strong>ejus</strong></span> <span class='ocrx_word' id='word_1_251' title='bbox 1193 3554 1410 3694; x_wconf 74' lang='lat' dir='ltr'><strong>Continuatdi</strong></span> 
     </span>
     <span class='ocr_line' id='line_1_35' title="bbox 286 3723 1383 3814; baseline 0.002 -26"><span class='ocrx_word' id='word_1_252' title='bbox 286 3723 472 3789; x_wconf 83' lang='lat' dir='ltr'><strong>Gulielmus</strong></span> <span class='ocrx_word' id='word_1_253' title='bbox 508 3726 611 3808; x_wconf 90' lang='lat' dir='ltr'><strong>Brito,</strong></span> <span class='ocrx_word' id='word_1_254' title='bbox 650 3725 779 3791; x_wconf 89' lang='lat' dir='ltr'><strong>scribit:</strong></span> <span class='ocrx_word' id='word_1_255' title='bbox 830 3725 935 3793; x_wconf 82' lang='lat' dir='ltr'><strong>Causa</strong></span> <span class='ocrx_word' id='word_1_256' title='bbox 972 3751 1052 3814; x_wconf 81' lang='lat' dir='ltr'><strong>quae</strong></span> <span class='ocrx_word' id='word_1_257' title='bbox 1089 3727 1276 3814; x_wconf 83' lang='lat' dir='ltr'><strong>Philippum</strong></span> <span class='ocrx_word' id='word_1_258' title='bbox 1311 3751 1383 3812; x_wconf 79' lang='lat' dir='ltr'><strong>repe</strong></span> 
     </span>
     <span class='ocr_line' id='line_1_36' title="bbox 286 3823 1398 3912; baseline 0.002 -27"><span class='ocrx_word' id='word_1_259' title='bbox 286 3824 520 3908; x_wconf 62' lang='lat' dir='ltr'><strong>magnanimum</strong></span> <span class='ocrx_word' id='word_1_260' title='bbox 547 3835 686 3889; x_wconf 86' lang='lat' dir='ltr'><strong>moverat</strong></span> <span class='ocrx_word' id='word_1_261' title='bbox 713 3824 758 3888; x_wconf 85' lang='lat' dir='ltr'><strong>ad</strong></span> <span class='ocrx_word' id='word_1_262' title='bbox 788 3825 856 3904; x_wconf 82' lang='lat' dir='ltr'><strong>hoc,</strong></span> <span class='ocrx_word' id='word_1_263' title='bbox 888 3835 923 3888; x_wconf 82' lang='lat' dir='ltr'><strong>at</strong></span> <span class='ocrx_word' id='word_1_264' title='bbox 953 3825 1047 3890; x_wconf 84' lang='lat' dir='ltr'><strong>vellet</strong></span> <span class='ocrx_word' id='word_1_265' title='bbox 1068 3827 1103 3889; x_wconf 82' lang='lat' dir='ltr'><strong>ia</strong></span> <span class='ocrx_word' id='word_1_266' title='bbox 1126 3823 1278 3912; x_wconf 69' lang='lat' dir='ltr'><strong>Acyllam</strong></span> <span class='ocrx_word' id='word_1_267' title='bbox 1310 3835 1398 3888; x_wconf 62' lang='lat' dir='ltr'><strong>mans</strong></span> 
     </span>
     <span class='ocr_line' id='line_1_37' title="bbox 277 3919 1410 4012; baseline 0.004 -30"><span class='ocrx_word' id='word_1_268' title='bbox 277 3919 417 4006; x_wconf 83' lang='lat' dir='ltr'><strong>fratcre,</strong></span> <span class='ocrx_word' id='word_1_269' title='bbox 440 3919 522 4006; x_wconf 86' lang='lat' dir='ltr'><strong>fuit,</strong></span> <span class='ocrx_word' id='word_1_270' title='bbox 554 3933 588 3986; x_wconf 86' lang='lat' dir='ltr'><strong>ut</strong></span> <span class='ocrx_word' id='word_1_271' title='bbox 611 3924 783 4009; x_wconf 83' lang='lat' dir='ltr'><strong>episcopos,</strong></span> <span class='ocrx_word' id='word_1_272' title='bbox 817 3925 872 4008; x_wconf 80' lang='lat' dir='ltr'><strong>qui</strong></span> <span class='ocrx_word' id='word_1_273' title='bbox 893 3922 951 3986; x_wconf 84' lang='lat' dir='ltr'><strong>dia</strong></span> <span class='ocrx_word' id='word_1_274' title='bbox 975 3947 996 3988; x_wconf 87' lang='lat' dir='ltr'><strong>a</strong></span> <span class='ocrx_word' id='word_1_275' title='bbox 1018 3922 1144 3986; x_wconf 81' lang='lat' dir='ltr'><strong>sedibus</strong></span> <span class='ocrx_word' id='word_1_276' title='bbox 1167 3923 1233 3986; x_wconf 79' lang='lat' dir='ltr'><strong>suis</strong></span> <span class='ocrx_word' id='word_1_277' title='bbox 1257 3925 1352 4012; x_wconf 78' lang='lat' dir='ltr'><strong>ejecti</strong></span> <span class='ocrx_word' id='word_1_278' title='bbox 1381 3925 1410 4004; x_wconf 71' lang='lat' dir='ltr'><strong>ia</strong></span> 
     </span>
     <span class='ocr_line' id='line_1_38' title="bbox 286 4017 1410 4102; baseline 0.002 -22"><span class='ocrx_word' id='word_1_279' title='bbox 286 4040 381 4102; x_wconf 71' lang='lat' dir='ltr'><strong>capno</strong></span> <span class='ocrx_word' id='word_1_280' title='bbox 414 4040 470 4082; x_wconf 83' lang='lat' dir='ltr'><strong>suo</strong></span> <span class='ocrx_word' id='word_1_281' title='bbox 502 4017 685 4102; x_wconf 73' lang='lat' dir='ltr'><strong>exulabant,</strong></span> <span class='ocrx_word' id='word_1_282' title='bbox 717 4021 783 4084; x_wconf 75' lang='lat' dir='ltr'><strong>asie</strong></span> <span class='ocrx_word' id='word_1_283' title='bbox 815 4021 953 4086; x_wconf 79' lang='lat' dir='ltr'><strong>ecclesiis</strong></span> <span class='ocrx_word' id='word_1_284' title='bbox 980 4023 1168 4099; x_wconf 81' lang='lat' dir='ltr'><strong>restitueret,</strong></span> <span class='ocrx_word' id='word_1_285' title='bbox 1205 4031 1241 4084; x_wconf 85' lang='lat' dir='ltr'><strong>ut</strong></span> <span class='ocrx_word' id='word_1_286' title='bbox 1270 4020 1410 4085; x_wconf 76' lang='lat' dir='ltr'><strong>divinari</strong></span> 
     </span>
     <span class='ocr_line' id='line_1_39' title="bbox 286 4116 1410 4206; baseline 0.002 -29"><span class='ocrx_word' id='word_1_287' title='bbox 286 4116 459 4194; x_wconf 80' lang='lat' dir='ltr'><strong>servitiam,</strong></span> <span class='ocrx_word' id='word_1_288' title='bbox 496 4116 580 4201; x_wconf 78' lang='lat' dir='ltr'><strong>quod</strong></span> <span class='ocrx_word' id='word_1_289' title='bbox 607 4121 680 4206; x_wconf 85' lang='lat' dir='ltr'><strong>jam</strong></span> <span class='ocrx_word' id='word_1_290' title='bbox 711 4139 774 4203; x_wconf 84' lang='lat' dir='ltr'><strong>per</strong></span> <span class='ocrx_word' id='word_1_291' title='bbox 797 4121 995 4205; x_wconf 79' lang='lat' dir='ltr'><strong>septennium</strong></span> <span class='ocrx_word' id='word_1_292' title='bbox 1017 4120 1052 4182; x_wconf 82' lang='lat' dir='ltr'><strong>ia</strong></span> <span class='ocrx_word' id='word_1_293' title='bbox 1077 4131 1145 4183; x_wconf 83' lang='lat' dir='ltr'><strong>totu</strong></span> <span class='ocrx_word' id='word_1_294' title='bbox 1168 4117 1289 4203; x_wconf 77' lang='lat' dir='ltr'><strong>Anplia</strong></span> <span class='ocrx_word' id='word_1_295' title='bbox 1312 4123 1410 4202; x_wconf 49' lang='lat' dir='ltr'><strong>cassos,</strong></span> 
     </span>
     <span class='ocr_line' id='line_1_40' title="bbox 287 4207 1410 4302; baseline 0.004 -26"><span class='ocrx_word' id='word_1_296' title='bbox 287 4223 385 4292; x_wconf 84' lang='lat' dir='ltr'><strong>cerat,</strong></span> <span class='ocrx_word' id='word_1_297' title='bbox 401 4212 531 4298; x_wconf 84' lang='lat' dir='ltr'><strong>faceret</strong></span> <span class='ocrx_word' id='word_1_298' title='bbox 553 4215 711 4294; x_wconf 78' lang='lat' dir='ltr'><strong>renovari,</strong></span> <span class='ocrx_word' id='word_1_299' title='bbox 736 4224 766 4280; x_wconf 86' lang='lat' dir='ltr'><strong>ct</strong></span> <span class='ocrx_word' id='word_1_300' title='bbox 789 4227 824 4280; x_wconf 84' lang='lat' dir='ltr'><strong>at</strong></span> <span class='ocrx_word' id='word_1_301' title='bbox 847 4217 950 4302; x_wconf 83' lang='lat' dir='ltr'><strong>ipsum</strong></span> <span class='ocrx_word' id='word_1_302' title='bbox 972 4239 1074 4302; x_wconf 80' lang='lat' dir='ltr'><strong>repam</strong></span> <span class='ocrx_word' id='word_1_303' title='bbox 1096 4217 1256 4282; x_wconf 85' lang='lat' dir='ltr'><strong>Joaaaem</strong></span> <span class='ocrx_word' id='word_1_304' title='bbox 1281 4265 1313 4286; x_wconf 88' lang='lat'><strong>..</strong></span> <span class='ocrx_word' id='word_1_305' title='bbox 1335 4267 1342 4283; x_wconf 93' lang='lat'><strong><em>.</em></strong></span> <span class='ocrx_word' id='word_1_306' title='bbox 1367 4207 1410 4300; x_wconf 70' lang='lat' dir='ltr'><strong>ecl</strong></span> 
     </span>
    </p>
   </div>
   <div class='ocr_carea' id='block_1_6' title="bbox 1386 3683 1410 3934">
    <p class='ocr_par' dir='ltr' id='par_1_9' title="bbox 1386 3683 1410 3934">
     <span class='ocr_line' id='line_1_41' title="bbox 1386 3683 1410 3934; textangle 90"><span class='ocrx_word' id='word_1_307' title='bbox 1386 3683 1410 3934; x_wconf 27' lang='grc' dir='ltr'><strong>μᾼτ-Ξᾷ</strong></span> 
     </span>
    </p>
   </div>
   <div class='ocr_carea' id='block_1_7' title="bbox 0 0 1416 4838">
    <p class='ocr_par' dir='ltr' id='par_1_10' title="bbox 0 0 1416 4838">
     <span class='ocr_line' id='line_1_42' title="bbox 0 0 1416 4838; baseline 0 0"><span class='ocrx_word' id='word_1_308' title='bbox 0 0 1416 4838; x_wconf 95' lang='lat' dir='ltr'><strong> </strong></span> 
     </span>
    </p>
   </div>
  </div>
 </body>
</html>
