2964 4838
302 407 357 461 no
483 405 610 460 XXXVI.
631 407 674 460 De
692 411 769 461 statu
789 407 927 462 Ecclesiae
945 415 1080 477 vergente
1098 409 1172 466 Sacc.
1192 408 1250 463 XV.

395 549 445 615 10.
486 547 632 616 Galeas
654 551 715 616 III.
740 551 999 634 nmo-1458).
1040 551 1081 616 V.
1097 551 1262 635 Rayuald.
1285 552 1419 616 Arsacias

304 671 334 726 u,
359 648 767 731 1455-1458;Putina,
798 649 871 713 Vita
899 647 1022 714 Collati
1035 652 1105 730 III,·
1129 650 1261 714 Aeneas
1283 648 1419 734 Sylvius,

302 747 352 810 De
376 747 518 832 Eroopa,
543 768 572 810 c.
595 745 655 820 58;
679 747 796 812 Pastor
821 747 930 812 Gouola
956 758 1010 814 etc.
1041 750 1075 816 T.
1101 749 1126 814 Ι.
1154 748 1188 812 L.
1214 747 1272 814 IV.

392 843 471 908 Post
513 853 650 909 mortem
685 844 816 910 Nicolai
852 843 1048 912 Cardinales
1084 845 1253 912 Conclave
1292 848 1421 932 ingressi

304 942 398 1008 initio
431 943 463 1005 in
488 939 720 1008 Bessarionem
752 943 943 1029 eligendum
967 946 1031 1008 visi
1057 955 1135 1008 sunt
1156 943 1336 1024 inclinare,
1369 943 1421 1008 scd
1469 979 1470 1022 p

303 1039 426 1106 dicitur
455 1038 586 1104 Alanus
624 1040 813 1106 Cardinalis
843 1041 1090 1106 Aveuioneusis
1129 1063 1185 1106 eos
1214 1064 1235 1105 a
1263 1043 1423 1128 proposito
1469 1109 1470 1128 p

303 1141 364 1204 isto
403 1157 587 1218 revocasse,
626 1159 664 1204 co
697 1138 786 1224 quod
815 1161 882 1204 non
913 1142 1117 1222 conveniret,
1156 1139 1335 1220 Graecum,
1372 1141 1423 1224 qui
1469 1137 1470 1152 ¹

303 1257 410 1322 nuper
440 1245 567 1299 tantum
600 1235 644 1300 ad
676 1239 833 1302 unionem
865 1259 941 1302 oum
966 1237 1118 1304 Ecclesia
1141 1237 1293 1302 Romana
1325 1260 1423 1302 acces·
1469 1241 1470 1246 ’

303 1345 399 1414 serat,
423 1333 615 1398 Pontificem
642 1337 851 1402 constituere.
889 1335 1024 1400 Electus
1049 1338 1150 1421 igitur
1173 1347 1223 1402 est
1239 1335 1425 1422 Alphousus
1469 1339 1470 1410 g

304 1430 492 1500 Cardinalis
530 1453 571 1496 ss.
605 1431 757 1512 Quatuor
787 1433 1044 1517 (inmaturum,
1081 1437 1216 1500 natione
1250 1435 1423 1520 Hispanus,
1469 1495 1470 1500 ,

303 1531 459 1596 Valentia
491 1527 594 1593 nobili
617 1529 688 1594 loco
712 1541 828 1613 natus,
862 1533 916 1595 vir
939 1533 1079 1618 insignis
1103 1531 1285 1598 virtutibus
1308 1531 1424 1600 multia

303 1627 441 1694 seientia
467 1625 554 1712 juris
584 1630 882 1712 eminentissimus,
918 1640 951 1694 et
981 1629 1160 1695 multarum
1191 1653 1303 1696 rerum
1335 1653 1424 1715 expe

133 1743 235 1784 erlinus
249 1739 291 1780 ¹1¹·
303 1727 425 1793 rientia
447 1724 628 1810 praeditus.
667 1727 797 1792 Nomen
821 1730 963 1814 sumpsit
980 1727 1103 1794 Calue
1115 1730 1176 1794 ΙΙΙ.
1216 1729 1302 1793 Erat
1321 1739 1423 1792 autem

302 1834 409 1890 aetate
433 1821 532 1886 valde
555 1833 743 1908 provectus,
768 1824 935 1906 videlicet,
960 1835 1043 1890 teste
1064 1849 1088 1889 s.
1106 1826 1278 1892 Antonino
1297 1847 1423 1902 ooaaro,

304 1923 471 2006 octoginta
501 1921 633 1984 circiter
655 1943 829 1986 annorum.
877 1921 942 1988 Sod
970 1945 1090 2008 magno
1119 1945 1195 1988 oum
1218 1923 1353 1988 fervore
1377 1945 1421 2006 gu·

302 2021 456 2087 bernium
479 2017 650 2082 Ecclesiae
682 2023 844 2106 suscepit,
881 2032 913 2085 et
943 2023 1122 2108 praecipue
1151 2023 1305 2086 animum
1336 2043 1417 2086 suun

302 2119 345 2184 ed
380 2115 555 2182 delendam
586 2117 771 2181 Turcarum
811 2129 844 2182 et
874 2117 980 2203 legem
1019 2127 1052 2182 et
1089 2130 1222 2203 gentem
1256 2121 1419 2184 convenit

303 2218 378 2283 Hoc
408 2215 577 2301 negotium
608 2213 685 2280 belli
709 2216 845 2299 gerendi
878 2226 993 2282 contra
1016 2217 1160 2300 Turcas,
1196 2219 1254 2304 qui
1288 2219 1422 2282 nominis

304 2314 477 2380 christiani
509 2323 604 2378 erant
625 2317 732 2398 aperti
763 2324 796 2377 et
818 2315 1090 2400 perniciosissimi
1116 2315 1243 2396 hostes,
1282 2315 1361 2380 iude
1390 2335 1423 2378 ex

303 2413 358 2480 illo
401 2423 548 2496 tempore
584 2412 699 2474 merito
734 2433 851 2476 omnes
885 2413 1064 2478 Pontifices
1104 2412 1263 2477 sollicitos
1306 2413 1424 2485 habuit,

304 2531 484 2597 eorumque
503 2507 760 2574 adscribendum
783 2521 832 2574 est
848 2511 1015 2576 continuis
1032 2509 1217 2590 conatibus,
1242 2511 1334 2598 quod
1349 2511 1425 2574 chri·

303 2615 411 2679 stiana
442 2610 581 2674 societas
611 2629 678 2670 non
703 2606 801 2692 plane
832 2607 875 2672 ab
901 2607 966 2673 illie
990 2607 1143 2673 barbaris
1173 2609 1356 2695 subjugata
1380 2612 1424 2672 sit.

303 2709 391 2776 Illud
424 2716 552 2774 tautum
591 2703 770 2770 dolendum
805 2717 892 2788 erat,
927 2706 1017 2792 quod
1051 2708 1219 2793 principes
1252 2719 1287 2770 et
1319 2706 1424 2792 pepuli

304 2809 451 2874 maxima
481 2812 574 2889 parte
598 2825 698 2868 caeca
728 2804 873 2890 quedam
905 2805 1056 2870 socordia
1087 2825 1204 2868 vocem
1229 2803 1423 2870 Pontificum

303 2906 413 2974 surdis
436 2904 621 2987 reciperent
643 2901 790 2968 auribus.
826 2903 1003 2968 Exercitus
1026 2911 1137 2966 tamen
1153 2900 1424 2969 Christianorum.

303 3003 446 3072 ducibus
470 2999 638 3083 Hunyade
671 3022 749 3084 rege
782 3001 1018 3085 Hungarorum
1052 3009 1085 3064 et
1116 3023 1142 3064 s.
1173 3001 1314 3066 Joauns
1337 2999 1424 3086 Capi

303 3111 424 3182 strano,
449 3122 479 3164 a.
499 3097 584 3164 1656
608 3099 698 3184 apud
712 3097 916 3183 Belgrcdum
940 3102 1110 3184 ingentem
1134 3097 1176 3162 ds
1190 3098 1425 3186 Turcisrcpor

303 3202 388 3266 tavit
411 3197 603 3275 victoriam,
640 3195 675 3260 in
706 3195 801 3282 cujus
832 3199 1026 3262 memoriam
1052 3194 1202 3260 Calixtus
1225 3195 1281 3260 111
1311 3197 1424 3262 festum

303 3297 463 3364 celebrari
487 3294 630 3358 instituit
653 3294 952 3378 transfigurationis
977 3293 1115 3361 Christi.
1156 3293 1233 3372 Quo
1258 3294 1358 3373 festo,
1379 3294 1425 3358 die

304 3398 341 3462 6⁰
365 3395 508 3479 Augusti
538 3413 568 3456 a.
597 3391 691 3473 1558,
724 3393 793 3476 ipse
824 3393 991 3471 Pontifex,
1027 3393 1121 3457 senio
1157 3403 1191 3455 et
1220 3393 1424 3476 aegritudine

304 3493 525 3582 quadraginta
562 3489 691 3554 dierum
730 3490 918 3573 confectus,
960 3489 1058 3572 obiit,
1102 3509 1204 3576 quum
1244 3491 1423 3556 secundum

303 3616 328 3657 s.
354 3591 562 3657 Antoninum
587 3589 754 3672 octoginta
777 3598 919 3674 quatuor
941 3600 1026 3654 esset
1045 3607 1220 3654 annorum.
1261 3587 1422 3654 Virtutum

303 3691 375 3777 ejus
398 3690 546 3754 omnium
571 3687 768 3772 scriptorum
793 3707 930 3752 oonoors
953 3701 1003 3751 est
1026 3687 1190 3750 sententia
1212 3684 1337 3752 laudis.

397 3789 447 3854 ll.
496 3785 611 3850 Plures
640 3795 752 3848 tamen
784 3786 818 3848 iu
847 3781 978 3850 Calixto
1009 3794 1170 3870 arguunt,
1215 3785 1326 3869 ipsurn
1363 3805 1424 3869 pro·

304 3887 504 3972 pinquorum
535 3881 708 3968 augendae
734 3881 950 3967 amplitudini
980 3883 1079 3947 nimis
1110 3879 1297 3960 studuisse,
1332 3895 1422 3966 atque

305 4005 372 4048 una
403 3982 457 4046 die
489 3980 572 4046 duos
603 3999 750 4044 sororum
789 3979 874 4044 filios
905 4001 997 4044 sacro
1030 3977 1259 4044 Cardiualium
1292 3977 1421 4062 collegio

304 4103 517 4166 aggregasse,
553 4080 712 4145 nimirum
748 4077 959 4142 Ludovioum
988 4077 1125 4158 Miram,
1161 4086 1194 4139 et
1229 4075 1419 4140 liudericum

304 4176 542 4260 Lenzuolium,
574 4178 646 4260 cui,
677 4197 717 4240 ac
740 4175 838 4240 Petro
863 4174 951 4240 illius
974 4175 1067 4242 fratri
1096 4171 1262 4258 gentilitia
1286 4173 1419 4256 iusignia
