2850 4834
156 1619 286 1662 Conclusio.

313 499 364 550 148
526 498 627 554 XXXI.
646 501 687 555 De
706 501 852 558 abolitione
871 503 979 558 Ordinis
998 505 1220 574 Templeriornm.

312 662 487 726 oppressus
519 643 610 722 obiit,
643 645 766 708 similes
789 646 897 712 factae
921 660 998 712 snut
1021 651 1268 736 conjecturae.¹)
1311 653 1399 714 Vitam

313 760 390 802 vero
426 741 529 824 ipsius
563 741 743 807 Clementis
775 743 805 806 V
844 743 1033 810 Ptolomeus
1066 747 1226 814 Lucensis
1265 749 1399 813 concludit

313 837 433 918 verbis,
468 840 589 924 quibus
614 838 702 904 haud
728 840 863 927 quidem
888 845 1155 928 suppressionem
1180 845 1309 911 Ordinis
1330 847 1403 910 l'en-

311 933 501 1018 plariorum,
528 936 586 1000 sed
610 937 701 1001 aliud
725 939 861 1020 factum,
887 941 975 1026 quod
1003 943 1064 1026 ipsi
1083 953 1195 1028 utpote
1212 945 1403 1008 Dominicano

311 1033 518 1118 displicebat,
544 1035 691 1099 insinuat
714 1038 814 1100 fnisse
839 1061 973 1104 causam
1000 1043 1113 1104 mortis
1136 1042 1311 1106 Pontificis.
1336 1042 1405 1118 ,Nec

311 1153 468 1216 unquam,
494 1134 618 1216 scribit,
644 1135 706 1198 fuit
722 1146 835 1220 postea
852 1160 961 1218 sanus,
987 1149 1160 1226 postquam
1184 1143 1405 1204 constitutiones

311 1241 425 1292 contra
457 1231 626 1316 religiosos
658 1233 883 1298 mendicantes
915 1237 1104 1318 renovavit,
1147 1239 1233 1302 sicut
1266 1239 1368 1301 audiri
1394 1260 1406 1298 a

311 1329 497 1392 confessore
522 1351 580 1393 sno
605 1330 670 1393 fide
695 1330 860 1416 dign0.“²)
900 1331 1074 1418 Ejusmodi
1100 1347 1208 1398 autem
1236 1336 1406 1421 conjecturis

311 1427 482 1509 inanibuS,
521 1428 709 1491 rumoribus
741 1428 794 1491 vel
825 1429 955 1493 fabellis
988 1431 1070 1495 nihil
1104 1431 1315 1497 tribuendum
1347 1455 1407 1494 esse

312 1525 408 1590 facile
434 1525 536 1590 vides.

401 1625 454 1689 ab.
504 1625 548 1688 Ut
575 1624 646 1709 jam
683 1625 783 1688 finem
828 1626 1038 1710 imponamus
1079 1625 1158 1690 hnic
1189 1629 1407 1692 Dissertation]¹

311 1727 429 1788 iterum
455 1721 627 1786 advertere
655 1721 766 1802 liccat,
799 1725 1034 1806 gravissimum
1066 1737 1311 1810 argumentum,
1342 1723 1406 1810 qual

310 1824 428 1886 nostris
453 1820 571 1884 diebus
595 1833 668 1906 post
692 1821 894 1906 publicatam
912 1819 1042 1886 Bullam
1073 1823 1140 1885 I'cn
1164 1827 1198 1888 in
1222 1825 1341 1889 excelso
1363 1825 1409 1886 eri·

309 1921 440 1986 dentius
466 1917 593 2002 claruit,
627 1921 781 1982 constitui
813 1941 871 2004 pro
896 1921 1060 1984 sententia
1085 1943 1182 2006 quam
1209 1925 1408 2010 exposuime.

307 2042 347 2082 erc
371 2019 516 2082 aniciensi
539 2039 699 2094 consensa,
724 2019 780 2080 bac
804 2019 838 2080 in
861 2043 905 2098 re,
934 2013 1102 2082 Clementis
1132 2019 1163 2082 V
1181 2021 1341 2105 Pontifici<
1362 2017 1412 2082 enei

308 2117 459 2182 Patribus
488 2117 643 2179 universis
679 2115 814 2181 Concilii
846 2119 1035 2179 oecumenici
1073 2117 1266 2182 Viennensis.
1324 2119 1410 2200 Hujus

306 2215 493 2300 argumenti
519 2216 587 2276 vim
607 2214 679 2298 jam
704 2224 818 2276 auctor
842 2213 1031 2300 praeclarus
1056 2215 1106 2300 (P.
1131 2213 1312 2300 Brunengo
1336 2215 1364 2280 S.
1379 2215 1401 2278 l.

307 2315 397 2378 hisce
430 2310 564 2377 evolvit.
612 2313 664 2376 Ex
699 2311 835 2376 historia
868 2312 964 2376 modo
992 2312 1064 2400 jam
1089 2324 1176 2377 certo
1210 2327 1346 2385 constat,
1381 2317 1385 2372 i

307 2411 441 2500 quidem
468 2421 503 2474 nt
527 2411 560 2474 id
576 2411 687 2494 negari
702 2412 835 2474 omnino
850 2433 916 2474 non
929 2413 1043 2496 possit,
1069 2410 1285 2477 abolitionem
1299 2412 1411 2479 Ordinis

305 2510 569 2596 Templariorum
603 2509 806 2576 aPoutifice
840 2508 937 2572 simul
970 2520 1069 2596 atque
1093 2510 1269 2596 episcopis,
1308 2526 1411 2574 matun

306 2609 545 2674 deliberatione
577 2605 782 2693 praehabita,
815 2617 982 2692 peractam
1016 2608 1126 2672 fuisse.
1175 2609 1268 2674 Hinc
1294 2633 1331 2674 ea
1360 2629 1411 2700 supe,

305 2709 430 2794 pressio
455 2729 521 2770 nou
547 2715 653 2791 potest
668 2705 882 2770 condemnari
900 2715 935 2768 ut
952 2705 1086 2791 injusta,
1112 2708 1191 2793 quin
1209 2709 1288 2792 quis
1309 2703 1411 2806 incidat

305 2810 339 2876 iu
365 2808 545 2874 sententias
569 2807 761 2870 temerarias
785 2816 818 2869 et
841 2807 966 2869 inanes.
1015 2804 1049 2869 Si
1075 2806 1148 2889 quis
1179 2804 1357 2870 admittere
1382 2807 1411 2864 r*

306 2912 388 2990 nuit,
414 2907 574 2974 Ordinem
597 2904 860 2988 Templariorum
886 2905 1097 2988 corruptione
1121 2900 1176 2966 illa
1200 2925 1291 2988 quae
1316 2905 1347 2966 in
1364 2899 1392 2964 (51

305 3005 471 3071 mentisV
497 3002 601 3068 Bullis
626 3002 834 3082 describitur,
859 3001 1017 3064 infectam
1038 2999 1149 3082 fuisse,
1174 3000 1233 3064 sed
1254 3000 1396 3066 conteni·¹

305 3103 511 3190 Templarios
544 3111 579 3165 nt
604 3103 758 3164 victimas
790 3103 982 3163 innocentes
1008 3097 1222 3162 succubuisse
1259 3101 1336 3164 odio
1360 3097 1403 3160 Pii

305 3205 387 3290 lippi
420 3201 573 3266 Pulchri:
614 3201 641 3264 is
678 3220 863 3284 supponere
899 3196 1057 3282 adigitur,
1094 3194 1307 3262 Clementem
1340 3198 1401 3257 l'.

307 3325 382 3366 cum
409 3304 479 3386 ipso
504 3297 666 3363 Pontifice
691 3309 795 3362 totum
815 3295 1002 3362 Concilium
1020 3295 1228 3375 Viennense‚
1257 3313 1399 3378 omnesqu

306 3401 387 3465 alios
411 3397 586 3485 praelatos,
622 3397 833 3481 inquisitores
857 3407 890 3458 et
907 3393 1050 3478 judices,
1083 3395 1140 3479 qui
1171 3415 1242 3458 non
1268 3389 1396 3458 solumi

305 3499 425 3579 Gallia,
466 3497 523 3560 sed
559 3498 594 3560 in
628 3496 730 3558 variis
763 3494 851 3557 orbis
882 3492 1056 3556 christiani
1080 3489 1279 3577 regionibus
1313 3504 1410 3579 partcn

305 3596 494 3662 habuerunt
519 3597 551 3658 in
576 3593 713 3656 ferenda
745 3592 785 3655 de
809 3591 1075 3676 'l'emplariorum
1100 3593 1340 3675 suppressione
1366 3611 1410 3652 sen

305 3697 418 3778 tentia,
453 3716 567 3758 omnes
598 3691 641 3754 ad
666 3713 768 3754 unum
793 3689 945 3754 homines
977 3689 1077 3752 fuisse
1103 3685 1294 3754 imbecilles
1319 3685 1410 3770 mentri

306 3816 345 3858 ac
370 3815 468 3856 senen
492 3790 689 3876 judicioque
721 3789 905 3871 destitutos,
939 3787 991 3852 vel
1021 3789 1109 3851 viros
1141 3784 1246 3871 plane
1273 3775 1410 3870 indigue*

306 3889 460 3956 sordidae
492 3889 660 3972 ignaviae,
700 3889 819 3971 impios
849 3897 948 3971 atque
979 3883 1142 3949 scelestos.
1190 3884 1248 3950 Ita
1273 3889 1368 3971 igitur

303 3987 499 4054 absolvatur
539 3987 678 4049 societas
714 3982 770 4048 illa
805 3983 1000 4048 bellatorum
1037 3983 1070 4045 in
1107 3980 1228 4045 habitu
1270 3985 1407 4066 religios·

305 4145 390 4158 fisa-fl·-
399 4143 520 4154 me-——a

380 4234 397 4296 ¹)
418 4233 451 4286 V.
470 4232 584 4286 Dissert.
605 4227 735 4282 XXVIII.
755 4243 780 4280 u.
802 4227 868 4286 126:
889 4222 1022 4292 Raynald.
1043 4221 1077 4276 ad
1096 4237 1119 4278 a
1140 4219 1214 4274 127?
1235 4237 1265 4278 n.
1287 4223 1328 4278 19.

378 4314 400 4384 ⁹)
419 4312 546 4366 Betucius
565 4309 648 4364 Vitae
668 4309 689 4366 I.
709 4308 753 4364 56.
