2900 4836
275 416 327 472 362
401 415 512 470 XXXV.
531 415 572 470 De
591 415 691 472 Concil
711 414 862 472 Besileensi
881 431 912 467 ac
930 414 964 468 de
983 415 1091 484 Synodo
1110 415 1278 470 Florentius.

276 581 383 640 suum,
408 561 466 644 qui
489 558 637 646 alioquin
661 561 694 626 in
720 559 797 624 solis
813 558 1003 624 Sabaudiae
1026 561 1123 623 terris
1145 558 1405 644 agnoscebatm,

110 668 215 709 &hcm
229 679 265 708 ¹⁰·
276 668 392 744 sponte
416 657 597 722 dimitteret
626 669 659 724 et
687 659 894 746 promitteret
917 655 1053 722 Nicolao
1086 655 1324 721 obedientiam.
1374 653 1397 718 li

144 731 227 780 ”lm
275 757 386 836 etiam,
410 758 468 841 qni
484 755 631 822 Felicem
648 756 678 819 V
702 757 806 820 secuti
831 765 935 836 erant,
958 753 1002 818 ad
1027 751 1253 820 obedientiam
1271 753 1405 818 Nicolai‘

275 875 310 918 se
326 863 561 920 converterunt
584 865 617 920 et
640 851 899 919 conciliabulum
925 874 1021 918 suum
1039 851 1272 918 dissolverunt.
1304 852 1402 916 Nico·

274 948 347 1014 laus
371 971 449 1014 vero
473 973 528 1016 eos
552 973 667 1017 omnes
690 953 791 1016 venia
815 951 973 1026 donavit;
1005 972 1064 1036 pro
1093 952 1187 1038 pacis
1212 959 1245 1013 et
1269 951 1409 1014 unionis.

274 1047 362 1112 bono
376 1070 394 1112 e
406 1047 614 1134 plenitudine
630 1051 800 1135 potestatis
813 1059 885 1114 rata
896 1047 1024 1130 babuit,
1050 1070 1135 1134 quae
1149 1051 1181 1112 in
1198 1047 1404 1114 Obedientia

274 1145 397 1210 Felicis
421 1169 479 1232 pro
500 1149 704 1212 contentioso
720 1157 754 1211 et
769 1149 993 1212 conscientiae
1015 1147 1086 1210 foro
1103 1147 1235 1211 fuerant
1248 1157 1404 1232 peracta;

275 1247 411 1330 eosqui
435 1244 478 1310 ab
503 1246 653 1331 Eugenio
686 1246 819 1310 fuerant
847 1245 1019 1312 beneficiis
1051 1246 1174 1331 privati
1197 1246 1351 1308 restituit
1376 1246 1404 1307 in

275 1345 459 1426 integrum
505 1344 692 1408 Amadeum
736 1366 794 1408 scu
833 1343 981 1410 Felicem
1021 1347 1149 1410 creavit
1187 1341 1405 1408 Cardinalern

275 1443 470 1528 episcopum
485 1440 704 1506 sabinensem
718 1452 750 1505 et
762 1441 907 1526 legatum
922 1441 1151 1527 Apostolicum
1169 1443 1204 1506 in
1218 1439 1405 1506 Sabaudia.

276 1539 347 1604 Has
379 1538 557 1622 dignitates
587 1542 614 1603 is
645 1539 743 1625 paulo
768 1551 842 1626 post
864 1539 1052 1620 abdicavit,
1083 1551 1116 1605 et
1138 1547 1310 1626 resumpta
1339 1543 1406 1604 vita

275 1637 421 1703 solitaria
445 1637 536 1722 apud
561 1637 737 1723 Ripaliam,
763 1663 793 1702 a.
821 1639 903 1702 1451
930 1639 1055 1703 ibidem
1081 1638 1173 1703 obiit.

365 1737 418 1801 23.
450 1735 524 1800 Hac
549 1737 677 1800 ratione
702 1737 803 1822 igitur
826 1735 971 1802 schisma
996 1735 1079 1800 illud
1105 1734 1221 1800 infelix
1250 1757 1321 1799 non
1353 1735 1408 1798 din

275 1834 423 1908 duravit;
442 1833 655 1898 vehementer
665 1841 777 1898 tamen
791 1833 979 1898 Ecclesiam
993 1831 1405 1898 exturbisBasilesnsium

275 1953 481 2011 concussam,
515 1931 783 2018 Pontificumque
813 1934 1044 1997 auctoritatem
1076 1933 1286 1996 imminutam
1325 1953 1405 1998 essa

275 2032 502 2116 unusquisque
525 2028 622 2093 facile
646 2031 773 2095 sentiet.
807 2029 954 2094 Rebellio
980 2052 1046 2094 non
1071 2051 1252 2115 paucorum
1277 2031 1406 2116 episto

274 2149 391 2212 porum
428 2139 543 2191 contra
578 2127 784 2212 Eugenium,
825 2128 904 2192 dum
943 2129 1063 2214 spiritu
1097 2127 1251 2192 factionis
1289 2131 1405 2192 omnia

275 2223 488 2310 peragebant,
523 2235 610 2289 certe
635 2226 669 2290 in
693 2225 845 2290 Ecclesia
870 2224 1048 2291 multorum
1074 2228 1203 2290 animos
1225 2225 1406 2292 turbabat:

274 2345 316 2387 ex
332 2321 462 2387 influxu
488 2323 616 2388 nefasto
637 2322 788 2410 pluribus
812 2325 961 2388 centenis
985 2324 1179 2390 clericorum
1206 2323 1405 2388 inferiorum

275 2424 340 2486 imo
365 2423 466 2485 etiam
491 2421 586 2485 laicis
601 2443 767 2503 concesso,
793 2421 940 2506 profecto
955 2421 1239 2508 perturbationem
1252 2423 1405 2507 ipsorum

274 2521 514 2606 principiorum
549 2518 589 2583 de
621 2520 855 2584 constitutione
878 2519 1050 2584 Ecclesiae
1090 2521 1197 2602 magis
1228 2523 1407 2606 magisque

273 2618 460 2703 propagari,
485 2639 619 2680 necesse
644 2627 724 2683 erat.
761 2617 807 2682 Ut
831 2638 909 2682 vero
934 2619 1039 2704 ipsius
1055 2615 1183 2702 Synodi
1200 2616 1408 2682 Basileensis

274 2717 383 2800 imago
409 2713 573 2800 quaedam
598 2713 762 2779 habeatnr
780 2715 918 2800 juvabit
942 2715 1058 2780 audire
1082 2739 1123 2781 ea
1147 2737 1232 2802 qnae
1257 2717 1293 2780 in
1322 2715 1405 2782 Con-

273 2815 444 2878 stitutione
467 2813 595 2897 Moyses
632 2816 674 2894 (a.
703 2813 802 2900 1439)
839 2813 922 2878 dicit
944 2813 1117 2900 Eugenius
1141 2813 1206 2878 IV:
1238 2813 1408 2880 Bam'leen

272 2913 364 2990 num,
389 2913 508 2996 inquit,
533 2911 728 2998 impietatem
741 2911 860 2975 dudum
871 2913 1062 3000 praecidere
1076 2915 1244 2999 coepimus,
1262 2913 1406 2998 wanda-

273 3009 397 3094 quidem
427 3007 511 3071 illud
534 3008 719 3072 Basileensc
747 3005 922 3073 Concilium
953 3019 1024 3074 lunc
1055 3008 1257 3074 intuebamur
1271 3015 1349 3100 jam
1374 3011 1406 3073 in

274 3105 476 3194 tyrannidem
493 3105 644 3192 prolabi,
677 3105 752 3169 dum
774 3103 867 3170 mulli
890 3109 987 3170 ctiam
1010 3107 1176 3192 inferioris
1204 3109 1332 3194 predere
1363 3109 1407 3171 ad

272 3201 356 3268 illud
378 3203 576 3283 veniendum,
602 3213 631 3266 et
653 3203 803 3268 standum
820 3228 885 3292 pro
910 3205 1000 3269 libito
1023 3203 1179 3287 factionis
1201 3217 1407 3292 cogerentur,⁸

273 3301 348 3365 dum
377 3299 602 3365 nonnullorum
624 3313 699 3364 vota
729 3313 759 3364 et
782 3301 912 3391 judicia
937 3303 1071 3367 diversis
1095 3303 1219 3368 artibus-5
1241 3315 1402 3389 extorque

271 3410 392 3480 rentur,
417 3397 479 3462 alii
500 3398 674 3462 mendaciis
699 3409 728 3464 et
743 3399 923 3485 fraudibus
954 3399 1196 3480 saducaeorum
1227 3401 1304 3465 dum
1337 3425 1405 3464 cen·

272 3495 518 3583 spirationibus,
557 3497 844 3586 conjurationibus,
882 3495 1072 3584 monopoliis
1109 3509 1138 3561 et
1177 3499 1405 3562 conventiculis

273 3593 381 3657 omnia
404 3593 559 3676 cederent,
585 3604 615 3658 et
635 3617 694 3679 pro
713 3591 883 3658 ambitione
893 3605 1039 3681 papatus
1053 3595 1209 3659 diuturna
1220 3598 1404 3682 protractis

273 3694 341 3779 ejus
368 3691 504 3756 Caecilii
527 3692 756 3779 quaerebatur,
786 3692 842 3756 ubi
864 3693 997 3778 denique
1028 3695 1212 3758 innumerae
1237 3697 1406 3759 nocitum.

272 3790 539 3867 inordinationes,
577 3789 798 3875 deformitates
838 3803 868 3854 et
903 3794 997 3876 quasi
1026 3793 1153 3872 infinita
1183 3793 1406 3878 patrabantur

273 3886 380 3966 mala;
413 3886 560 3972 adquae
593 3889 688 3951 etiam
721 3887 799 3952 laici
829 3899 859 3952 et
889 3889 997 3954 cleriei
1018 3891 1109 3976 infra
1142 3912 1253 3954 sacrm
1276 3887 1403 3954 ordines

273 3986 446 4062 constituti,
477 3985 673 4069 iynorantcs,
706 3988 878 4072 inexperti,
903 3985 1027 4066 discoli,
1049 3989 1193 4075 profiryi,
1226 3997 1403 4073 apostatae.

273 4081 312 4144 de
336 4081 521 4146 criminibus
545 4081 756 4162 condemnati,
789 4085 827 4148 de
851 4085 1030 4149 carceribus
1049 4083 1226 4171 firpimtcs,
1260 4083 1346 4146 nobis
1368 4095 1401 4144 at

273 4179 340 4242 auis
370 4180 585 4266 superioribus
617 4179 759 4258 rebelles,
798 4192 827 4245 et
864 4179 990 4268 reliqna
1028 4181 1209 4246 istiusmodi
1247 4180 1402 4244 bominum
