2828 4842
245 446 286 500 De
303 445 415 500 dissidio
434 460 494 500 eum
511 445 618 500 Joanna
637 445 755 514 Anglise
773 458 847 514 rege.
1062 445 1114 498 271

36 593 55 654 ir
75 589 335 676 archipraesulem
367 588 476 674 elegit.
531 589 620 654 Dein
657 610 733 653 eum
772 587 846 653 aliis
883 590 1019 674 nuntiis,
1056 589 1115 674 qui

34 688 192 752 documenta
228 687 398 753 electionis
438 685 641 767 deferebant,
686 707 745 750 sex
782 685 936 751 monachi
974 685 1115 752 Romam

33 787 95 849 nissi
122 798 202 868 sunt
233 794 272 851 nt
294 785 384 872 apud
408 783 529 850 Sedem
554 782 781 869 Apostolicam
805 782 895 848 hanc
918 783 1113 848 electionem

30 881 216 949 defenderent

90 1017 138 1082 55.
181 1017 395 1081 Innocentius
422 1015 475 1079 III
513 1015 548 1078 in
576 1013 639 1079 hac
677 1036 777 1079 causa
806 1013 1031 1079 examinanda
1053 1015 1112 1078 im·
1143 1007 1263 1052 ⁰¹⁸⁶¹²⁸”¹⁰

27 1116 113 1196 prinis
133 1114 194 1179 sibi
217 1115 389 1200 proposuit
412 1112 550 1177 definire
565 1113 823 1177 controversiam
840 1111 969 1197 dejure
984 1111 1113 1177 electio·
1157 1079 1248 1114 w*

26 1213 68 1288 nis,
88 1233 165 1297 quae
186 1213 273 1276 inter
296 1209 476 1276 monachos
499 1219 532 1274 et
555 1211 728 1296 episcopos
751 1207 926 1276 existebat.
973 1208 1114 1276 Centau·

26 1307 121 1374 dsbant
142 1311 297 1397 episcopi,
322 1307 506 1373 secundnm
530 1318 676 1372 veterem
701 1306 914 1393 disciplinam
938 1309 1114 1393 primatem

26 1427 77 1470 asse
97 1406 282 1492 eligendum
305 1407 348 1472 ab
372 1408 546 1493 episcopis,
571 1415 604 1470 et
626 1407 798 1491 episcopos
817 1405 970 1490 Angliae‚
994 1430 1014 1471 a
1038 1417 1115 1472 tem·

24 1525 81 1586 pore
101 1528 161 1590 quo
178 1504 375 1571 HenricusI
396 1504 582 1568 libertatem
608 1506 805 1568 canonicam
829 1505 1026 1585 restituerat,
1052 1504 1115 1568 suf-

23 1599 110 1686 fragiis
136 1607 204 1669 suis
233 1605 413 1690 participes
445 1603 547 1668 fuisse
571 1600 741 1666 electionis
764 1601 1006 1689 archiepiscopi
1032 1603 1116 1668 Can·

22 1703 178 1766 tunnensis.
207 1700 365 1766 Monaohi
389 1722 468 1765 vero
484 1698 708 1784 affirmabant,
733 1698 775 1764 ab
792 1701 887 1764 initio
902 1721 961 1785 per
975 1714 1117 1787 quatuor

20 1795 69 1860 fere
94 1800 222 1865 mesula
255 1799 451 1864 electionem
474 1796 718 1884 archiepiscopi
743 1794 991 1863 cantuariensis
1015 1802 1115 1884 privi-

19 1893 83 1978 legio
104 1896 252 1963 absoluto
276 1895 320 1961 ad
344 1917 378 1960 se
402 1905 584 1982 spectasse3
608 1895 673 1960 hoc
695 1895 909 1982 privilegium
934 1896 1025 1982 rejici
1049 1920 1116 1964 non

18 2013 99 2077 posse,
122 1998 202 2082 quin
226 2005 336 2080 patres
352 1992 512 2059 ecclesias
527 1992 734 2079 Anglieanae
758 2001 791 2058 et
805 1992 1001 2059 Pontificem
1025 2017 1115 2080 prae·

17 2093 181 2158 cedentium
205 2095 435 2179 responsiones
459 2091 741 2178 improbarentur3
766 2093 1015 2158 innovationem
1031 2114 1116 2179 quae

16 2189 40 2252 in
53 2189 106 2255 hac
128 2214 163 2256 re
187 2191 249 2256 sub
264 2191 532 2256 Normannorum
550 2189 776 2254 dominatione
793 2189 982 2254 introducta
997 2192 1114 2274 fuerat,

16 2291 163 2374 conjure,
197 2289 256 2353 sed
280 2291 315 2352 vi
339 2288 441 2352 fuisse
464 2287 597 2352 factam.
645 2286 692 2351 Re
716 2287 774 2351 diu
797 2297 1007 2372 pertractata,
1041 2311 1116 2354 con·

15 2384 128 2450 cultores
141 2386 394 2472 responderunt,
411 2384 624 2472 privilegium
635 2386 894 2471 praescriptione
909 2386 1115 2452 saeculorum

15 2481 204 2548 observatum
221 2507 291 2548 esse
307 2483 518 2566 servandum,
544 2494 577 2547 et
587 2483 802 2548 Innocentius
811 2483 903 2569 Papa
918 2487 1114 2550 sententiam

17 2579 39 2644 in
57 2581 199 2647 favorem
225 2581 463 2647 monachorum
487 2581 725 2667 pronuntiavit.
734 2579 759 2667 ¹)

81 2717 131 2783 56.
180 2717 261 2782 Post
282 2715 365 2780 haec
389 2715 549 2800 processit
571 2713 613 2779 ad
637 2736 780 2779 examen
804 2713 974 2779 electionis
998 2717 1115 2782 utrius·

16 2833 62 2896 qne
82 2815 166 2879 sedis
192 2813 444 2878 cantuariensis
468 2813 702 2898 competitoris.
749 2811 981 2877 Accersiverat
1003 2825 1116 2880 autem

14 2907 143 2977 Pontifex
159 2911 302 2976 Romam
326 2909 517 2998 quindecim
539 2909 718 2974 monachos
736 2907 1001 2994 Cantuarienses,
1027 2914 1116 2978 viros

14 3030 116 3092 paves,
139 3033 184 3075 ex
209 3007 331 3096 quibus
355 3010 426 3093 ipse
444 3029 565 3072 novem
583 3007 825 3092 designaverat,
850 3018 887 3072 ut
901 3009 946 3072 ita
961 3020 1115 3075 accurate

15 3105 42 3168 ie
60 3130 91 3170 re
112 3118 208 3194 gesta
232 3116 405 3174 constaret.
452 3105 575 3170 Iisdem
608 3105 790 3188 monachis,
822 3105 1009 3192 postulante
1032 3109 1115 3174 Pon·

13 3203 89 3285 titire,
122 3229 143 3270 a
176 3206 377 3270 monasterio
408 3202 526 3269 collata
550 3213 620 3267 erat
643 3202 741 3290 plena
765 3212 918 3289 potestas,
952 3216 988 3269 ut
1016 3207 1116 3271 totius
1159 3245 1162 3254 ·

14 3305 239 3368 communitatis
263 3325 397 3367 causam
421 3312 567 3387 agerent,
592 3313 633 3388 et,
657 3303 684 3366 si
705 3304 918 3388 contingeret,
944 3308 1044 3372 etiam
1061 3328 1116 3370 no·

13 3419 71 3464 van
92 3401 289 3466 electionem
314 3401 439 3466 Romae
462 3399 668 3486 perficerent.
715 3400 770 3463 Ex
793 3399 896 3466 altera
919 3424 997 3468 voro
1022 3414 1115 3490 parte

13 3497 128 3565 aderant
149 3501 240 3584 regis
263 3509 298 3562 et
321 3500 549 3585 episcoporum
574 3507 811 3584 procuratores.
842 3499 999 3564 Rationes
1015 3502 1117 3586 igitur

14 3594 42 3658 nl
62 3601 230 3684 utriusque
254 3597 349 3662 electi
371 3619 507 3662 causam
522 3605 707 3682 spectantes
723 3596 891 3661 discussae
906 3608 991 3680 sunt,
1016 3608 1115 3684 atque

15 3691 206 3760 Innocentius
231 3705 405 3782 utramque
430 3694 626 3758 electionem
650 3696 777 3760 irritam
802 3693 993 3778 declaravit,
1019 3697 1114 3782 Regi-

15 3791 81 3855 naldi
111 3794 249 3880 quidem
282 3793 491 3876 electionem,
524 3791 613 3879 quod
641 3791 737 3878 plura
769 3802 883 3858 contra
913 3815 1056 3858 canones
1080 3797 1114 3860 in

16 3887 106 3956 adem
133 3891 352 3974 accidissent3
383 3891 525 3957 Jeannis
549 3912 643 3971 vero,
676 3890 766 3976 quod
788 3889 877 3956 facta
901 3901 998 3976 esset,
1024 3901 1114 3957 ante·

19 4037 206 4056 ᾖ

70 4149 89 4209 'l
105 4149 198 4215 Vides,
225 4146 361 4203 immerito
379 4162 397 4200 a
414 4145 502 4212 Pauli,
531 4146 626 4201 Gesch.
645 4144 728 4214 Engl.
748 4145 796 4200 ΠΙ.
815 4147 840 4203 S.
860 4147 921 4214 325,
949 4147 1115 4203 sententiam

17 4219 129 4283 tarmes
147 4239 180 4284 ut
199 4229 348 4284 violentam
367 4233 396 4282 et
414 4227 588 4284 arbitrariam
606 4227 694 4296 argui.
