2964 4838
331 435 385 488 toa
534 432 659 486 XXXVI.
680 433 720 486 De
736 439 815 488 statu
833 433 969 490 Ecclesiae
987 433 1068 488 initio
1087 434 1160 492 Sacc.
1181 435 1255 489 XVI.

184 577 282 681 ffiflff
333 577 473 640 nimium
499 577 578 640 vino
602 575 734 641 deditus
758 577 867 656 fuerit,
896 579 983 642 inter
1006 576 1107 644 falsas
1129 581 1344 646 accusationes
1362 578 1416 662 raji·
1455 561 1456 570 ἵ

281 669 286 679 ’
331 673 451 739 cienda
467 684 553 738 sunt.
582 674 729 738 Maxime
752 673 942 740 laudandus
965 685 1015 740 est
1036 675 1081 742 cb
1097 675 1269 742 Ecclesiae
1291 677 1417 742 ditionem

328 773 457 836 fortiter
485 781 715 837 conservatam
746 783 779 836 et
809 781 959 854 auctam,
1000 795 1205 859 quamquam
1237 798 1257 840 a
1286 772 1419 840 nonnullis
1456 784 1457 862 l

328 893 446 956 parum
471 869 647 955 probatus,
687 869 775 956 qnod
807 873 909 936 armis
929 873 1053 956 ,magis
1076 894 1177 957 qnam
1209 883 1420 938 sacrosanctum
1456 877 1457 896 ³

328 968 524 1032 Pontificem
550 966 693 1048 deceret,
718 966 851 1033 deditus
875 991 952 1052 esea
972 969 1153 1036 videretur.
1199 971 1316 1038 Merito
1335 981 1420 1034 umen

327 1066 445 1132 scribit
466 1065 713 1130 Pallavicinus:
748 1065 912 1150 „Indulsit
933 1065 989 1132 ille
1012 1067 1150 1154 quidem
1175 1067 1310 1136 militiae
1329 1067 1423 1132 sadis

327 1185 428 1250 supra
451 1185 551 1249 quam
575 1183 660 1248 opus
683 1163 756 1244 fuit,
780 1163 824 1229 ad
844 1163 1109 1250 recuperandam
1132 1176 1166 1230 et
1189 1163 1420 1232 conservandam

330 1261 590 1326 ecclesiasticam
615 1260 787 1342 ditionem,
812 1271 845 1326 et
868 1283 968 1348 supra
983 1284 1086 1349 quam
1102 1266 1188 1330 tanti
1204 1265 1319 1348 capitis
1331 1263 1423 1326 sanci·

328 1371 431 1426 tatem
462 1359 604 1425 deceret.
651 1358 717 1424 Sed
750 1361 824 1445 quis
845 1371 913 1424 tam
944 1361 1165 1446 perfectasui
1191 1381 1323 1447 compos
1342 1361 1423 1426 estin
1457 1433 1458 1447 χ

329 1457 429 1522 rebus
452 1457 618 1541 gerendis,
644 1459 837 1542 praesertim
854 1459 896 1522 iis
910 1480 996 1543 qnae
1008 1459 1092 1524 eitra
1105 1469 1235 1524 aestum
1250 1471 1285 1526 et
1295 1461 1422 1543 impetun
1457 1469 1458 1474 ’

330 1557 401 1621 fieri
425 1565 605 1642 nequeunt,
628 1557 686 1642 qui
706 1577 881 1642 nunquam
899 1567 993 1622 extra
1008 1557 1092 1624 fines
1108 1559 1311 1624 arctissimos
1324 1556 1422 1622 honesti

329 1654 508 1720 dilabatur.
540 1703 580 1718 ..
607 1702 615 1718 .
646 1654 709 1718 Pro
743 1655 941 1740 aequisque
975 1654 1179 1740 perpendat,
1218 1677 1264 1720 an
1299 1655 1422 1739 majores

331 1761 521 1816 mereantur
551 1750 684 1816 laudem
709 1753 896 1816 cessantia
927 1775 967 1816 ac
992 1754 1087 1836 vigor
1110 1751 1203 1832 Julii,
1238 1753 1353 1839 quibus
1374 1752 1421 1836 jau

330 1851 442 1914 senior
471 1848 670 1934 posthabitis
700 1851 757 1913 otii
791 1849 974 1915 commodis
1006 1851 1257 1936 nutantiaque
1290 1849 1421 1916 laboribus

329 1969 371 2012 ac
395 1947 551 2033 periculis
574 1969 645 2012 sese
670 1947 861 2032 objectavit,
895 1957 932 2012 ut
961 1946 1107 2015 lacerum
1133 1949 1223 2014 Petri
1250 1947 1415 2034 pallinnrr

331 2046 470 2111 sarciret
498 2066 623 2131 paucos
650 2044 714 2110 sibi
747 2067 852 2110 annos
883 2044 1066 2128 gerendum
1096 2068 1156 2110 nec
1180 2055 1299 2131 postea
1320 2063 1413 2112 conat·

329 2145 462 2229 guineis
485 2142 753 2229 relinquendum,
786 2167 830 2209 an
853 2146 1012 2228 maiorem
1043 2145 1335 2229 vituperationem,
1361 2137 1418 2229 qnod

330 2262 526 2307 succensam
551 2241 662 2322 semel,
688 2263 749 2306 nec
774 2241 894 2326 injuste
920 2241 1019 2306 bilem
1042 2241 1199 2308 cohibere
1213 2245 1378 2329 nequierit,
1395 2257 1420 2300 tt

331 2340 465 2427 quando
497 2341 530 2404 in
563 2339 733 2404 flammam
772 2341 881 2406 minus
910 2340 1115 2406 moderatam
1147 2344 1328 2423 exarserit,
1354 2337 1422 2404 acuti

331 2439 552 2525 peritissimus
577 2437 720 2502 militum
744 2439 925 2522 imperator
948 2440 1064 2524 nequit
1087 2459 1219 2524 semper
1245 2437 1424 2506 exactissna

332 2535 511 2621 disciplina
534 2557 612 2600 snas
636 2537 748 2621 copias
772 2537 954 2601 coercere.“
969 2537 991 2617 ¹)

868 2961 927 3028 11.

574 3108 640 3172 Dc
665 3107 845 3175 Caracallo
868 3107 1147 3173 Lateramutet
1175 3106 1218 3170 V.

423 3285 475 3354 63.
524 3283 594 3350 Sub
618 3282 709 3348 Julio
734 3281 765 3346 Il
791 3292 955 3367 coeptum,
986 3281 1048 3345 sub
1072 3279 1185 3348 Leone
1208 3277 1243 3345 X
1268 3279 1426 3346 absolutum

332 3395 382 3452 est
399 3382 588 3450 Concilium
612 3381 861 3446 oecumenicum
879 3380 1103 3443 Lateranense
1117 3377 1164 3461 V,
1189 3377 1280 3465 quod
1304 3376 1428 3465 quamvis

333 3505 400 3552 nou
425 3504 540 3549 omnes
564 3503 620 3546 eos
644 3479 701 3565 qui
726 3475 906 3544 desiderari
932 3486 1084 3564 poterant
1106 3475 1305 3564 produxerit
1319 3475 1426 3540 fructur.

332 3581 505 3652 Ecclesiae
537 3589 649 3646 tamen
682 3577 863 3663 proficuum
897 3573 959 3638 fuit
987 3584 1057 3640 turn
1090 3585 1222 3662 propter
1254 3577 1424 3639 exstinctum

332 3681 487 3762 schisma,
518 3690 589 3742 tum
613 3685 748 3763 propter
771 3675 934 3765 firmatam
959 3671 1035 3738 fidei
1061 3671 1245 3737 doctrinam
1271 3683 1305 3738 et
1327 3689 1424 3736 morsu

331 3778 602 3848 reformationem
638 3775 815 3859 inceptam.
861 3767 981 3836 Paucis
1011 3770 1053 3834 de
1083 3792 1121 3834 eo
1152 3791 1249 3856 agere
1283 3769 1343 3833 hoc
1377 3767 1424 3830 loe

333 3877 501 3946 convenit.
528 3871 736 3940 --Occasio
768 3867 973 3934 convocandi
999 3866 1141 3934 Concilii
1163 3867 1390 3933 Lateranensis
1406 3859 1421 3918 l'

333 3977 396 4046 suit
413 3972 626 4058 congregatio
641 3965 864 4050 conciliabuli,
889 3967 976 4054 quod
993 3967 1088 4050 Pisis,
1113 3965 1293 4050 instigante
1310 3965 1427 4028 maxine

409 4225 428 4296 Ι)
449 4223 519 4280 diist..
542 4223 621 4276 Conc.
640 4218 714 4274 Trid.
733 4215 764 4274 L.
783 4216 804 4271 I.
825 4231 847 4273 c.
867 4217 891 4270 1.
