2836 4848
231 469 319 524 Lacte
337 469 468 524 Friderioi
486 471 515 524 II
534 486 594 525 oum
613 471 670 524 RR.
690 470 875 524 Pontificibus.
1064 473 1115 524 411

33 613 81 695 ipse
100 633 168 676 cum
190 615 275 696 regis
299 612 393 677 titulo
418 613 555 678 dederat
568 614 673 700 Ennio
698 614 839 678 filiosuo
856 613 967 679 notho.
1004 614 1117 678 Luxu-

32 713 79 772 riae
98 713 232 775 maxime
257 712 399 792 deditus,
429 714 619 796 impietatis,
652 712 796 777 haeresis
820 722 853 776 et
876 712 1118 776 incredulitatis

31 809 123 872 lamam
145 809 230 895 apud
254 831 394 874 coaevos
417 809 601 895 Imperator
624 811 687 875 sibi
712 812 928 874 consciverat.
955 809 1118 890 Quamvis

30 907 94 968 enin
116 917 149 970 ut
172 905 349 972 monarcha
373 906 604 973 orthodoxiam
636 929 785 972 severam
819 909 957 992 fingeret
984 918 1017 972 et
1040 930 1119 994 prae

29 1003 164 1085 referret,
195 1006 228 1068 in
257 1007 328 1068 vita
351 1007 482 1090 privata
513 1005 778 1070 incredulitatem
810 1007 955 1093 profiteri
984 1005 1118 1070 videba-

28 1115 65 1162 ur
82 1123 115 1164 ac
137 1125 222 1166 more
247 1102 487 1168 Saracenorum
511 1102 658 1168 vivebat.

92 1217 140 1281 25.
163 1217 276 1297 Quum
300 1219 403 1303 igitur
425 1230 498 1304 post
521 1219 642 1282 multas
666 1219 914 1284 exhortationes
938 1228 971 1282 et
994 1221 1129 1282 monita

25 1311 151 1378 Pontifex
174 1317 312 1398 videret,
344 1317 581 1402 Imperatorem
615 1318 657 1382 ad
683 1317 851 1382 meliorem
876 1319 1004 1402 frugem
1029 1317 1119 1382 haud

25 1415 134 1492 reverti,
168 1436 334 1478 summum
367 1425 477 1478 autem
509 1415 687 1480 diserImen
727 1417 914 1496 imminere,
953 1437 995 1480 ne
1024 1416 1114 1480 liber·

25 1521 59 1571 tas
77 1509 163 1575 Sedis
184 1512 395 1597 Apostolicae
419 1523 452 1577 et
475 1513 645 1578 Ecclesiae
670 1513 925 1593 subverteretur,
950 1523 983 1576 et
1006 1512 1118 1577 Eccle-

24 1607 73 1669 siae
93 1607 234 1673 influxus
258 1609 411 1674 salutaris
440 1611 474 1674 in
499 1614 688 1676 societatem
721 1613 854 1698 penitus
887 1611 1118 1692 destrueretur,
1130 1609 1281 1711 ruffina

24 1725 86 1768 neve
116 1707 195 1772 haec
220 1708 263 1772 ab
287 1709 489 1794 Imperatore
519 1710 561 1773 ad
591 1709 692 1774 vilem
723 1709 949 1774 conditionem
979 1709 1120 1773 ancillae
1151 1734 1269 1774 irruens.

23 1803 208 1890 redigeretur,
232 1829 318 1892 quae
342 1808 481 1870 serviret
493 1809 597 1892 ipsius
614 1807 819 1890 criminibus,
844 1816 877 1870 et
900 1808 1121 1893 despotismus

23 1899 200 1968 sultanorum
226 1905 373 1970 Orientis
397 1907 498 1968 etiam
523 1907 556 1970 in
583 1905 776 1971 Occidentis
806 1905 999 1991 regionibus
1024 1904 1122 1969 stabi-

23 1995 127 2065 liretur:
167 2025 226 2086 pro
259 2003 369 2068 officio
401 2025 460 2067 suo
492 2001 672 2088 Gregorius
703 2003 794 2068 bisce
825 2003 962 2068 obviare
998 2005 1122 2068 statuit.

22 2093 145 2162 loedere
174 2103 285 2186 itaque
309 2103 437 2187 pepigit
460 2123 535 2166 cum
560 2102 787 2167 Januensibus
819 2112 852 2166 et
880 2101 1122 2186 Longobsrdis,

22 2204 45 2256 st
63 2195 109 2260 die
132 2199 193 2261 20⁰
209 2197 319 2263 Martii
345 2201 424 2263 anni
445 2199 529 2264 1239
546 2200 784 2285 Imperatorem
800 2202 1122 2281 excommunicavit3

21 2295 155 2374 quamdiu
181 2296 243 2361 sub
268 2299 613 2362 excommunicatione
644 2307 729 2362 esset
752 2321 772 2362 a
797 2298 930 2362 vinculo
954 2297 1123 2362 fidelitatis

21 2389 146 2456 subditos
179 2393 289 2475 solvit,
323 2396 396 2459 loca
420 2405 530 2460 autem
555 2398 590 2460 in
616 2395 737 2482 quibus
767 2396 957 2462 Fridericus
989 2397 1124 2481 degeret

22 2487 173 2560 interdicto
205 2493 355 2578 subjecit.
424 2491 573 2558 CrImina
604 2493 767 2559 Friderici
798 2494 828 2558 II
861 2494 1054 2578 singillatim
1087 2495 1122 2558 iu

21 2581 89 2650 bulla
110 2592 466 2656 excommunicationis
494 2597 751 2673 recensentur.¹)
805 2592 925 2676 Lapsis
955 2590 1123 2656 nonnullis

21 2681 114 2750 diebus
138 2692 312 2754 universos
336 2689 509 2754 christiani
542 2689 631 2754 orbis
664 2689 830 2774 praesules
859 2692 1056 2771 sententiam
1087 2691 1122 2752 in

20 2777 205 2850 fridericum
246 2787 347 2851 latam
390 2787 599 2873 promulgare
635 2789 814 2872 encyclicis
849 2787 965 2851 litteris
1006 2788 1052 2864 (d.
1089 2787 1120 2854 d.

21 2879 58 2944 lb.
79 2883 215 2970 Aprilis)
242 2886 344 2970 jussit
373 2885 538 2950 Pontifex.
596 2886 636 2950 In
669 2885 801 2971 quibus,
836 2884 893 2949 ubi
921 2895 995 2971 post
1027 2885 1122 2950 collo·

19 2992 74 3040 uu
95 2983 127 3044 in
159 2982 236 3046 luce
264 2984 412 3067 ingentia
444 2983 608 3048 beneficia
638 3006 724 3070 quae
748 2983 939 3047 Fridericus
962 3007 982 3048 a
1005 2983 1122 3048 Roma·

18 3075 55 3136 uis
74 3077 288 3144 Pontificibus
311 3091 495 3166 acceperat,
520 3083 645 3146 atrocia
662 3081 786 3146 scelera
811 3084 843 3145 in
861 3093 1022 3166 concepta
1045 3104 1122 3146 ana·

18 3169 150 3242 thematis
181 3178 290 3242 forms
319 3179 471 3260 adduxit,
504 3179 652 3265 subjicit:
689 3177 772 3253 Quia
800 3202 873 3243 vero
900 3203 996 3265 super
1023 3181 1064 3244 iis
1093 3190 1123 3244 et

18 3273 236 3358 quampluribus
264 3277 340 3341 aliis
371 3277 548 3342 accessibus
571 3277 698 3363 pluries
730 3302 750 3341 α
773 3276 864 3341 uobis
894 3279 1031 3341 mamitus
1057 3301 1121 3342 cor·

18 3371 147 3436 rectioris
164 3373 320 3439 medelam
349 3397 412 3438 nou
436 3377 582 3452 sentiens,
613 3399 681 3439 oum
705 3399 834 3439 suarum
858 3376 921 3439 siat
944 3373 1052 3439 ulcera
1074 3378 1122 3440 iu·

18 3463 116 3533 durata
137 3472 313 3558 culparum,
341 3474 482 3558 quotidie
506 3474 667 3537 deteriora
690 3475 879 3536 committere
902 3495 966 3536 riou
988 3484 1121 3554 veretur,

17 3583 60 3625 tos
79 3567 148 3634 laec
172 3571 289 3656 absque
317 3567 438 3634 Christi
461 3570 581 3656 offensu
600 3572 780 3657 praeterire
794 3569 851 3633 sub
868 3570 1123 3635 dissimulatione

20 3659 128 3729 sltmius
141 3691 208 3732 mou
223 3668 373 3746 meismes,
398 3668 436 3732 de
452 3668 599 3754 fratrum
614 3680 794 3732 nostrorum
808 3668 951 3745 comalio,
976 3691 1016 3731 au
1023 3681 1122 3754 purte

20 3755 66 3822 Dei
85 3767 315 3852 omnipotentis,
349 3770 437 3855 cujus
459 3768 556 3830 uicum
579 3768 614 3830 iu
639 3768 732 3830 terris
763 3768 899 3852 gemmus
923 3765 995 3830 licet
1018 3768 1122 3831 imme·

21 3857 68 3932 riti,
89 3873 116 3923 st
137 3864 328 3928 auctoritate
352 3862 513 3928 beatorum
528 3865 618 3927 Petri
641 3874 671 3927 et
695 3863 792 3927 Pauli
807 3863 1032 3949 Apostolorum
1055 3869 1122 3952 ejus

20 3975 46 4014 sc
64 3971 175 4040 metra,
200 3963 236 4025 iu
260 3984 328 4026 eum
352 3972 381 4025 et
405 3983 509 4026 omues
526 3961 611 4039 illos,
636 3963 690 4047 qui
706 3963 740 4024 in
753 3963 941 4047 praemissis
965 3961 1013 4025 uel
1037 3962 1123 4026 olias

96 4145 213 4152 -.-·---

78 4255 96 4320 ι)
114 4256 144 4312 V.
163 4254 339 4322 Raynaldum
357 4254 391 4307 sd
410 4271 435 4310 a.
456 4255 525 4308 1239
544 4271 590 4310 nn.
610 4256 627 4307 2
646 4271 702 4320 sqq.
