2844 4840
369 503 407 558 De
426 502 557 557 electione
577 502 722 556 Clementis
741 501 774 556 Υ.
862 571 866 580 ι
1094 503 1130 559 83

31 645 157 732 Napoleo
195 668 273 710 vcro
311 643 408 712 Card.
445 646 557 711 Ursini
599 648 631 709 in
666 644 804 732 epistola
841 656 915 730 post
950 644 1130 710 Clementis

29 757 148 808 mortem
171 745 213 808 ad
237 741 431 829 Philippum
457 743 547 823 data,
581 765 646 830 qua
671 743 820 829 deplorat
843 742 1046 808 calamitates
1070 744 1130 808 Ee-

26 841 141 922 clesiae,
172 865 210 906 ea
240 845 368 906 ratione
399 841 440 905 de
472 840 633 906 electione
665 839 845 906 Clementis
875 841 1030 928 loquitur,
1065 864 1131 928 qne

25 939 102 1024 loqui
127 940 210 1004 haud
235 942 408 1025 potuisset,
442 941 468 1004 ei
501 942 570 1025 ipse
594 949 645 1022 (ut
668 950 768 1024 eaput
791 940 944 1005 fectionis
968 939 1130 1020 Gallicae)

24 1041 51 1101 in
67 1059 164 1122 prava
179 1038 324 1124 quadem
343 1037 404 1101 hac
421 1037 463 1102 de
479 1059 512 1102 re
530 1039 753 1123 negotiatione
770 1037 958 1123 implicatus
974 1036 1131 1121 fuisset.¹)

23 1136 126 1200 Simile
148 1148 381 1221 argumentum
405 1139 528 1221 petitur
550 1157 591 1200 ex
607 1136 746 1221 epistola
761 1135 950 1216 Clementis,
975 1135 1006 1200 d.
1021 1134 1053 1199 d.
1068 1135 1131 1200 HI.

23 1233 146 1300 hiOet.
168 1257 189 1298 a
218 1234 313 1314 1305,
337 1233 380 1298 ed
395 1233 586 1319 Philippum
612 1255 733 1318 regem,
758 1255 824 1320 qua
847 1255 924 1298 eum
948 1243 1069 1312 mouet,
1094 1243 1131 1296 ut

21 1353 76 1395 non
100 1355 195 1417 aegre
218 1333 313 1412 ferat,
338 1332 426 1416 quod
451 1332 630 1396 solemnem
655 1333 882 1416 acceptionem
906 1331 1077 1396 electionis
1100 1331 1130 1394 ei

20 1433 334 1515 consignificaverit.
362 1430 401 1494 ln
415 1451 468 1494 ea:
489 1421 725 1512 ,Consensun'n
738 1430 863 1511 scribit,
876 1429 1028 1494 electioni
1042 1449 1131 1513 pree·

18 1529 96 1592 ictae
120 1529 309 1592 solemniter
331 1537 363 1591 et
383 1526 525 1613 publice,
550 1530 629 1592 licet
650 1530 745 1592 intuiti
767 1551 804 1591 oc
819 1527 925 1592 aeoliis
948 1528 1063 1591 deuicti
1084 1528 1131 1590 in·

16 1628 151 1708 aranee,
181 1627 404 1712 praestitimus
435 1626 486 1690 IX
516 1626 590 1691 Kal.
616 1627 723 1709 Aug.“
777 1625 951 1705 Quomodo
976 1625 1131 1710 Philippo

19 1723 92 1788 hacc
123 1726 268 1788 scribere
301 1727 469 1808 potuisset,
505 1725 531 1788 si
562 1747 601 1788 ea
629 1747 713 1810 quoe
746 1723 934 1788 referuntur
962 1747 982 1786 a
1006 1722 1131 1786 Villani

16 1822 227 1907 interregem
252 1833 285 1884 et
308 1823 417 1907 ipsum
445 1823 725 1888 intervenissent?
750 1861 793 1869 -
817 1823 855 1886 3⁰
878 1820 1004 1885 Electio
1029 1818 1132 1884 nulla·

17 1933 119 2001 tenus,
162 1921 208 1982 uti
240 1919 364 1983 Villani
400 1919 515 2002 refert,
555 1920 643 1985 facta
673 1922 897 1984 transactione
928 1919 1132 1983 unanimiter

12 2017 124 2082 effecta
149 2030 207 2082 est.
252 2015 328 2098 Sed,
354 2019 401 2081 uti
425 2019 625 2082 documenta
649 2017 836 2097 ostendunt,
862 2039 904 2080 ex
929 2019 1014 2081 votis
1039 2017 1132 2102 quin·

16 2113 114 2180 decim
143 2114 371 2180 cardinalium
396 2117 430 2180 in
455 2116 616 2181 Conelovi
641 2118 876 2202 praesentium,
905 2115 991 2179 facto
1015 2113 1131 2178 ultimo

10 2215 167 2278 scrutinio
192 2211 344 2278 Clemens
374 2213 518 2278 obtinuit
548 2213 674 2296 decem,
704 2213 854 2300 adeoque
878 2233 1052 2278 numerum
1077 2233 1132 2276 vo-

12 2323 111 2375 torum
146 2313 259 2375 stricte
291 2314 523 2378 necessarium.
570 2313 666 2378 Tune
696 2313 813 2399 reliqui
843 2313 991 2398 quinque
1017 2309 1131 2376 Cardi-

13 2409 95 2474 neles
128 2409 373 2492 dissentientes,
405 2413 491 2474 inter
514 2432 596 2496 quos
626 2411 690 2474 fuit
713 2433 745 2475 v.
769 2432 799 2494 g.
825 2409 972 2476 Jacobus
995 2408 1132 2494 Stepha-

11 2509 131 2588 neschi,
167 2519 387 2588 accesserunt,
419 2510 608 2594 pariterque
632 2519 772 2594 quatuor
797 2506 990 2573 Cardinales
1016 2507 1132 2574 absen-

11 2622 61 2670 tes.
94 2643 135 2654 -
172 2606 211 2668 4⁰
238 2605 482 2690 Argumentum
522 2619 685 2692 postremo
723 2609 980 2694 peremptorium
1018 2619 1132 2674 contra

10 2705 93 2769 illam
126 2706 354 2770 narrationem
388 2727 426 2770 eo
458 2708 654 2788 continetur,
685 2705 775 2792 quod
805 2705 977 2770 evidenter
1000 2705 1133 2771 demon·

7 2806 98 2868 errari
137 2813 266 2889 petest,
304 2803 525 2868 Bertrandum
560 2803 834 2888 Burdigalensem
869 2806 1062 2890 episcopum
1101 2815 1134 2869 et
1168 2813 1174 2830 ⁸

9 2925 113 2986 regem
149 2899 346 2986 Philippum
376 2911 524 2987 tempore
556 2901 622 2984 illo,
656 2904 709 2966 eui
745 2904 924 2986 negotiatio
949 2904 1132 2966 necessario

7 2997 233 3065 adscribenda
255 2998 348 3080 foret,
372 3019 438 3062 non
463 3001 606 3085 potuisse
630 2999 673 3064 ad
696 2999 865 3066 abbatiam
890 3023 915 3065 s.
932 3000 1074 3066 Joannis
1097 3002 1132 3064 in

74 3252 96 3316 ¹)
117 3246 313 3314 „Meminimus
332 3263 387 3310 nos,
407 3247 509 3312 scribit,
528 3263 575 3301 sex
588 3247 724 3302 mensibus
750 3247 833 3302 fuisse
851 3248 879 3302 in
899 3263 1004 3302 earcere
1018 3249 1132 3314 Perusii‚

7 3333 30 3384 in
48 3347 100 3398 quo
120 3329 201 3383 solus
220 3327 292 3382 Dens
310 3327 388 3382 novit
406 3343 466 3381 cnm
485 3327 596 3394 quantis
616 3327 744 3394 periculis
763 3328 879 3395 corporis
898 3335 927 3382 ct
945 3328 1133 3384 sollicitudini·

7 3413 48 3466 bns
66 3411 161 3466 cordis
184 3407 293 3462 exstitit
311 3407 472 3474 laboratum,
490 3415 519 3462 et
537 3407 640 3474 reliqui
657 3407 765 3462 domum
784 3423 869 3462 meam
888 3408 968 3464 solito
984 3415 1017 3464 ut
1030 3425 1133 3477 possem

7 3491 98 3546 habere
125 3487 292 3544 Pontificem
316 3487 349 3542 de
373 3503 466 3556 regno,
494 3487 604 3554 cupiens
629 3487 688 3556 regi
708 3493 737 3541 et
755 3503 840 3556 regno
864 3503 922 3542 esse
941 3489 1085 3556 provisum,
1104 3496 1133 3544 et

7 3589 119 3642 sperans,
151 3567 227 3637 quod
251 3567 411 3635 quicumque
435 3569 508 3636 regis
527 3574 685 3634 sequeretur
708 3568 857 3630 consilium,
885 3567 977 3622 urbem
996 3574 1024 3622 et
1043 3567 1133 3623 orbem

7 3653 65 3707 bene
85 3655 207 3720 regeret
224 3655 254 3702 et
272 3647 419 3702 Ecclesiam
433 3647 603 3710 ,resonuerat
629 3647 667 3700 Et
685 3648 811 3714 qnoniam
830 3663 889 3702 curu
907 3648 1000 3702 multis
1019 3648 1133 3702 cautelis

7 3734 96 3802 quibus
126 3729 272 3801 potuimus
300 3727 370 3782 hunc
394 3727 441 3795 qni
469 3726 584 3781 decessit
608 3727 753 3796 elegimus.
782 3741 830 3795 per
857 3743 935 3794 qoem
963 3728 1133 3784 credebamus

7 3829 114 3882 regnum
142 3815 177 3866 et
200 3823 293 3877 regem
311 3808 455 3877 magnilica
478 3807 620 3862 exaltasse.
658 3807 717 3868 Sed,
743 3807 911 3876 prohdolor,
936 3825 1014 3864 versa
1037 3819 1079 3863 est
1105 3810 1133 3862 in
1230 3829 1235 3836 ·

7 3893 101 3948 luctum
121 3889 239 3946 cithare
257 3895 357 3942 nostra.
378 3929 384 3942 .
403 3933 408 3942 .
428 3930 434 3944 .
454 3887 513 3941 Hoc
530 3887 615 3941 solum
634 3887 826 3942 consolationis
844 3887 925 3942 bubni
944 3885 1016 3942 inter
1034 3889 1133 3950 doloris

7 3975 112 4033 eniens.
144 3968 247 4026 mortis
266 3970 364 4023 mentis
382 3974 412 4023 et
429 3967 554 4036 corporis,
573 3968 643 4034 quod
662 3968 720 4037 ejus
740 3967 870 4023 electione
889 3985 942 4023 non
961 3969 1014 4023 nisi
1035 3969 1084 4023 Dei
1103 3977 1131 4022 ct

7 4057 71 4124 regis
90 4061 122 4108 et
142 4049 230 4119 regni
251 4047 429 4120 monerent),
448 4063 527 4116 quem
545 4063 628 4102 unum
647 4048 755 4113 credidi,
774 4047 971 4103 intendebam.“
994 4079 1025 4088 -
1046 4049 1133 4117 Nepo-

7 4133 82 4190 lemis
111 4133 150 4188 de
172 4129 281 4185 Ursinis
300 4128 453 4184 Cardinelis
477 4128 593 4196 epistola
620 4129 655 4183 ad
674 4127 827 4198 Philippum
852 4143 945 4198 regem
969 4128 1134 4184 Francorum

7 4215 129 4268 metatu
151 4209 295 4266 Ecclesiae
313 4215 374 4278 post
392 4209 495 4264 obitum
514 4209 661 4264 Clementis
680 4210 712 4264 V.
732 4241 766 4250 -
784 4211 835 4280 Ap.
850 4209 940 4266 Balut.
960 4209 1042 4264 Vitae
1054 4209 1133 4265 Pout

7 4297 131 4354 iconion,
154 4289 189 4345 Τ.
211 4288 250 4343 11.
270 4304 295 4357 p.
315 4288 375 4346 ¹289.

993 4378 1026 4432 6*
