3000 4838
424 460 464 515 De
481 460 627 516 donatione
645 460 826 516 Constantini.
1153 459 1186 512 31

85 602 151 666 dam
173 603 353 668 donationis
378 601 587 690 Constantini
617 607 652 668 in
676 625 714 669 eo
739 606 917 670 invenitur.
963 603 1099 669 Invehit
1121 602 1185 668 Im·
1203 604 1296 646 (ΝΜ
1309 604 1347 645 ¹¹1

83 715 199 785 perator
228 703 262 766 in
294 703 477 766 anteriores
499 701 687 782 Pontifices,
724 702 814 788 quod
836 701 994 766 acclesiae
1017 701 1187 766 Romanae

83 796 158 862 bona
179 809 211 862 et
232 801 455 885 possessiones
471 798 740 885 dilapidaverint,
766 798 844 865 dein
859 821 938 864 vero
954 800 1090 886 quidam
1104 798 1188 863 Pon-

82 897 193 962 tificum
224 920 261 962 eo
293 895 504 980 tetenderint,
537 909 572 962 ot
598 901 772 962 mamaeam
792 909 917 984 portem
938 899 1066 984 imperii
1087 897 1190 961 nostri

81 992 261 1079 apoculotui
287 1017 345 1058 sao
379 1000 608 1085 coajaapereat.
657 995 804 1061 Conatus
837 999 915 1060 istos
945 997 1187 1083 perstringens:

1218 667 1327 720 diplom.

83 1093 158 1155 Haec
186 1105 259 1157 areat
290 1095 390 1172 euim,
426 1095 548 1180 inquit,
587 1106 759 1158 commeato
792 1094 832 1158 ab
856 1094 924 1158 illis
946 1095 1026 1180 ipsis
1049 1094 1188 1170 invento,

80 1189 179 1275 pedm
207 1191 374 1256 Jolsaaaee
405 1191 571 1256 Diaconos
605 1203 802 1278 cognomento
842 1194 1012 1277 digitorum
1049 1188 1188 1269 maalon,

76 1299 267 1374 praeceptam
289 1290 397 1353 aureis
420 1287 535 1353 litteris
559 1291 688 1376 scripsit
711 1291 766 1354 aad
791 1288 882 1354 titulo
898 1291 1012 1374 Magni
1037 1287 1189 1356 Constan-

80 1386 140 1466 tini,
162 1385 257 1472 longo
279 1386 438 1450 mendacii
462 1398 603 1474 tempora
620 1387 728 1472 fiaait.
736 1388 759 1469 ¹)
790 1385 826 1452 Si
849 1386 912 1452 hoc
936 1387 1083 1474 diploma
1099 1387 1189 1453 Otto-

79 1484 124 1546 nis
143 1487 326 1568 genuinum
348 1494 407 1566 est,
432 1505 473 1547 ex
497 1507 535 1549 eo
560 1485 695 1571 quidem
713 1486 862 1568 infertur,
887 1507 925 1549 eo
941 1496 1089 1570 tempore
1106 1481 1189 1549 Con·

78 1583 200 1645 stamini
225 1582 429 1646 donationem
444 1582 568 1648 Romae
593 1594 705 1648 notam
729 1583 841 1664 fuisse,
866 1583 1055 1648 Johannem
1080 1582 1188 1646 diaco·

79 1701 147 1742 num
176 1679 296 1744 litteris
338 1681 447 1743 aureis
483 1679 630 1766 diploma
661 1681 889 1767 descripsisse,
932 1680 1079 1767 illudque
1118 1700 1189 1766 pro-

78 1775 203 1842 ductum
242 1788 275 1842 et
310 1787 479 1842 ostensum
516 1779 635 1860 fuisse,
678 1779 736 1844 sed
769 1779 811 1844 ab
852 1779 1055 1865 Imperatore
1089 1779 1189 1864 rejeo-

77 1888 137 1940 tum
160 1887 197 1940 ut
221 1878 382 1962 spurium.
428 1875 494 1942 Sed
519 1877 560 1942 de
583 1879 690 1964 prima
714 1879 841 1962 origine
866 1878 1067 1958 documenti,
1099 1875 1189 1962 quod

77 1985 152 2037 certe
169 1975 245 2060 jam
270 1972 379 2038 medio
404 1973 535 2040 saeculo
559 1995 646 2040 nono
671 1976 844 2059 existebat,
869 1998 913 2040 ex
935 1974 986 2039 his
1010 1974 1095 2039 nihil
1118 1995 1187 2037 eru·

78 2073 142 2137 itur.
172 2070 362 2152 Caeterum,
386 2083 496 2137 utrum
521 2072 604 2138 illud
621 2072 768 2159 diploma
783 2072 915 2140 Ottonis
929 2073 982 2137 III
1004 2073 1187 2158 genuinum

77 2171 119 2250 sit,
141 2170 264 2234 eruditi
289 2169 499 2236 dissentiunt.
546 2170 711 2236 Baronius
744 2194 820 2237 cum
845 2169 995 2258 pluribus
1018 2171 1092 2235 aliis
1114 2192 1189 2255 spu·

78 2269 149 2332 rium
174 2289 247 2332 esse
271 2276 385 2332 censet
407 2266 470 2332 hoc
487 2267 683 2356 diplomaff)
706 2268 802 2334 Perta
827 2270 848 2334 l.
864 2293 892 2336 c.
911 2270 1094 2354 genuinum
1118 2287 1188 2331 esse

82 2367 253 2447 existimat,
296 2366 448 2450 variique
484 2376 636 2430 auctores
670 2369 701 2430 ai
740 2365 994 2454 adstipulantur.
1047 2364 1189 2429 Videtur

79 2475 152 2528 aare
180 2466 314 2546 mirum,
351 2463 441 2549 quod
469 2461 546 2529 Otto
571 2462 623 2528 111
661 2465 706 2528 ita
737 2463 925 2551 loqueretur
957 2463 999 2528 de
1030 2462 1189 2527 ecclesiae

77 2557 236 2626 Romanae
265 2559 529 2647 possessionibus
561 2583 600 2624 aa
631 2561 673 2626 de
697 2562 794 2627 modo
818 2561 939 2647 agendi
964 2561 1189 2625 Romanorum

75 2655 276 2741 Pontificum,
301 2679 406 2745 quum
430 2658 501 2743 ejus
516 2679 601 2722 avus
617 2658 727 2724 Ottol
751 2659 889 2723 solemni
915 2658 1093 2745 diplomate
1117 2680 1189 2744 pos·

75 2759 227 2823 sessiones
266 2755 487 2842 amplissimas
526 2756 761 2823 confirmasset.
817 2757 901 2822 Inde
940 2757 1080 2822 dubium
1119 2780 1190 2843 per-

76 2875 223 2940 magnum
258 2855 299 2920 de
330 2856 536 2940 genuinitate
570 2854 760 2920 documenti
791 2854 922 2920 Ottonis
947 2857 998 2920 III
1031 2855 1188 2935 exoritur,

74 2949 228 3040 facileque
253 2951 432 3034 crederem,
457 2961 604 3039 tempore
628 2953 694 3017 litis
719 2953 760 3017 de
774 2953 986 3019 investituris
1011 2953 1092 3019 illud
1114 2976 1188 3019 con·

74 3047 178 3116 fictum
203 3061 236 3114 ot
251 3051 459 3136 suppositum
477 3051 588 3116 fuisse.
619 3048 695 3132 Sed,
720 3053 767 3114 uti
785 3051 941 3134 diximus,
966 3052 1075 3137 quoad
1091 3075 1188 3138 quae-

74 3149 207 3212 stionem
232 3147 274 3211 de
289 3149 417 3232 origine
432 3149 617 3212 donationis
633 3147 843 3213 Constantini
868 3150 998 3235 exejus
1022 3152 1188 3215 mentione

75 3245 104 3308 in
118 3245 297 3332 diplomate
312 3244 445 3312 Ottonis
459 3247 511 3312 HI
535 3245 619 3311 nihil
643 3246 752 3331 colligi
777 3257 894 3334 potest.
912 3240 955 3294 ’-
970 3247 1002 3311 A
1013 3248 1126 3313 Leone
1136 3246 1188 3314 IX

74 3353 176 3408 autem
206 3341 415 3408 Constantini
446 3344 576 3409 donatio
612 3344 812 3410 noscebatur
838 3355 938 3431 atque
972 3356 1010 3409 ut
1042 3347 1188 3430 genuina

75 3441 355 3524 considerabatur,
388 3441 467 3507 hinc
490 3465 520 3507 a.
547 3442 631 3508 1053
656 3442 760 3507 multa
783 3465 825 3508 ex
849 3466 898 3526 ea,
930 3443 1069 3529 adjura
1092 3441 1188 3508 Sedis

75 3537 278 3624 Apostolicae
301 3539 515 3622 vindicanda,
549 3543 583 3604 in
608 3539 746 3627 epistola
778 3539 822 3605 ad
845 3539 1043 3606 Michadlem
1067 3540 1187 3604 Caeru·

74 3633 185 3702 hrinm
208 3637 341 3724 profert.

155 3735 209 3800 39.
242 3735 297 3800 Ex
321 3735 419 3799 dictis
443 3735 544 3818 igitur
564 3735 645 3800 'satis
669 3733 843 3821 colligitur,
868 3735 993 3799 Romae
1016 3756 1120 3820 usque
1143 3735 1185 3799 ad

76 3832 212 3897 medium
236 3831 407 3897 saeculum
427 3831 651 3916 undecimum,
677 3833 731 3897 vel
743 3833 858 3898 saltem
874 3854 978 3918 usque
995 3830 1037 3895 ad
1054 3833 1186 3896 initium

143 4081 162 4142 'l
178 4081 211 4136 il.
231 4079 264 4136 G.
283 4079 317 4134 L.
335 4079 374 4134 IL
392 4094 419 4147 p.
439 4080 502 4136 lae.

144 4159 277 4229 'litarem
296 4159 340 4214 ad
360 4175 384 4215 s.
400 4159 467 4213 1191
486 4173 513 4214 n.
527 4161 571 4214 58.
596 4159 652 4218 Cir.
673 4161 792 4214 Grauert
811 4160 828 4213 l.
843 4177 881 4228 c.;
903 4161 960 4227 ipse
980 4159 1057 4214 valde
1076 4158 1186 4214 dubium

78 4235 122 4292 lue
139 4239 322 4297 documentum
340 4253 399 4294 esse
418 4239 565 4294 existimat.
