2916 4842
299 417 336 472 80
496 415 601 473 XXIII.
621 417 661 471 De
679 421 756 471 statu
774 417 874 472 Eccles.
894 417 977 486 priori
995 417 1082 472 medio
1101 433 1169 472 saec.
1189 416 1251 472 XII.

301 561 521 625 immutavit.“
541 559 744 624 -Addidit
765 559 923 626 videlicet
942 562 1108 626 Henricus
1131 560 1312 646 quaedam3
1337 563 1415 624 inter

302 659 368 724 alia
399 657 501 722 istud:
535 657 672 721 Irridari
694 659 797 722 Deum
827 661 970 722 cantibus
1002 659 1231 734 ecclesiasticis,
1262 659 1336 742 quia
1368 657 1416 742 qai

302 756 380 821 eolis
404 754 567 842 affectibus
583 757 653 842 piis
669 755 844 820 delectatur
867 782 922 820 uec
946 757 1023 821 altis
1044 756 1169 820 vocibus
1185 756 1344 832 aduocari,
1367 777 1417 816 uec

303 854 430 918 musicis
452 853 590 917 modulis
607 864 714 939 potest
736 854 875 919 mulceri.

396 950 470 1015 101.
517 950 571 1015 Ad
586 950 686 1037 hujus
702 952 841 1016 Henrici
857 973 1032 1039 personam
1056 961 1089 1017 et
1111 963 1203 1036 gesta
1226 950 1315 1038 quod
1336 972 1416 1035 spec·

304 1059 362 1130 tat,
387 1070 490 1134 quum
514 1069 556 1111 ex
580 1052 778 1114 monasterio
804 1049 1016 1116 Oluniacensi
1041 1050 1253 1132 discessisset,
1282 1049 1415 1134 speciem

306 1147 485 1231 assumpsit
515 1146 753 1230 praedicatoris
784 1149 840 1235 qui
872 1148 1019 1214 humana
1050 1151 1162 1213 omnia
1194 1169 1352 1233 spernens
1381 1145 1417 1208 ad

306 1244 546 1330 poenitentiam
571 1265 685 1309 omnes
708 1257 912 1331 provocaret.
953 1245 1047 1313 Coma
1072 1248 1254 1323 succinctas,
1284 1246 1420 1307 intonsas

242 1341 244 1346 ’
307 1343 418 1421 barba,
442 1365 572 1428 corpore
591 1365 754 1429 procerus,
781 1347 901 1430 parata
925 1347 1057 1424 incessu,
1080 1344 1177 1408 audis
1200 1344 1288 1406 bumo
1319 1340 1419 1404 bruma

308 1439 517 1505 debacchante
532 1463 661 1526 serpeus
674 1443 825 1528 uestigiis,
845 1443 1011 1529 expeditas
1034 1441 1146 1528 affatu,
1174 1439 1327 1504 tensibilia
1343 1459 1420 1508 sono,

301 1539 431 1629 joannis
446 1548 560 1615 aetate,
586 1587 592 1601 .
621 1589 627 1603 .
655 1595 660 1604 .
685 1541 785 1602 mirae
808 1543 989 1603 sanctitatis
1013 1551 1043 1604 et
1066 1541 1216 1604 scientiae
1240 1540 1421 1621 circumqua-

310 1657 507 1722 petramora,
520 1659 584 1699 aea
595 1637 716 1713 merito,
723 1636 887 1722 falsitate,
902 1661 965 1702 aou
981 1660 1054 1702 aare
1061 1636 1179 1714 babitu,
1193 1647 1263 1700 erat
1269 1634 1420 1704 celebrior,

309 1757 374 1799 aaa
397 1733 544 1813 meabas,
578 1755 642 1797 acu
673 1735 833 1820 calip-ioue,
865 1735 922 1798 eccl
951 1737 1110 1821 opiaiaac.
1119 1733 1142 1820 ¹)
1190 1731 1351 1797 Simulato
1375 1751 1420 1793 au-

310 1843 377 1896 tem
413 1833 513 1914 rigori
547 1829 715 1895 luxuriam
748 1832 918 1898 miscebat.
950 1871 991 1881 ·-
1025 1833 1149 1896 Versus
1183 1853 1310 1896 annum
1349 1828 1422 1893 mut

311 1931 406 1994 venit
429 1928 657 1994 Cenomanum
682 1939 780 2016 atque
804 1931 851 1995 ibi
882 1931 924 1996 ab
958 1934 1111 2017 episcopo
1136 1929 1346 2010 Hildeberto‚
1375 1928 1422 2012 qui

312 2031 347 2093 in
371 2049 408 2092 eo
434 2036 505 2092 erat
523 2037 559 2089 ut
578 2027 717 2091 Romam
742 2028 1015 2113 proficisceretur,
1040 2051 1169 2092 summa
1190 2027 1423 2092 hummanitato

312 2138 346 2192 et
368 2124 565 2191 liberalitate
590 2137 742 2211 receptus
766 2138 823 2202 est,
849 2130 946 2214 eique
961 2129 1169 2214 permissum,
1194 2136 1231 2188 ut
1254 2127 1423 2188 conciones

312 2225 356 2290 ad
381 2221 539 2311 populum
563 2222 710 2288 haberet.
757 2223 822 2289 Sed
847 2247 924 2290 mox
948 2223 1113 2289 erroribus
1137 2224 1205 2287 suis
1230 2221 1425 2286 dementavit

315 2322 563 2402 multitutinem,
588 2315 806 2408 quamquain
832 2322 955 2388 clerum
979 2325 1116 2409 ejusque
1137 2324 1241 2386 vitam
1265 2330 1364 2406 atque
1387 2317 1424 2380 di·

316 2423 414 2486 vitias
444 2418 644 2482 furibundus
677 2419 886 2504 declamaret,
922 2421 1080 2508 populum
1116 2422 1151 2484 in
1180 2421 1372 2505 episcopum
1399 2426 1426 2477 et

314 2519 555 2584 ecclesiasticos
579 2518 749 2601 excitavit,
774 2521 820 2582 ita
843 2529 880 2583 ut
903 2521 1014 2583 omnia
1039 2521 1183 2583 maxime
1207 2516 1426 2603 perturbaren-

315 2627 379 2681 tur.
427 2613 617 2678 Cenomano
649 2614 763 2701 pulsus
787 2616 1000 2681 Provinciam
1032 2626 1065 2679 et
1099 2615 1308 2680 Occitaniam
1340 2613 1427 2694 (Lan-

315 2713 457 2798 gnedoc)
483 2711 761 2797 subsequentibus
780 2715 877 2777 annis
900 2735 1086 2798 pervagans
1102 2712 1224 2798 ubique
1247 2713 1284 2776 in
1301 2710 1427 2775 clericos

316 2810 542 2876 debacchatus
570 2819 628 2890 est,
661 2810 707 2872 ita
737 2811 873 2895 quidem
897 2822 934 2876 ut
963 2811 1039 2876 laici
1065 2821 1179 2874 contra
1212 2831 1267 2874 eos
1291 2811 1427 2890 insurge·

316 2920 399 2991 rent,
440 2929 495 2972 eos
533 2908 695 2972 conviciis
729 2909 988 2993 proscinderent,
1026 2908 1220 2972 verberibus
1255 2907 1426 2978 afficerent,

316 3006 500 3072 oblationes
524 3017 556 3068 et
580 3005 728 3070 decimas
752 3009 799 3071 eis
824 3007 1034 3092 denegarent,
1066 3017 1273 3071 sacramenta
1295 3015 1427 3070 contem·

318 3115 444 3186 nerent,
469 3125 599 3170 omnem
625 3104 778 3169 divinum
803 3105 927 3170 cultum
952 3105 1167 3190 negligerent.

409 3203 483 3269 102.
531 3201 630 3266 Anno
657 3205 742 3266 1134
758 3203 800 3267 ab
819 3202 1004 3268 Arelatensi
1029 3207 1182 3289 episcopo
1208 3211 1325 3288 captus
1341 3211 1372 3264 et
1393 3195 1428 3261 ad

319 3300 506 3368 Concilium
539 3301 697 3364 Pisanum
731 3301 903 3384 deductus,
939 3301 986 3366 ibi
1020 3302 1196 3366 damnatus
1230 3300 1304 3365 fuit.
1354 3293 1428 3381 „sed

321 3399 547 3466 misericordia
571 3399 645 3481 Dei,
678 3399 800 3464 dicitur
831 3402 866 3464 in
890 3402 985 3465 Actis
1017 3403 1247 3487 episcoporum
1281 3395 1429 3462 Cenoma·

320 3500 473 3564 nensium
498 3519 524 3561 c.
550 3497 604 3579 36,
636 3497 690 3562 ille
714 3497 880 3563 Henricus
911 3499 953 3563 ab
979 3498 1164 3564 Arelatensi
1188 3495 1428 3581 archiepiscopo

319 3609 437 3682 captus
461 3605 510 3659 est
533 3606 566 3659 et
581 3597 725 3659 Domino
742 3597 853 3680 Papae
869 3597 1064 3661 Innocentio
1080 3595 1165 3660 Pisis
1190 3597 1223 3658 in
1248 3592 1429 3658 authentico

322 3693 470 3759 Concilio
501 3694 616 3776 (1134)
641 3703 877 3778 praesentatus,
911 3694 1023 3780 ibique
1058 3696 1176 3757 iterum
1213 3693 1432 3758 convicisset

320 3791 519 3877 generaliter
546 3790 732 3856 haereticus
763 3791 957 3878 appellatus,
994 3792 1036 3856 ad
1071 3802 1272 3876 postremum
1310 3805 1430 3854 carcere

324 3892 541 3976 mancipatur.
590 3889 651 3954 Cui
667 3901 841 3976 postquam
866 3891 1036 3976 permissio
1054 3911 1210 3954 concessa
1231 3899 1279 3952 est
1295 3881 1430 3952 abeundi

323 3989 365 4052 ad
381 3987 480 4052 aliam
498 3989 703 4073 provinciam
726 3987 976 4072 (Occitaniam)‚
1002 4008 1088 4051 nova
1105 3997 1204 4068 secta,
1229 4007 1315 4050 novo
1333 4001 1430 4058 cursu,

398 4091 620 4190 ¹)*ActaEpise
646 4119 788 4174 Cenomsn.
816 4136 838 4176 c.
861 4121 911 4189 35;
939 4135 981 4189 ap.
1005 4119 1146 4184 Mobillon‚
1182 4121 1279 4172 Vetera
1305 4116 1430 4172 Analecta

324 4219 348 4270 p.
369 4203 428 4256 315.
468 4201 553 4272 (Edit.
572 4201 658 4255 Paris.
678 4217 703 4256 a.
725 4201 812 4269 1723.)
