2832 4844
227 405 269 460 De
287 404 438 460 Saactioae
459 405 641 474 &apotolica
659 419 680 460 s.
698 401 830 457 Ludovici
847 403 896 458 IX.
1075 405 1129 459 453

37 552 122 634 inepte
141 548 265 614 Natalia
288 545 482 612 Alexander
515 547 679 612 rationem
711 545 835 612 decreti
868 569 911 610 ex
934 549 975 612 iis
998 549 1127 634 repetit,

35 669 99 730 qnae
118 648 232 734 viginti
257 647 355 711 annis
378 655 557 730 antequam
574 644 727 710 ederetur
742 644 914 729 accidisse,
940 645 1128 710 Matthaeus

36 744 104 808 Paris
132 753 248 810 narrat.
297 743 397 808 Hunc
427 744 537 806 virum
567 753 678 808 autem
709 742 929 809 Pontificibus
960 742 1127 808 infensum
1157 725 1285 796 Wlffl-

33 863 93 925 esse,
113 865 170 907 nec
192 841 294 906 fidem
318 843 352 906 in
377 839 534 906 omnibus
557 841 687 921 mereri,
707 840 780 925 jam
804 841 965 926 exipsius
982 840 1128 907 Alexan·

34 937 69 1002 dri
82 951 109 1003 et
120 941 251 1005 Baronii
268 939 433 1004 sententia
448 939 606 1022 vidimus,
630 948 730 1023 atque
753 937 798 1002 ad
812 937 943 1003 fabulas
967 937 1130 1023 malignas

33 1036 69 1100 rel
90 1040 355 1124 exaggerationes
380 1059 553 1102 censemus
569 1038 669 1100 etiam
687 1037 821 1100 citatam
846 1037 1130 1102 narratiunculam

32 1157 126 1218 nagna
155 1159 195 1200 ex
227 1145 320 1223 parte
351 1136 526 1221 pertinere.
580 1134 714 1214 Etenim
745 1132 836 1198 haud
867 1131 1038 1219 probabile
1070 1145 1127 1214 est,

28 1257 45 1294 s,
72 1233 285 1318 Lndcvicum,
325 1255 428 1320 quum
452 1232 610 1298 Pontifex
642 1253 764 1316 magna
796 1255 871 1296 cum
904 1232 1129 1298 moderatione

29 1341 132 1395 tantum
155 1344 192 1396 ut
214 1333 357 1418 pecunia
381 1333 412 1395 ei
437 1331 704 1395 commodaretur
736 1338 875 1414 peteret,
906 1341 974 1395 tam
1002 1332 1129 1396 invere-

28 1429 113 1494 cunde
142 1433 258 1514 egisse.
307 1431 408 1494 Forte
441 1439 576 1493 exortae
606 1437 683 1492 sunt
713 1428 878 1514 quaedam
908 1427 1129 1510 difficultates,

27 1527 66 1590 rel
86 1531 255 1612 petitiones
278 1528 474 1593 Innocentii
499 1526 547 1590 lV
572 1526 662 1612 apud
685 1525 854 1611 praesules
877 1527 996 1590 effectu
1021 1548 1132 1590 carne-

26 1637 98 1708 runt,
130 1627 207 1692 inde
232 1625 469 1710 exaggerando
493 1623 683 1689 Matthaeus
705 1625 800 1690 Paria
828 1646 921 1689 suam
946 1626 1132 1710 composuit

27 1727 236 1791 narrationem.
254 1724 416 1808 —Regia
434 1722 682 1793 observantiam
708 1724 742 1790 in
766 1745 790 1786 s.
806 1721 927 1787 Sedem
943 1722 1131 1788 Gulielmus

26 1821 219 1887 tarnatensis
244 1821 326 1888 Ord.
350 1817 482 1904 Praed,
514 1843 539 1885 s.
563 1819 731 1884 Ludovici
756 1819 956 1906 capellanus,
988 1825 1022 1886 in
1046 1820 1129 1886 libro

25 1917 55 1980 de
80 1923 146 2006 ejus
171 1922 250 1985 Vita
284 1931 317 1984 et
348 1918 520 1984 Miraculis
552 1919 603 1982 bis
634 1915 745 1983 verbis
778 1920 999 1984 commendat.
1046 1919 1131 1984 Scae
1245 1993 1249 2002 Ι

22 2041 93 2098 cpiam
115 2031 295 2083 reverenter·
317 2028 347 2080 et
371 2018 531 2082 humiliter
555 2041 630 2102 erpa
662 2028 806 2082 ecoctam
830 2019 1008 2082 Romanam
1038 2019 1129 2082 eccle·

22 2117 82 2178 arua
109 2142 232 2204 temper
254 2141 286 2180 ae
309 2115 428 2194 babuit,
462 2139 556 2202 quam
580 2117 688 2180 devote
713 2127 742 2179 et
765 2117 945 2181 obedienter
975 2119 1131 2203 rescripta

21 2225 41 2272 tl
66 2216 215 2278 raerrtlatc
243 2213 432 2300 Apostolica
460 2225 625 2278 contuetur
655 2227 725 2278 erat
748 2217 916 2300 succipere,
947 2239 1040 2301 qaam
1064 2214 1131 2279 obc-

22 2309 121 2374 diente-
143 2324 174 2376 et
190 2313 372 2398 efficaciter,
397 2314 478 2376 sicat
493 2335 585 2376 verus
599 2310 693 2395 filiae
709 2311 917 2392 obedientiae,
942 2313 1128 2400 adimplere,

20 2423 112 2472 auant
134 2408 189 2472 alti
211 2412 266 2494 qui
288 2413 319 2474 ei
333 2410 540 2496 familiarius
564 2409 789 2474 adhaerebant.
837 2411 910 2497 [με
933 2413 1015 2476 caim
1038 2433 1129 2498 aepo-

20 2507 53 2566 tic
77 2511 186 2572 matria
210 2509 371 2572 Ecclesiae
403 2506 481 2595 plue
512 2509 765 2594 quamproprie
793 2517 956 2594 reputatae,
993 2531 1032 2572 ea
1055 2508 1130 2572 totis

19 2603 156 2686 effectibus
187 2628 376 2694 promovere
412 2604 555 2672 carebat.
567 2604 591 2690 ¹)
638 2605 864 2670 Nihilominus
894 2605 1023 2670 Natalis
1060 2607 1128 2671 suis

19 2715 264 2791 praeoccupatus
288 2706 462 2790 principiis
486 2703 680 2785 Gallicanis,
706 2707 822 2789 pietati
846 2728 871 2768 s.
887 2703 1053 2768 Ludovici
1077 2703 1130 2768 IX

18 2801 134 2887 ejusque
173 2803 284 2867 studio
322 2802 438 2867 tuendi
477 2801 650 2866 Ecclesiae
684 2802 886 2883 libertatem,
927 2800 1129 2866 Sanctionem

12 2902 232 2984 pragmaticam
255 2902 379 2986 optime
403 2902 584 2965 convenire
608 2901 791 2982 existimat,
822 2899 879 2964 aed
904 2899 976 2985 ejus
1000 2909 1128 2963 senten-

16 2997 66 3058 tiae
88 2997 176 3062 haud
203 2996 480 3063 subscribendam
504 3020 575 3063 esse
592 3020 774 3064 censemus.

87 3099 137 3162 82.
177 3098 296 3184 Itaque
320 3119 385 3162 non
410 3119 571 3180 negamus
595 3097 742 3182 quidem,
775 3093 942 3182 praesules
966 3095 1129 3181 quosdam

14 3191 135 3276 Galliae,
169 3217 275 3282 quum
299 3205 452 3280 ageretur
485 3195 525 3259 de
550 3194 708 3259 subsidiis
740 3195 959 3280 pecuniarum
982 3192 1129 3258 ferendis

13 3309 59 3372 pro
80 3293 164 3358 hello
189 3315 285 3358 sacro
309 3293 426 3358 aliisve
450 3291 703 3357 necessitatibus
725 3291 908 3374 Ecclesiae,
934 3290 1128 3370 identidem,

13 3409 93 3471 aegre
116 3391 151 3455 id
176 3390 293 3456 tulisse
316 3400 350 3455 et
372 3391 538 3458 restitisse.
571 3391 612 3454 Id
637 3389 804 3476 colligitur
826 3412 868 3453 ex
893 3390 995 3454 variis
1018 3388 1128 3475 factis,

14 3498 95 3571 atque
117 3491 223 3553 etiam
247 3511 289 3553 ex
314 3488 442 3554 Urbani
465 3489 515 3552 IV
547 3487 686 3574 epistola
709 3488 751 3552 ad
777 3509 832 3552 eos
855 3509 942 3552 anno
969 3487 1055 3551 1263
1081 3488 1128 3552 di·

15 3595 96 3666 recta,
120 3611 188 3674 qua
214 3589 302 3672 ipsos
326 3587 445 3670 arguit,
471 3595 503 3650 et
525 3587 680 3668 advertit,
705 3586 832 3672 pudore
855 3586 1003 3650 suffundi
1029 3584 1128 3651 debu-

15 3677 66 3745 isse
81 3687 168 3750 viros
185 3683 440 3766 ecclesiasticos,
454 3686 578 3768 pietate
595 3705 635 3748 ac
651 3683 811 3768 religione
829 3704 863 3746 se
881 3685 971 3748 vinci
989 3707 1008 3747 a
1023 3682 1128 3764 laicis,

16 3783 59 3860 qui
80 3805 142 3846 non
168 3781 270 3846 modo
296 3783 330 3845 in
355 3803 394 3845 ca
412 3781 599 3866 justissima
623 3803 724 3844 causa
747 3778 826 3844 belli
844 3783 928 3844 sacri
946 3803 1022 3846 suas
1039 3803 1128 3867 opes,

16 3893 111 3944 verum
129 3883 332 3964 sangninem
345 3878 594 3965 profunderent.
601 3881 625 3961 ²)
640 3878 796 3942 —Porro
811 3879 1025 3942 centesimam
1042 3899 1128 3964 quae

76 4111 93 4176 'l
111 4111 162 4178 Ap.
184 4109 280 4164 Natal.
299 4108 376 4162 Alex.
395 4108 413 4161 l.
432 4123 453 4160 c.

75 4193 92 4254 ²)
112 4191 143 4242 l'.
164 4189 302 4257 ltayneld.
325 4203 349 4242 a.
371 4187 447 4242 1263.
468 4203 492 4240 n.
515 4189 556 4243 13.

1173 809 1256 848 tlonce.
