2902 4848
272 413 326 468 378
399 412 511 467 XXXV.
530 412 571 467 De
590 411 691 472 Concil.
710 413 860 468 Basileensi
880 429 912 468 ac
929 413 963 468 de
981 413 1087 482 Synodo
1106 413 1272 469 Florentiae.

114 557 235 660 Ῑὲζξζῦζξο
273 554 413 620 ecclesia
445 556 561 642 majori
592 559 739 644 quinque
771 557 1040 642 archiepiscopos
1070 567 1104 620 et
1127 556 1307 622 octodecim
1327 557 1394 641 epi-

131 663 133 668 '
223 647 228 660 '
273 674 389 739 scopos
414 657 647 738 congregavit,
682 666 716 720 et
738 655 833 720 lectis
858 653 1029 719 Pontificis
1059 653 1178 720 litteris
1207 655 1395 732 declaravit,

274 749 462 816 Concilium
473 751 604 816 Basilea
615 752 812 818 translatum
822 775 893 818 esse
902 753 1092 816 Ferrariam
1102 751 1145 817 ad
1156 753 1396 838 procurandam

273 847 476 914 Graecorum
501 851 658 916 unionem
687 873 763 916 cum
788 850 939 916 Ecclesia
963 849 1129 915 catholica
1152 861 1185 916 et
1209 851 1398 936 Apostolica

273 946 375 1030 Sede3
401 949 556 1034 idemque
579 948 705 1012 factum
729 959 779 1014 est
802 951 837 1014 in
860 950 1006 1014 sessione
1029 948 1147 1014 habita
1170 949 1400 1034 di010⁰ejns

273 1045 348 1110 dem
381 1049 513 1112 mensis.
566 1047 646 1112 Post
676 1069 800 1132 paucos
831 1047 902 1112 dies
939 1057 1070 1133 praeter
1099 1046 1184 1112 alios
1214 1048 1400 1112 Ferrariam

228 1130 234 1144 ’
273 1146 366 1208 venit
389 1145 561 1228 Eugenius
585 1147 686 1231 Papa.
733 1145 767 1210 Is
800 1167 876 1210 oum
901 1143 1154 1230 Cardinalibus,
1190 1145 1349 1232 praelatis
1373 1156 1404 1208 et

273 1241 481 1322 doctoribus,
517 1243 627 1328 plures
657 1242 777 1309 habuit
807 1245 1098 1328 congregationes,
1135 1245 1168 1308 in
1207 1243 1333 1329 quibus
1364 1243 1402 1308 de

272 1339 403 1405 actibus
438 1341 678 1406 Basileensium
715 1342 862 1406 modeste
897 1351 1032 1426 questus
1067 1351 1134 1420 est,
1174 1351 1208 1406 ct
1243 1341 1403 1408 nonnulla

273 1442 466 1525 praesertim
495 1440 537 1504 de
561 1439 677 1504 ordine
702 1439 839 1504 sedendi
871 1441 904 1503 iu
930 1437 1080 1504 Concilio
1105 1441 1291 1504 constituit.
1342 1439 1403 1503 Die

275 1539 334 1602 15⁰
365 1538 539 1602 Februarii
575 1537 748 1622 Eugenius
783 1536 920 1601 alteram
961 1535 1080 1600 habuit
1113 1537 1310 1602 sessionem.
1367 1537 1403 1601 Ei

273 1636 494 1700 interfuerunt
518 1637 729 1720 septuaginta
753 1633 818 1698 dno
835 1635 992 1720 episcopi,
1017 1644 1051 1697 et
1071 1633 1156 1698 lecto
1172 1633 1311 1698 decreto
1333 1634 1404 1699 Cam

272 1736 307 1798 io
336 1756 444 1813 sacro,
481 1735 575 1798 irrita
606 1732 696 1797 dicta
726 1744 804 1796 sunt
835 1755 890 1812 ea,
927 1753 1012 1817 quae
1044 1755 1064 1796 a
1087 1731 1343 1797 Basileensibus
1373 1735 1403 1796 in

273 1833 414 1896 Romani
443 1831 614 1896 Pontificio
645 1831 801 1918 injuriam
832 1830 964 1895 fuerant
995 1829 1127 1894 decreta
1158 1839 1216 1894 aut
1248 1829 1404 1895 decerne-

273 1941 396 2011 rentur,
422 1941 455 1994 et
478 1928 682 1993 declaratum
707 1938 765 2013 est,
790 1949 845 1993 eos
869 1929 926 2014 qui
950 1929 986 1992 in
1002 1927 1185 1992 Basileensi
1210 1939 1313 1992 coetu
1339 1951 1405 2014 per·

273 2028 490 2110 severabant,
527 2027 684 2092 incidisse
723 2027 757 2089 in
789 2047 912 2112 poenas
942 2037 976 2090 et
1006 2047 1162 2090 censuras
1199 2027 1235 2089 in
1268 2027 1405 2092 decreto

273 2125 497 2192 translationis
522 2127 669 2190 Doctoria
692 2125 831 2209 peritiam
854 2145 1038 2209 expressas.
1084 2123 1134 2188 Eo
1159 2136 1336 2209 tempore,
1363 2127 1404 2188 uti

273 2248 316 2290 ex
347 2225 460 2289 verbis
492 2225 634 2308 Eugenii
675 2233 782 2308 patet,
819 2220 1009 2287 Cardinalis
1039 2221 1195 2288 Julianus
1226 2221 1404 2288 Caesarini

273 2322 462 2389 Concilium
479 2320 668 2386 Basileense
687 2321 758 2406 jam
783 2320 1001 2406 reliquerat,²)
1026 2332 1126 2407 atque
1142 2322 1243 2386 etiam
1260 2321 1405 2406 praelati

274 2423 393 2486 mentis
417 2421 557 2485 sanioris
582 2419 732 2503 Eugenio
757 2417 985 2485 obediverunt.

362 2519 415 2584 39.
455 2519 569 2582 Mense
606 2519 726 2582 Martio
765 2517 951 2581 Ferrariam
998 2517 1206 2581 advenerunt
1250 2517 1407 2584 loannes

272 2615 489 2701 Palaeologus
505 2617 689 2701 Imperator
703 2614 907 2680 Graecorum
929 2637 1004 2678 cum
1026 2615 1127 2678 fratre
1141 2635 1199 2679 suo
1216 2613 1405 2685 Demetrio.

272 2713 439 2798 losephus
462 2714 651 2800 patriarcha
668 2711 832 2790 OPtanus,
858 2711 998 2776 aliorum
1022 2711 1302 2798 patriarcharum,
1331 2715 1405 2779 Ale-

274 2810 443 2894 xandrini,
483 2811 684 2877 Antiocheni
717 2822 750 2875 et
782 2809 1076 2894 Hierosolymitani
1107 2809 1236 2890 vicarii,
1273 2809 1405 2898 aliique

275 2908 380 2991 multi,
405 2912 643 2996 metropolitae,
668 2910 815 2995 episcopi
832 2916 865 2972 et
881 2909 944 2972 viri
967 2906 1191 2973 ecclesiastici.
1222 2907 1306 2971 Post
1332 2908 1406 2974 illos

273 3007 412 3072 advenit
435 3011 536 3073 etiam
556 3006 702 3074 Isidorus
726 3005 996 3091 archiepiscopus
1012 3003 1148 3069 Russiae
1172 3025 1248 3068 cum
1271 3005 1406 3093 aliquot

274 3106 440 3192 episcopis
456 3105 659 3172 Moscovitis.
707 3104 758 3169 Illi
783 3125 898 3168 omnes
923 3124 998 3168 cum
1023 3103 1243 3168 conveniente
1258 3105 1406 3191 siugulis

275 3205 399 3269 honore
422 3227 443 3268 a
466 3205 644 3286 Pontifice,
678 3201 914 3268 Cardinalibus
938 3201 1077 3288 aliisque
1101 3201 1256 3288 praelatis
1287 3201 1406 3268 latinis

274 3303 398 3388 recepti
430 3315 516 3370 sunt.
551 3341 593 3350 —
625 3303 772 3368 Peractis
804 3301 895 3366 festis
929 3299 1156 3386 paschalibus,
1195 3321 1236 3364 ue
1266 3311 1404 3388 tempus

274 3467 488 3474 --.-—-—··—-—·

349 3551 369 3620 ¹)
391 3551 448 3618 „Ea
466 3551 620 3606 intentione
639 3557 668 3604 et
686 3550 823 3620 proposito
842 3549 974 3612 venimus,
992 3553 1025 3602 ut
1043 3564 1097 3604 nou
1115 3547 1200 3602 solum
1218 3547 1268 3602 hoe
1287 3562 1403 3606 metae

274 3631 382 3686 unionis
401 3648 475 3700 opus,
501 3631 547 3686 scd
567 3631 614 3686 illa
633 3631 717 3685 etiam
736 3636 847 3698 propter
870 3644 939 3696 quae
958 3628 1106 3683 Concilium
1126 3629 1280 3682 Basileeme
1311 3629 1402 3684 fuerat

274 3719 479 3781 congregatum,
499 3710 612 3766 realiter
631 3717 660 3766 ct
678 3727 737 3764 cum
753 3710 850 3765 effectu
869 3709 1018 3778 adjuvante
1037 3708 1150 3764 Domino
1168 3725 1395 3777 prosequeremur

275 3791 316 3846 Ad
335 3807 404 3859 quae
423 3791 507 3846 etiam
526 3791 672 3846 advertens
691 3790 806 3845 dilectus
827 3789 898 3843 filius
916 3789 1051 3853 Julianus,
1071 3791 1172 3856 (quum)
1191 3831 1198 3843 .
1217 3831 1225 3845 .
1245 3833 1251 3844 .
1271 3795 1307 3844 nt
1326 3808 1403 3860 prat·
1447 3801 1448 3810 ¹

273 3872 360 3927 dictos
380 3887 397 3926 a
414 3879 470 3926 tam
491 3872 644 3926 manifestis
662 3869 797 3925 scandalis
815 3869 973 3933 abstineret,
1001 3870 1095 3924 multis
1112 3869 1344 3937 validissimaque
1362 3889 1401 3926 ra·

273 3953 393 4008 tionibus
412 3953 578 4017 hortaretur,
598 3958 627 4007 et
640 3967 687 4020 pro
706 3967 797 4005 eorum
816 3949 956 4003 obstinata
974 3957 1065 4004 mente
1084 3950 1238 4006 nullatenus
1257 3953 1400 4006 exaudire·

275 4037 328 4098 tnr,
347 4033 395 4087 sed
408 4047 453 4086 eos
473 4031 561 4101 magia
580 4033 614 4086 ad
633 4047 666 4086 ea
678 4031 805 4084 scandala
818 4031 845 4083 in
860 4029 1007 4084 Ecclesiam
1020 4027 1070 4084 Dei
1089 4031 1269 4098 perpetranda
1287 4043 1401 4098 paraus

274 4114 415 4182 aspiceret.
441 4127 475 4166 ne
498 4113 604 4168 illorum
629 4111 816 4179 impietatibus
845 4111 973 4164 assistere
996 4111 1143 4174 videretur,
1167 4110 1228 4165 inde
1246 4111 1399 4166 diremit·

276 4193 407 4262 Rayuald.
427 4210 451 4248 a
473 4193 542 4248 1438
561 4209 587 4248 n.
607 4195 631 4248 ὁ.
