2902 4848
1088 465 1141 518 325

536 609 609 672 111

37 730 88 792 De
108 731 449 796 mansonario
473 733 658 895 qurprw
680 731 839 797 Husatt
866 749 1141 813 moriannae

519 847 572 910 pa
589 847 655 894 us.

107 987 161 1054 40.
208 985 387 1072 Negotium
421 987 510 1052 baud
542 989 656 1072 exigui
688 989 856 1070 momenti,
893 989 981 1074 quod
1018 991 1140 1074 pariter

33 1083 265 1150 Constantiensi
292 1084 441 1152 Concilio
466 1086 677 1150 tractandum
700 1083 925 1166 incumbebat,
955 1099 1025 1151 erat
1049 1087 1139 1152 dam·

33 1185 107 1246 natio
150 1205 296 1247 errorum
330 1185 471 1250 Joannis
505 1184 593 1264 Hus,
634 1196 670 1246 ut
706 1194 820 1248 contra
861 1206 1033 1269 perversas
1067 1186 1138 1272 ejus

30 1279 187 1346 doctrinas
226 1282 412 1368 depositum
450 1281 527 1346 fidei
568 1281 717 1348 illaesum
751 1282 981 1348 custodiretur.
1028 1284 1139 1370 Atque

29 1400 133 1442 revera
146 1377 301 1464 Synodus
318 1379 381 1443 boc
398 1381 567 1463 negotium
592 1401 713 1464 magno
738 1401 813 1443 cum
831 1381 945 1463 vigore
964 1392 1139 1468 prosecuta

27 1487 77 1560 est,
100 1500 139 1540 ac
157 1499 224 1542 non
241 1479 350 1542 minus
362 1478 476 1542 Hussii
499 1478 676 1556 doctrinas,
701 1500 801 1563 quam
818 1479 925 1564 ipsum
945 1482 1139 1566 magistrum

28 1573 163 1640 haeresis
187 1597 303 1639 severa
327 1578 490 1640 sententia
515 1577 762 1640 condemnavit.
799 1576 874 1663 Ipse
897 1578 1044 1642 loannes
1067 1578 1139 1643 Hus

26 1671 138 1737 deinde
163 1673 325 1738 saeculari
349 1673 485 1738 brachiu
509 1674 661 1754 traditus,
689 1675 788 1760 juxta
813 1677 963 1760 vigentes
991 1675 1079 1760 leges
1105 1687 1140 1740 ut

26 1768 204 1834 haereticus
241 1772 397 1856 pertinax
435 1793 543 1857 poena
581 1772 669 1855 ignis
706 1772 843 1836 affectus
878 1784 935 1839 cst.
991 1773 1139 1838 Acerbas

25 1865 176 1958 Hassitae
200 1891 239 1932 ac
264 1869 341 1932 dein
366 1869 590 1934 Protestantes
615 1879 791 1934 moverunt
814 1881 928 1934 contra
953 1869 1139 1936 Concilium

26 1963 273 2032 Constantiense
306 1969 546 2050 accusationes,
586 1977 655 2030 tum
690 1967 778 2052 quod
811 1967 925 2033 Hussii
959 1969 1139 2052 doctrinae,

23 2085 118 2147 quum
144 2063 377 2129 essentialibus
401 2065 480 2129 lidei
504 2064 700 2130 veritatibus
723 2087 789 2130 non
814 2078 1068 2152 opponerentur,
1093 2067 1139 2130 in·

18 2161 100 2244 juste
135 2161 314 2226 damnatae
345 2164 420 2246 sint,
452 2173 522 2226 tum
555 2163 642 2248 quod
677 2163 863 2250 modoque
893 2173 1006 2230 contra
1030 2166 1140 2250 ipsum

21 2257 234 2326 Constantine
265 2270 376 2324 actum
408 2273 465 2338 est,
500 2259 611 2324 salvus
641 2261 824 2325 conductus
848 2261 1053 2347 sigismundi
1076 2263 1139 2326 Irn-

21 2361 189 2440 peratoris,
218 2380 283 2444 quo
308 2358 449 2424 Hussius
474 2360 621 2423 munitus
645 2369 725 2440 erat,
758 2363 900 2446 turpiter
922 2359 1064 2426 violatus
1087 2361 1139 2438 sit,
1239 2401 1242 2410 .

18 2457 173 2542 quodque
220 2457 356 2542 impiam
404 2458 575 2522 emiserint
615 2455 884 2522 Constantienses
930 2459 1139 2540 sententiam,

19 2553 195 2618 haereticis
224 2553 324 2618 fidem
353 2553 444 2618 haud
477 2577 548 2618 esse
572 2554 781 2622 servandam.
829 2555 947 2620 Merito
972 2557 1140 2620 doctrinas

17 2651 128 2717 Hussii
156 2675 228 2716 esse
253 2652 437 2732 damnatas,
471 2675 513 2716 ex
537 2675 684 2716 errorum
709 2653 780 2738 ejus
805 2655 1011 2741 expositione
1042 2653 1139 2718 facile

15 2751 162 2834 patebit3
198 2749 256 2814 sed
287 2753 387 2816 etiam
411 2749 557 2837 reliquas
580 2772 663 2836 quas
687 2753 1021 2816 commemoravimus
1045 2773 1139 2815 accu-

14 2852 161 2914 sationes
186 2851 315 2914 sincera
339 2870 448 2912 rerum
474 2848 683 2912 enarratione
707 2848 882 2913 diluemus.
931 2849 1043 2929 Quum
1061 2869 1139 2912 vero

14 2969 140 3011 errores
167 2945 281 3010 Hussii
314 2948 430 3010 intime
462 2945 661 3010 cohaereant
692 2968 767 3010 cum
798 2946 935 3011 Wiclefi
970 2947 1140 3032 doctrinis,

12 3045 49 3108 de
73 3045 129 3110 his
156 3044 304 3130 primurn
328 3043 441 3130 aliqua
464 3043 708 3130 praemittenda
732 3065 803 3109 esse
828 3044 995 3112 videntur.

97 3155 157 3218 41.
207 3151 355 3216 Joannes
380 3150 513 3228 Wiclef,
538 3153 672 3214 natione
696 3150 837 3235 Anglus,
863 3153 898 3214 in
924 3153 1141 3216 universitate

10 3249 204 3314 Osoniensi
227 3247 411 3332 theologiae
426 3248 589 3334 professor
606 3259 638 3312 ct
654 3247 812 3314 ecclesiae
828 3249 1141 3314 Lutterworthensis

10 3349 40 3412 in
68 3348 224 3414 dioecesi
240 3345 468 3411 Lincolniensi
494 3346 668 3432 parochus,
693 3348 746 3409 vir
770 3357 840 3410 erat
863 3346 1070 3412 vehementis
1093 3349 1140 3412 in·

8 3450 107 3528 genii,
136 3443 305 3530 superbus
329 3456 361 3509 et
383 3444 589 3510 ambitiosus.
638 3444 751 3526 Quum
784 3457 976 3530 usurpatam
1002 3445 1140 3530 Collegii

9 3543 269 3610 Cantuariensis
281 3543 533 3628 praefecturam,
559 3565 644 3629 quas
661 3542 738 3608 solis
756 3543 929 3608 monachis
946 3543 1139 3626 debebatur,

9 3647 114 3726 primo
150 3639 398 3726 archiepiscopi
433 3639 698 3722 cantuariensis,
739 3662 819 3705 mox
851 3640 979 3706 Urbani
1005 3642 1035 3706 V
1070 3664 1140 3708 sen·

8 3745 110 3806 tentia
155 3761 247 3804 anno
288 3739 373 3804 1370
419 3739 592 3804 monachis
630 3741 802 3804 restituere
839 3741 955 3804 fuisset
996 3750 1138 3822 coactus,

8 3841 126 3923 ingens
154 3836 238 3901 inde
262 3837 375 3900 odium
400 3839 435 3901 in
460 3837 650 3918 monachos,
682 3839 717 3900 in
748 3839 920 3923 episcopos
943 3847 976 3900 et
998 3839 1032 3901 in
1057 3838 1140 3902 Pon·

8 3938 111 4003 titicus
151 3937 319 4020 concepit,
351 3947 384 3999 et
414 3935 449 4000 in
480 3957 535 4000 eos
565 3947 636 3999 tum
668 3935 875 4000 sermonibus
904 3945 975 3999 tum
1009 3937 1139 4021 scriptis

8 4036 121 4100 invehi
141 4035 267 4117 coepit.
307 4033 431 4098 Contra
447 4034 588 4098 Romani
605 4033 776 4097 Pontificio
801 4035 990 4118 primatum,
1014 4035 1138 4119 episco-

8 4155 124 4220 porum
153 4142 365 4218 potestatem,
391 4131 586 4195 clericorum
604 4142 636 4195 et
653 4130 891 4195 monachorum
916 4133 1138 4216 possessiones

8 4229 214 4320 temporales
237 4228 368 4317 aliaque
393 4229 683 4296 vehementissime
707 4229 925 4295 declamabat.

1158 3146 1196 3186 Jo.
1216 3145 1308 3185 Wtclef.
