2964 4838
436 427 477 481 De
495 426 625 480 Romanis
643 425 831 480 Pontificibus.
1133 425 1186 479 407

65 570 230 635 foedatam
245 571 357 652 fuisse,
375 580 412 634 ut
423 580 598 655 propterea
614 567 720 651 multi,
745 569 900 654 quamvis
912 590 996 633 ausu
1008 569 1184 632 temerario
1199 570 1350 674 Ξὶῆᾞέῗζ

65 679 98 730 et
118 666 264 752 lugendo
289 689 415 750 errore,
447 689 520 732 eam
546 667 755 755 reliquerint,
787 689 827 732 ac
850 669 878 731 si
902 665 949 730 illi
974 669 1031 752 qui
1056 667 1098 732 ab
1123 667 1184 730 Ec·
1342 663 1348 672 ’

68 765 163 830 closis.
200 764 392 832 defecerunt
430 769 611 832 sanctiores
656 767 901 852 quaesivissent
939 787 1046 830 mores
1084 775 1185 850 atque

66 862 240 930 doctrinas.
288 864 334 928 At
364 863 448 929 lalsa
476 874 554 930 sunt
575 867 650 931 ista.
696 863 748 928 llll
773 865 863 929 enim
887 865 1033 928 maxime
1056 861 1099 927 ab
1123 863 1185 926 Ec·

65 959 163 1026 clesia
187 961 394 1043 defecerunt,
426 973 509 1049 quos
541 963 762 1048 corruptionis
793 964 884 1026 virus
911 961 983 1047 jam
1014 961 1184 1040 infecerat,

63 1061 187 1145 quique
211 1058 367 1146 superbia
389 1061 498 1124 inflati
517 1062 589 1147 jam
613 1060 828 1146 opinionibus
842 1059 935 1124 falsis
948 1057 1184 1138 adhaerebant,

65 1156 234 1222 liberiores
259 1179 366 1222 mores
380 1158 595 1244 quaerebant,
619 1159 892 1244 auctoritatisque
908 1157 1027 1244 jugum
1048 1177 1183 1221 exosum

66 1253 244 1322 habebant.
313 1254 406 1322 Alios
451 1257 529 1322 dein
570 1258 634 1342 ipsi
683 1266 915 1341 perverterunt
958 1265 991 1320 et
1034 1256 1186 1319 incautas

66 1352 294 1418 multitudines
306 1353 381 1419 dolo
394 1377 433 1419 ac
446 1356 477 1418 vi
491 1355 706 1435 seduxerunt,
722 1365 822 1440 atque
834 1353 897 1418 hac
907 1355 1035 1418 ratione
1045 1351 1184 1416 secessio

63 1451 152 1516 facta
177 1463 237 1516 est.
969 1447 971 1452 ¹

152 1549 185 1614 2.
214 1549 367 1616 Ecclesia
390 1551 493 1634 igitur
516 1549 679 1615 catholica
695 1550 749 1614 illo
766 1571 898 1636 quoque
913 1559 1071 1634 tempore,
1097 1546 1185 1634 quod

63 1643 286 1731 praecedebat
316 1647 712 1734 pseudoreformationem
736 1648 1004 1730 Protestantium,
1037 1646 1186 1710 missioni

61 1767 142 1810 suae
167 1746 356 1810 nullatenus
381 1745 496 1824 deluit,
521 1744 764 1832 multiplicique
789 1747 960 1826 virtutum,
992 1745 1186 1824 sanctitatis,

62 1853 95 1905 et
122 1842 296 1908 doctrinae
334 1855 454 1908 ornatu
486 1843 635 1928 fulgebat
667 1867 708 1908 ec
747 1843 902 1926 florebat3
943 1845 1037 1908 varis
1074 1851 1186 1906 tamen

61 1940 205 2006 aderaut
228 1944 263 2006 in
281 1941 462 2008 christiana
485 1943 642 2008 societate
658 1940 831 2022 elementa,
850 1941 1003 2027 equibus
1015 1938 1187 2005 morbidus

65 2037 243 2103 multorum
275 2049 380 2104 status
422 2037 641 2124 proveniebat
681 2049 714 2103 et
744 2040 915 2125 dispositio
946 2037 1111 2125 quaedam
1143 2037 1187 2102 ad

61 2135 295 2215 defectionem,
328 2159 414 2223 quae
438 2137 515 2201 dein
541 2135 718 2202 subsecuta
742 2147 800 2202 est.
849 2135 894 2202 Ut
924 2136 1065 2202 claritati
1096 2158 1187 2201 enar·

62 2235 202 2298 rationis
226 2245 388 2319 quantum
412 2234 484 2299 fieri
498 2245 607 2321 potest
621 2234 867 2321 provideamus,
892 2256 1069 2322 rerumque
1085 2234 1188 2300 eccle·

60 2334 275 2397 siasticarum
302 2332 391 2398 illius
415 2334 573 2419 temporis
597 2333 854 2419 descriptionem
878 2335 989 2419 aptius
1013 2355 1187 2420 compona-

64 2454 147 2510 mus,
174 2453 311 2515 agemus
335 2432 480 2516 primum
503 2429 925 2515 chomonisPoatifics'bus
948 2429 1036 2496 illius
1059 2433 1187 2513 aetatis,

60 2527 141 2592 dein
167 2527 206 2590 dc
234 2525 374 2593 Concilio
398 2529 611 2594 Laterunensi
640 2529 675 2610 V,
707 2539 871 2614 postremo
902 2551 981 2595 vero
1012 2531 1050 2594 de
1083 2533 1190 2595 causis

60 2627 252 2713 quibusdum
275 2650 354 2714 quoe
377 2630 413 2691 ia
437 2627 668 2713 subsequentem
696 2627 902 2712 defectionem
924 2629 1078 2715 inflexum
1101 2651 1188 2693 eccer-

61 2736 204 2789 cuerunt.
229 2763 272 2773 —
296 2725 420 2790 Fontes
436 2735 469 2789 et
484 2737 635 2790 auctores
660 2727 878 2810 opportunius
893 2729 1004 2792 visum
1022 2737 1071 2792 est
1085 2728 1188 2791 citare

60 2823 105 2886 ad
126 2821 259 2906 singula
284 2821 383 2910 hujus
403 2823 654 2888 Dissertatiouis
677 2826 798 2910 capita,
823 2845 925 2911 quum
951 2823 991 2890 de
1016 2823 1189 2910 permultis

60 2921 215 3006 personis
239 2930 270 2984 et
293 2923 394 3008 gestis
419 2921 453 2986 in
478 2921 595 2985 eadem
619 2933 747 3004 agatur.

610 3238 644 3300 1.

355 3359 421 3422 De
444 3359 652 3424 &mmsis
675 3359 900 3442 Pontificio.

154 3505 185 3572 3.
210 3505 397 3572 Nicolaus
414 3507 445 3570 V
470 3507 729 3593 (1447-1455).
750 3545 787 3556 -
807 3507 1187 3583 Vid.JanottiMenetti‚

68 3603 146 3668 Vita
179 3605 312 3670 Nicolos'
348 3605 378 3668 V
419 3628 472 3692 ap.
512 3605 671 3670 Muratori
711 3605 782 3672 Sor.
821 3606 861 3670 lt.
901 3605 939 3671 T.
974 3605 1035 3673 III.
1075 3605 1112 3672 P.
1144 3608 1188 3672 Il.

63 3724 95 3787 p.
122 3699 187 3766 905
218 3725 287 3789 sqq.
319 3742 362 3751 —
397 3705 532 3769 Aeneae
556 3703 662 3789 Sylvii
693 3705 773 3792 Opp.
799 3703 838 3770 cle
861 3705 994 3792 Europa
1018 3729 1042 3769 c.
1067 3707 1120 3770 58.
1146 3743 1189 3752 -

65 3797 190 3883 Balan,
223 3799 333 3866 Stoi-ia
365 3802 506 3866 d'ltals'a
542 3803 577 3866 T.
608 3801 643 3866 V.
677 3801 712 3867 L.
736 3801 886 3869 XXXVI.
920 3841 964 3850 —
998 3803 1038 3868 L.
1062 3803 1189 3876 Pastor,

68 3895 177 3963 Gesct.
203 3897 234 3966 d.
259 3899 375 3986 Pdpste
398 3901 459 3963 seit
482 3899 551 3963 dem
575 3900 742 3987 Ausponpc
766 3901 822 3964 des
845 3899 1069 3982 Mittelolters;
1104 3901 1138 3965 T.
1164 3902 1189 3966 l.

65 3995 101 4058 l..
128 3996 187 4060 ΙΙΙ.
235 3996 400 4084 Freiburg
427 3997 524 4062 1886.

154 4093 233 4158 Post
265 4105 403 4161 mortem
440 4095 586 4181 Eugeuii
617 4093 682 4178 lV,
723 4096 777 4161 die
818 4097 857 4160 6⁰
887 4095 998 4160 Martii
1038 4119 1068 4160 a.
1105 4097 1189 4160 1447

64 4193 216 4256 unanimi
249 4193 406 4277 suffragio
438 4194 472 4257 in
497 4193 691 4259 Pontificem
727 4193 850 4258 electus
880 4193 941 4258 fuit
966 4193 1125 4258 Nicolaus
1149 4193 1190 4258 V.
