2868 4844
296 434 360 495 ’968
547 439 678 493 XXXIII
698 439 737 492 De
755 453 855 506 magno
875 437 1027 491 Occidentis
1045 435 1199 490 schismste

147 588 235 628 ΕΜ
236 589 287 627 ⁰⁰¹
275 586 392 648 nfinit.
424 583 578 648 Clemens
595 582 753 646 videlicet
772 583 883 646 statim
901 579 1057 645 Carolum
1077 580 1106 643 V
1129 599 1240 662 regem
1257 580 1410 642 certiorem

138 651 297 753 millii?
307 682 455 746 reddidit
485 682 526 745 de
556 701 617 744 sua
653 679 831 760 electiou03
871 699 931 742 rex
962 699 1041 742 vero
1074 679 1226 742 comitiae
1258 697 1427 762 procerum

308 781 507 844 convocavit
536 777 745 860 Viuoenuas,
778 788 810 842 et
842 776 896 841 die
929 776 987 840 16⁰
1009 775 1211 840 Novembris
1244 767 1427 868 solemniter}

307 877 445 961 ognovit
469 876 674 940 Clementem
700 887 736 940 ut
758 873 955 940 Pontificem
978 874 1174 986 legitimum.
1181 875 1206 955 ¹)
1239 872 1347 938 Etiam
1368 855 1427 982 ιειι

308 974 514 1050 Cardinales,
552 975 608 1060 qui
642 971 818 1038 Avenione
854 971 1056 1053 residebant,
1096 973 1159 1056 ipsi
1198 949 1427 1036 adhaeserunt

309 1074 523 1138 Universitas
536 1082 647 1136 tamen
655 1071 874 1136 Parisiensis
866 1072 960 1134 mitio
974 1068 1148 1153 defenditj
1153 1091 1214 1132 urs
1229 1067 1356 1132 Urbani
1369 1066 1427 1132 l'll

308 1171 365 1255 qui
397 1169 460 1234 hac
489 1171 529 1234 de
554 1191 588 1233 re
613 1168 752 1254 epistola
784 1168 862 1232 data
885 1168 936 1232 XI
960 1167 1035 1232 Kal.
1062 1165 1260 1231 Decembris
1291 1189 1321 1230 a.
1347 1165 1415 1228 1378

308 1267 420 1332 multia
444 1289 517 1332 eam
541 1265 689 1332 cumulat
711 1266 878 1332 laudibus.
913 1265 1033 1331 Seda
1061 1266 1156 1344 1379,
1181 1275 1322 1348 urgente
1345 1283 1427 1344 rege

302 1365 374 1450 jam
399 1385 521 1449 magna
544 1387 620 1450 pars
645 1365 818 1430 doctorum
841 1365 1081 1428 Universitatis
1104 1361 1312 1428 Clementem
1337 1381 1427 1462 agno}

308 1463 367 1526 vit.
398 1462 474 1548 lpse
498 1463 785 1548 pseudopontifex,
811 1471 985 1548 postquem
1011 1461 1152 1526 adversa
1168 1461 1306 1524 fortuna
1323 1468 1416 1522 oontm

307 1559 530 1624 Romanorum
548 1562 660 1646 copias
676 1561 861 1641 dimicavit,
887 1561 1030 1644 primum
1046 1558 1232 1644 Neapolim,
1250 1557 1330 1622 dein
1347 1577 1417 1620 vero

308 1678 409 1743 quum
439 1660 538 1722 etiam
563 1659 609 1722 ibi
635 1659 885 1744 periclitaretur,
920 1659 1056 1722 secessit
1080 1658 1306 1736 Aveniouem,
1338 1665 1416 1737 atque

308 1754 432 1820 ibidem
459 1757 629 1842 usquead
655 1767 792 1820 mortem
818 1777 911 1820 suam
938 1761 981 1836 (a.
1002 1753 1101 1836 1394)
1127 1765 1353 1818 commoratus
1374 1765 1415 1814 est

308 1851 472 1933 Quamvis
502 1865 612 1919 autem
645 1875 764 1939 magno
799 1874 872 1918 cum
907 1855 1037 1918 fervore
1075 1853 1312 1917 auctoritatem
1343 1871 1416 1912 auam

307 1951 439 2016 firmare
453 1952 610 2034 studeret,
634 1963 667 2016 et
679 1951 914 2020 Obedieutiam
929 1951 993 2016 sibi
1009 1951 1193 2036 subjectam
1212 1951 1317 2014 etiam
1332 1949 1416 2028 magis

309 2052 479 2136 magisque
503 2049 665 2130 dilataret,
700 2050 791 2115 baud
814 2061 928 2114 tamen
951 2051 1062 2114 animo
1087 2049 1172 2112 laeto
1197 2061 1360 2133 exoptata
1380 2067 1415 2128 pe

307 2149 371 2211 tuit
382 2149 505 2233 perfrui
518 2149 690 2233 dignitate,
703 2149 761 2213 sed
775 2150 942 2213 coutinuis
958 2169 1091 2232 pressus
1107 2155 1156 2209 eat
1167 2143 1414 2210 difficultatibus

307 2246 357 2308 Ut
395 2267 488 2328 reges
527 2261 559 2310 et
594 2249 761 2332 principes
791 2246 853 2310 sibi
885 2245 1036 2310 addictos
1067 2247 1236 2324 retineret,
1277 2243 1417 2306 servitute

308 2343 452 2429 quadam
477 2345 557 2429 ipsis
581 2347 616 2408 in
640 2345 794 2410 omnibus
818 2345 955 2430 obsequi
981 2353 1115 2409 coactus
1138 2353 1198 2425 est,
1232 2351 1340 2427 utque
1361 2339 1418 2402 Cer-

308 2440 476 2506 dinalibua
500 2444 567 2508 suis
591 2444 727 2528 triginta
746 2465 814 2527 sex,
839 2442 1043 2528 reliquisque
1058 2441 1214 2527 praelatis
1231 2439 1419 2504 necessarios

307 2550 500 2624 procuraret
529 2551 726 2625 proventus,
768 2551 800 2605 et
833 2541 876 2605 ad
910 2540 996 2605 bella
1027 2543 1059 2604 in
1095 2537 1190 2603 Italia
1224 2533 1418 2602 meridionali

306 2638 452 2721 gerenda
485 2639 632 2702 subsidia
669 2649 780 2724 posset
813 2639 938 2723 largiri,
977 2639 1066 2702 omni
1103 2659 1168 2722 quo
1201 2639 1318 2720 potuit
1342 2630 1420 2696 modo

307 2737 469 2819 pecuniae
493 2738 555 2821 ipsi
581 2747 674 2800 erant
698 2736 932 2822 corrogandae.

404 2833 457 2899 30.
509 2833 748 2899 Tristissimum
788 2856 897 2899 rerum
939 2845 1059 2898 statum
1100 2831 1208 2897 fusius
1248 2831 1422 2896 describere

307 2931 443 3015 longum
460 2941 562 3012 esset3
586 2933 711 2997 sufficit
725 2932 842 2998 audire
859 2957 907 3016 ea,
933 2955 1017 3020 quae
1042 2930 1238 2995 scribuntur
1262 2953 1284 2996 a
1310 2927 1421 2994 duobus

307 3028 499 3093 {auctoribus
523 3032 665 3107 coaevis,
698 3033 801 3116 ipsius
827 3031 1008 3094 Clementis
1032 3027 1256 3095 Obedientiae
1283 3027 1422 3092 addictis.

308 3147 447 3212 quorum
472 3125 554 3190 alter
577 3140 626 3191 est
649 3128 806 3193 Nicoleus
830 3152 849 3192 e
875 3128 1075 3212 Clemangis,
1109 3125 1192 3191 alter
1216 3147 1301 3190 vero
1328 3146 1421 3190 mone·

308 3223 391 3288 chus
424 3247 448 3288 s.
473 3225 639 3310 Dionysii,
672 3229 727 3312 qui
754 3225 948 3291 chronicum
974 3225 1062 3290 illius
1086 3226 1247 3310 temporis
1273 3223 1420 3288 exaratit.

310 3321 433 3406 ,Quid
458 3324 505 3387 ait
518 3325 618 3409 prior,
644 3323 814 3388 Clemente
838 3336 948 3390 nostro
964 3323 1073 3410 quoad
1092 3325 1177 3388 vixit
1198 3319 1422 3386 miserabilius

307 3422 364 3507 qui
389 3422 435 3483 ita
459 3443 493 3484 se
518 3443 650 3486 servum
672 3444 841 3488 servorum
859 3420 997 3486 Gallicis
1020 3419 1230 3506 principibus
1255 3419 1422 3506 adjecerat

382 3661 401 3722 ¹)
420 3658 560 3728 Principes
580 3657 686 3714 Galliae
708 3660 764 3728 jam
784 3671 866 3714 antea
890 3660 1062 3722 consensisse.
1088 3661 1129 3714 nti
1154 3659 1284 3724 diximus,
1311 3660 1421 3715 electior

306 3737 447 3793 Pontificis
465 3739 575 3794 Urbeuo
595 3740 754 3807 opponendi,
774 3741 914 3794 contendit
932 3740 1089 3794 Bonifatius
1101 3739 1142 3794 IX
1160 3741 1309 3808 encyclicis
1329 3739 1417 3796 litteris

307 3833 374 3884 (rues
393 3817 468 3872 dedit
486 3835 510 3873 a.
533 3819 597 3873 1391
619 3819 681 3874 Kal.
701 3820 774 3872 liert
801 3821 835 3872 ad
854 3820 994 3874 universos
1012 3819 1111 3875 fideles.
1151 3821 1230 3888 „Nec
1249 3823 1351 3876 scribit
1377 3837 1422 3887 prs

307 3899 401 3953 cedere
414 3899 623 3966 praesumebant
636 3899 669 3952 ad
683 3899 839 3953 electionem
853 3900 920 3955 dicti
934 3899 1088 3968 antipapae.
1108 3899 1183 3968 prius
1196 3917 1279 3966 quam
1298 3915 1417 3956 emensos

307 3979 467 4048 pestiferum
486 3980 637 4048 principum
658 3979 765 4034 Galliae
790 3979 949 4035 habuissent
983 3995 1089 4035 coenses
1107 3979 1159 4035 Vll
1187 3989 1216 4035 et
1244 3983 1365 4050 amplius
1390 3995 1421 4031 ri-

307 4063 470 4128 spectautes‚
491 4075 569 4126 quem
588 4060 663 4128 impii
689 4075 862 4127 perversores
885 4061 962 4115 falsis
988 4061 1097 4122 litteris,
1123 4059 1220 4127 quibus
1243 4063 1368 4116 eumdem
1386 4059 1422 4110 i'r·

307 4139 406 4193 banum
426 4139 543 4193 voluisse
567 4139 674 4193 auterre
700 4139 789 4194 domm
809 4142 941 4196 Francius
970 4155 1084 4208 reguum
1103 4140 1264 4195 arelatense
1293 4143 1422 4210 ιιιιςιιιιι

307 4225 410 4272 temere
428 4225 625 4273 extoreemnt.“
664 4223 712 4287 Ap,
733 4221 856 4276 d'Aoloeri
876 4222 1001 4289 spicileg.
1020 4220 1051 4274 Τ.
1072 4221 1092 4274 l.
1111 4234 1137 4288 p.
1158 4220 1218 4276 too.
