2836 4848
421 455 461 510 Dc
479 456 615 512 Decretali
634 457 726 510 Novit.
1079 457 1131 511 377

38 625 63 664 rc
82 627 110 666 se
134 603 256 691 dejure
271 601 371 686 feudi
394 610 478 663 stare
502 599 653 664 mandato
677 599 725 664 cel
740 599 867 689 judicio
889 597 981 665 Sedis
996 600 1130 688 Aposto-

36 699 97 763 lirae
119 721 180 763 non
201 701 309 762 teneri.
340 696 452 777 Quum
473 697 572 783 legati
596 697 678 762 haec
693 698 888 762 Innocentio
913 700 1130 782 nuntiassent,

34 799 181 881 graviores
201 795 356 861 Pontifex
385 795 427 859 ed
452 817 563 880 regem
589 795 681 860 dedit
702 795 827 860 litteras
851 796 896 878 (d.
922 796 953 861 d.
977 797 1031 862 31.
1056 796 1130 862 Oct.

35 897 123 974 1203),
157 895 274 980 quibus
305 894 346 958 de
371 916 526 980 responso
543 895 623 980 ¹ejus
650 895 872 979 conqueritur.
930 895 1001 958 Nos
1022 895 1130 978 ipitar,

32 994 137 1069 <cubit
161 995 375 1080 responsionis
406 994 497 1082 liujus
531 1003 636 1056 tenore
663 991 792 1079 plenius
821 990 991 1069 intellecto,
1021 993 1132 1055 mirati

30 1116 116 1154 umus
144 1115 205 1153 nou
228 1091 384 1154 modicum
416 1101 445 1152 ct
477 1089 608 1168 turbati,
642 1091 726 1176 quod
755 1089 920 1154 canalium
951 1090 1061 1153 iniisse
1088 1090 1131 1153 vi-

29 1189 106 1263 ten,
130 1201 160 1252 et
181 1191 383 1251 concinnasse
403 1210 586 1273 responsum
610 1199 721 1252 contra
744 1186 838 1252 Sedis
852 1187 1055 1274 Apostolicae
1075 1210 1131 1272 po-

28 1299 161 1365 tatorem,
191 1298 343 1372 tanquam
362 1285 621 1374 jurisdictionem
651 1291 718 1375 ejas
747 1285 825 1350 velis
856 1297 914 1350 aut
944 1283 1053 1350 valeas
1084 1307 1130 1348 co·

28 1397 145 1457 entare,
174 1407 266 1470 psam
299 1407 364 1446 non
387 1385 474 1448 homo
499 1384 555 1448 sed
578 1385 675 1460 Deus,
706 1386 768 1449 imo
797 1385 902 1448 verius
926 1384 1130 1447 Deus-Homo

27 1487 50 1544 in
76 1481 296 1568 spiritualibus
328 1503 427 1566 resque
461 1483 540 1546 adeo
573 1482 741 1561 dilatavit,
773 1493 808 1547 ut
837 1492 971 1567 nequeat
995 1481 1133 1566 amplius

26 1582 169 1668 ampliari,
193 1603 287 1668 quam
299 1579 507 1666 adjectionem
529 1603 592 1643 non
608 1581 745 1666 recipiat
761 1579 980 1666 amplitudo.¹)
1008 1577 1133 1643 Probat

25 1679 97 1757 dein,
115 1681 207 1764 juste
231 1679 340 1762 ipsum
366 1677 430 1740 hac
453 1679 487 1742 in
512 1699 547 1741 re
571 1678 784 1760 intervenire,
809 1688 842 1742 ct
865 1678 1129 1742 excommunica·

24 1779 125 1840 tionem
151 1777 222 1859 regi
248 1776 403 1854 minatur,
429 1776 493 1839 nisi
518 1774 720 1861 obsequatur
744 1777 849 1861 ipsius
866 1777 1008 1840 monitis.
1045 1773 1129 1840 Scri-

22 1879 73 1958 psit
93 1878 193 1938 etiam
227 1873 478 1958 archiepiscopo
512 1873 694 1938 Senonensi
729 1885 761 1937 et
790 1873 903 1938 abbati
937 1871 1129 1954 casemarii,

22 1988 48 2036 nt
74 1995 183 2058 regem
217 1973 564 2052 excommunicarent,
598 1973 625 2035 si
658 1993 773 2058 pacem
805 1971 858 2035 vel
891 1982 1023 2055 treugas
1054 1991 1130 2034 eum

19 2071 131 2136 loenne
157 2073 242 2135 inire
265 2081 442 2136 recusaret.

92 2172 142 2234 tl.
178 2167 291 2248 Quum
317 2189 395 2230 voro
420 2189 507 2231 enno
535 2167 621 2231 1204
645 2166 833 2252 Philippus,
859 2168 993 2231 monitis
1016 2165 1126 2230 Ponti-

20 2269 75 2330 ficis
97 2267 268 2350 neglectio,
293 2263 416 2330 bellum
442 2275 556 2330 contra
580 2266 746 2331 Joannem
772 2267 990 2346 continuaret,
1015 2286 1127 2328 mense

20 2365 107 2450 ,tpn‘li
132 2365 351 2429 innocentius
364 2363 415 2428 III
439 2363 552 2428 abbati
578 2362 760 2428 Casemarii
785 2365 960 2446 commisit,
985 2373 1022 2426 ut
1040 2363 1128 2448 judi·

19 2467 89 2527 cium
113 2463 327 2528 definitivum
352 2462 452 2526 ferret
477 2461 517 2524 de
540 2460 597 2526 lite
622 2463 708 2526 inter
724 2461 806 2526 duos
822 2483 924 2546 reges.
965 2461 1020 2526 Ad
1037 2468 1128 2548 piae·

21 2561 87 2626 eules
119 2559 252 2626 Galliae
289 2569 399 2623 autern
434 2559 527 2623 dedit
561 2558 687 2622 litteras
720 2560 835 2638 Novit,
869 2559 991 2645 quibus
1024 2560 1130 2624 fusius

20 2664 234 2726 auctoritatem
259 2657 355 2722 Sedis
372 2656 584 2742 Apostolicee
609 2659 643 2720 in
667 2655 723 2721 illo
748 2659 879 2740 negotio
904 2656 1064 2738 vindieat,
1089 2680 1129 2722 ac

20 2759 165 2843 principis
192 2753 315 2842 quibus
338 2754 454 2818 eadem
479 2757 604 2818 nitatur
620 2757 767 2840 exponit.
803 2755 951 2820 Primum
976 2778 1069 2820 suam
1094 2758 1129 2820 in

20 2853 195 2942 Philippum
221 2853 358 2938 ejusque
382 2874 520 2936 regnum
545 2851 814 2916 benevolentiam
839 2852 984 2917 exhibet.
1029 2853 1130 2919 Novit

19 2951 68 3023 ille,
90 2957 145 3034 ait,
170 2954 230 3040 qui
252 2951 333 3014 nihil
357 2953 492 3036 ignorat,
518 2954 572 3036 qui
585 2961 743 3014 scrutator
767 2962 813 3014 est
835 2952 975 3016 cordiam
999 2975 1036 3015 ac
1059 2975 1129 3016 con·

19 3053 84 3116 rcr'us
105 3061 308 3127 secretorum,
335 3049 419 3135 quod
434 3049 644 3112 clarissimam
667 3051 702 3112 in
722 3047 846 3114 Christo
862 3049 970 3133 filiam
989 3059 1130 3113 nostram

20 3149 210 3238 Philippum,
242 3168 343 3234 repom
366 3147 563 3210 Francorum
595 3145 765 3226 illustrem,
797 3147 835 3210 de
866 3147 959 3210 eorde
984 3169 1069 3232 paro
1101 3157 1131 3210 et

19 3251 196 3312 conscientia
227 3247 310 3308 bona
335 3255 365 3308 er
379 3244 448 3327 fide
471 3268 535 3308 uon
550 3245 637 3327 ficta,
655 3246 826 3332 dilipimus,
858 3256 888 3309 et
918 3247 962 3309 ad
984 3247 1130 3308 honorem

19 3367 46 3405 nr
68 3345 248 3432 profectum
280 3353 310 3406 et
338 3345 562 3406 incrementum
599 3346 702 3429 ipsias
735 3343 906 3430 efficaciter
938 3347 1128 3430 aspiramus,

19 3443 233 3506 ‘saltationem
260 3442 350 3525 rapui
371 3441 565 3506 Francorem
595 3441 848 3505 sublimationem
879 3441 971 3507 Sedis
994 3441 1128 3529 Aposto-

20 3535 82 3602 liroe
104 3549 302 3627 reputantes,
327 3563 419 3624 qaam
441 3539 496 3602 lrcc
519 3562 647 3624 repetam
671 3539 865 3604 benedictam
880 3565 900 3603 a
915 3543 984 3605 Dec
1010 3565 1130 3626 semper

20 3639 44 3696 in
64 3641 160 3724 ipsias
185 3637 351 3700 devotione
373 3640 599 3722 permanserit,
631 3647 660 3700 et
684 3637 722 3700 ab
752 3642 818 3726 ejus
842 3639 1004 3702 deuotione
1028 3637 1128 3718 icelle,

20 3737 82 3800 rtur
103 3736 273 3812 credimus,
299 3744 434 3820 ternpore
458 3736 500 3797 sit
524 3734 742 3798 discessuram.
759 3773 803 3781 —
819 3734 1024 3799 Protestatur
1040 3735 1128 3813 dein,

21 3853 45 3892 rc
64 3833 252 3898 nullatenus
267 3830 351 3895 velle
374 3833 461 3914 regis
479 3831 747 3916 jurisdictionem
765 3835 924 3897 minuere.
964 3835 1041 3898 Non
1057 3857 1128 3922 erpo

19 3943 90 4012 potet
111 3934 195 4018 qais,
221 3929 306 4015 qaod
321 3929 579 4016 jurisdictionem
603 3927 663 3994 aut
680 3941 865 4016 potestatem
888 3929 1024 3996 illustris
1047 3933 1129 4015 repis

22 4025 197 4094 linaearum
216 4027 408 4115 perturbare
439 4037 496 4090 ant
523 4028 663 4091 minuere
694 4029 908 4112 intendamus,
940 4052 1032 4114 qaum
1060 4030 1128 4115 ipse

24 4161 33 4168 ν
48 4165 216 4174 -—-..—-.---

80 4244 97 4308 ¹,
115 4243 184 4310 Eup.
203 4240 236 4294 1..
258 4241 307 4294 Vl.
326 4256 366 4308 cp.
388 4240 448 4294 163.
