2858 4834
274 399 328 454 oto
542 397 642 451 XXVI.
661 398 702 452 De
719 397 890 454 Pontificstu
909 397 1062 453 Innocentii
1079 397 1132 478 m·

120 541 253 644 fflrffl‘ffi
276 543 522 628 quiescendum
545 540 748 628 Apostolicae
780 543 941 606 servitutis
971 541 1109 628 officium
1141 565 1248 607 sumus
1270 541 1417 627 singtilis

251 631 309 704 ‘in
325 641 459 729 justitia
482 639 651 717 debitores,
683 640 764 702 sicut
780 639 945 727 justitiam
966 651 1109 704 nostram
1140 641 1180 704 ab
1205 640 1282 705 aliis
1310 641 1405 704 uolu-

275 761 342 802 mus
371 738 538 824 usurpari,
572 738 616 801 sic
639 741 696 826 jus
718 738 905 824 principum
935 738 1026 801 nobis
1052 737 1198 803 nolumus
1226 739 1406 803 uindicare.

279 835 368 900 Unde
398 835 466 900 illis
492 835 697 923 principibus
719 838 777 922 jus
801 845 832 899 et
851 845 1039 928 potestatem
1062 834 1201 921 stipendi
1222 858 1333 922 repam,
1369 839 1417 899 in

274 935 501 1021 Imperatorem
506 933 710 1020 postmodum
726 932 987 1020 promovendum,
1011 935 1268 1020 recopnoscimus,
1291 945 1325 998 ut
1350 935 1417 1006 deu

274 1033 388 1110 bemus,
429 1031 473 1096 od
502 1055 580 1117 quos
609 1031 648 1094 de
674 1034 750 1118 jure
779 1055 816 1094 ac
848 1033 983 1117 antiqua
1005 1031 1228 1096 consuetudine
1258 1035 1406 1096 noscitur

268 1131 454 1217 pertinere,·
483 1130 675 1216 praesntim
698 1153 766 1198 cum
790 1129 835 1192 cd
858 1151 909 1193 eos
926 1134 983 1220 jus
1007 1139 1037 1193 et
1056 1139 1200 1215 potestas
1221 1130 1408 1218 hujusmodi

274 1226 314 1291 ab
349 1225 535 1312 Apostolica
568 1225 648 1292 Sede
678 1228 873 1312 provenerit,
906 1251 987 1314 quoe
1019 1230 1197 1292 Romanum
1228 1229 1417 1314 Imperium

273 1325 309 1387 in
323 1346 497 1410 personam
531 1323 691 1410 mopnifici
717 1322 878 1412 Corolia
904 1324 1037 1390 Graecis
1067 1325 1233 1390 transtulit
1259 1327 1295 1390 in
1323 1325 1406 1390 Ger-

272 1445 393 1486 massot.

364 1563 415 1627 l‘l.
462 1561 529 1628 Sed
553 1563 591 1626 3⁰
614 1572 688 1649 post
711 1563 906 1629 electionem
930 1565 1030 1629 etiem
1048 1562 1203 1628 Pontifici
1228 1587 1289 1630 sua
1313 1583 1417 1648 com-ff

273 1669 391 1748 petunt
408 1660 497 1745 jura.
533 1659 644 1741 Quum
660 1661 819 1726 videlicet
842 1663 975 1726 nonnisi
991 1659 1162 1726 Pontificis
1187 1665 1417 1748 coronatione}

273 1768 306 1823 et
339 1760 586 1823 consecratione
621 1758 768 1844 dignitas
801 1759 982 1846 imperialis
1006 1759 1205 1842 conferatur,
1243 1749 1417 1825 Pontifici?

273 1857 430 1941 competit
455 1861 513 1946 jus
536 1859 703 1936 cruminis,
738 1868 849 1922 utrum
880 1858 1003 1923 electus
1028 1856 1148 1942 dignus
1172 1860 1223 1937 sit,
1254 1859 1313 1944 qui
1341 1861 1417 1934 Imp

272 1964 404 2041 perator
428 1955 658 2021 constituetur.
697 1958 737 2021 In
757 1955 821 2021 hoc
841 1977 919 2021 vero
938 1957 1015 2042 jure
1031 1955 1222 2038 includitur,
1246 1957 1351 2042 quod,
1377 1959 1417 2036 si

273 2052 396 2118 electus
420 2054 626 2119 a'Pontifice
651 2065 826 2119 censeatur
848 2053 939 2118 haud
963 2055 1095 2138 dignus,
1129 2055 1299 2140 principes
1324 2049 1417 2118 Ger-³

272 2153 404 2216 maniae
428 2151 531 2216 alium
556 2152 700 2217 debeant
724 2151 845 2238 eligere
874 2175 996 2240 regem.
1043 2151 1078 2216 Si
1111 2173 1189 2216 vero
1224 2151 1258 2216 id
1292 2152 1417 2244 facere,

271 2258 442 2339 recesent,
482 2259 590 2336 potest
615 2251 772 2316 Pontifex
808 2251 864 2315 alii
896 2253 965 2335 regi
1000 2271 1156 2314 coronam
1193 2249 1417 2335 imperialem}

273 2347 439 2429 conferre3
468 2347 597 2432 indiget
626 2350 713 2413 enim
754 2348 907 2413 Ecclesia
937 2348 1113 2414 Advocato
1143 2358 1176 2412 et
1206 2347 1417 2436 Defensore.}

273 2445 337 2510 Sed
360 2457 390 2510 et
407 2447 583 2533 principes,
618 2445 743 2528 scribit,
775 2470 992 2534 recopnoscere
1016 2445 1138 2526 debent,
1172 2459 1202 2511 et
1223 2449 1336 2534 utique
1359 2447 1417 2530 re]

271 2555 473 2631 coquoscunt,
512 2545 597 2629 quod
627 2550 684 2634 jus
716 2555 747 2609 et
779 2547 954 2610 auctoritas
984 2545 1194 2609 ecaminondi
1225 2553 1417 2636 personam}

272 2641 401 2706 electam
435 2644 470 2705 in
499 2666 615 2728 repom,
655 2654 685 2706 et
708 2642 958 2728 promovendam
993 2643 1028 2706 in
1050 2643 1230 2728 Imperium,
1268 2643 1317 2706 od
1348 2657 1417 2724 nosj

271 2751 403 2827 spectat,
427 2741 482 2825 qui
504 2763 574 2804 eom
596 2741 785 2826 inconcinnus,
811 2763 1036 2822 consecramus,
1061 2751 1090 2812 et
1113 2763 1310 2805 concitamus.
1347 2743 1417 2804 Est

271 2839 354 2902 enirn
376 2837 567 2924 repuleritcr
590 2848 620 2902 et
641 2836 832 2924 generaliter
855 2839 1061 2916 obseruatum,
1086 2849 1121 2902 ut
1135 2839 1180 2902 ad
1195 2861 1264 2903 eum
1280 2841 1417 2924 exemi-5

270 2937 360 3000 notio
377 2957 537 3022 personae
555 2937 731 3022 pertineat,
764 2936 808 3000 ad
831 2959 920 3021 quem
943 2936 1103 3022 impositio
1127 2959 1242 3000 neonus
1264 2947 1417 3038 spectet.¹

272 3033 436 3118 Numquid
466 3035 558 3112 enim,
596 3036 627 3097 si
651 3036 816 3120 principes
847 3057 912 3098 non
940 3033 1040 3099 solum
1072 3036 1107 3098 in
1130 3034 1308 3113 discordia,
1347 3033 1417 3124 sed,

270 3131 366 3194 etiam
405 3133 440 3195 in
464 3131 634 3196 concordia
666 3131 853 3217 sacrilepum
886 3153 1117 3218 quemcumque,
1147 3131 1197 3196 ool
1225 3155 1398 3196 eccommu-

269 3229 410 3293 nicotum
432 3231 468 3293 in
490 3252 601 3314 repom,
632 3241 811 3317 tyrannum,
842 3229 893 3294 vel
914 3229 1057 3318 fatuum,
1086 3231 1275 3294 haereticum
1309 3229 1398 3315 elipe·

269 3337 341 3391 rent
371 3337 427 3392 aut
450 3349 626 3424 peponum,
664 3349 722 3392 nos
748 3329 909 3413 inuupere,
954 3351 1145 3407 consecrare,
1179 3353 1217 3393 ac
1245 3349 1417 3412 coronare,

270 3426 425 3490 hominem
448 3426 627 3514 lupcsmodi
648 3424 815 3490 debemus?
843 3425 937 3490 Absit
960 3428 1096 3492 omnino.

364 3579 415 3642 18.
464 3577 499 3643 Si
522 3598 600 3641 vero
624 3577 663 3642 4⁰
687 3577 813 3641 discors
837 3576 961 3641 accidit
984 3577 1110 3659 electio,
1136 3575 1312 3642 Pontificis
1336 3588 1400 3641 cst:

273 3675 307 3756 e)
331 3670 505 3759 Principes
530 3697 675 3757 monere,
700 3686 737 3738 ut
751 3677 928 3740 restituant
951 3675 1162 3740 concordiam
1187 3685 1219 3738 et
1242 3676 1276 3738 in
1297 3691 1417 3738 unum*

275 3793 335 3836 sua
358 3773 516 3856 suffragia
540 3773 725 3840 conferant.
750 3808 794 3820 —
817 3771 854 3858 b)
879 3771 914 3836 si
930 3773 1105 3838 Pontificis
1129 3774 1255 3837 monita
1279 3773 1417 3850 effectui

274 3879 397 3954 carent,
429 3871 585 3936 Pontifex
608 3869 662 3935 vel
686 3880 723 3934 ut
746 3871 867 3934 arbiter
898 3893 918 3933 a
946 3870 1155 3956 principibus
1179 3868 1315 3954 electus,
1349 3866 1417 3956 vell

264 3971 341 4056 jure
359 3970 497 4055 proprio
528 3970 563 4031 vi
588 3969 735 4032 muneris
759 3970 809 4031 sui
834 3970 1031 4032 sententiam
1067 3967 1130 4032 fert
1152 3990 1211 4053 p1n
1243 3967 1417 4032 alterutro,

273 4087 316 4130 ex
348 4066 635 4152 competitoribus3
675 4066 776 4153 idque
809 4065 879 4152 ejus
906 4067 964 4152 jus
999 4075 1049 4130 est
1071 4075 1104 4130 et
1126 4065 1290 4148 officium,
1322 4065 1395 4152 quia

272 4163 426 4230 Ecclesia
450 4163 541 4228 haud
566 4164 624 4230 diu
648 4185 761 4229 carere
784 4172 893 4249 potest
906 4163 1082 4228 Advocato
1098 4173 1131 4228 et
1145 4163 1342 4230 Defensore.
1357 4197 1397 4209 -
