2868 4844
366 420 407 474 De
425 418 606 474 exstinctione
624 419 786 476 schismatis.
1082 422 1137 478 305

32 588 61 629 eo
95 575 241 652 tempore
288 561 514 628 characterem
552 561 681 647 Synodi
718 563 883 647 generalis
928 587 994 630 non
1041 564 1138 651 plene

32 663 183 747 babuisse,
208 683 246 726 eo
271 660 359 747 quod
384 660 500 726 deerat
521 660 641 746 Caput,
666 682 815 726 summus
838 661 1035 745 Pontifex.¹)

109 761 159 826 17.
208 757 349 824 Consilii
376 756 642 824 constantiensis
666 760 834 824 sessionne
858 761 1028 844 trigesima
1050 782 1138 827 nona

31 859 142 922 editum
168 867 217 922 est
241 857 411 922 decretum
435 857 606 941 Frequens,
641 878 705 942 quo
736 856 780 922 ad
803 859 1070 942 praecavendum
1104 861 1139 922 in

30 967 186 1041 posterum
209 955 400 1033 schismata,
426 953 644 1035 statuebatur,
669 964 705 1018 ut
728 956 955 1040 quinquennio
980 955 1140 1042 posthoc

30 1051 205 1117 Concilium
230 1052 352 1138 elapsu,
376 1051 469 1116 alind
495 1051 685 1117 Concilium
710 1051 941 1135 celebraretur,
967 1057 1138 1140 septennio

28 1163 91 1236 post
112 1148 213 1235 alind,
239 1161 272 1214 et
295 1150 453 1235 deinceps
477 1150 617 1234 singulis
642 1150 853 1232 decenniis.²)
883 1152 951 1216 Ista
966 1151 1137 1238 dispositio

28 1263 127 1313 umen
152 1251 290 1313 inventa
314 1259 364 1312 est
387 1247 499 1312 multis
520 1247 665 1312 obnoxie
681 1249 913 1314 incommodis.
928 1287 971 1298 -
986 1250 1139 1318 Sessione

27 1347 272 1432 quadragesima
295 1355 454 1410 statutum
479 1355 537 1426 est,
562 1356 599 1410 nt
621 1346 751 1410 saturus
773 1345 929 1410 Pontifex
954 1370 1027 1412 curn
1046 1372 1139 1416 sacro

28 1442 167 1508 Concilio
185 1442 239 1508 vel
255 1443 423 1529 deputatis
439 1446 622 1524 nationum,
638 1454 714 1508 ante
732 1442 872 1508 Consilii
890 1445 1139 1514 dissolutionem

28 1541 202 1608 Ecclesiam
221 1552 253 1605 et
271 1541 455 1606 Romanam
473 1543 599 1606 curiam
618 1542 821 1609 reformaret.
851 1542 1028 1609 Praeterea
1051 1547 1139 1631 quod

25 1640 60 1703 ad
94 1643 172 1704 novi
205 1639 378 1704 Pontificis
411 1638 607 1703 electionem
642 1641 798 1725 pertinet,
837 1639 878 1704 de
911 1639 1138 1710 Cardinalinm

26 1759 179 1801 consensu
211 1737 381 1802 decretum
411 1745 473 1817 est,
506 1747 543 1801 nt
573 1758 631 1823 pro
664 1736 726 1800 hac
751 1739 824 1801 vice
849 1749 975 1803 tantum
1010 1751 1141 1825 praeter

26 1833 212 1900 Cardinnles
235 1835 277 1900 ad
303 1834 493 1920 eligendum
518 1857 643 1900 novum
668 1835 863 1900 Pontificem
887 1836 1140 1904 admitterentur

26 1955 75 1996 sex
107 1932 245 2020 praelati
279 1933 332 1998 vel
363 1932 420 1998 alii
445 1931 657 1998 honorabiles
681 1934 744 1997 viri
770 1935 805 1998 in
829 1935 932 1998 saeris
956 1933 1140 2002 Ordinibus

24 2034 185 2096 constituti
218 2054 260 2094 ex
284 2053 484 2118 unaquaque
517 2033 662 2111 natione,
693 2053 776 2117 qnos
800 2031 967 2117 quaelibet
991 2037 1080 2099 natio
1104 2037 1136 2100 in

25 2126 165 2194 Concilio
199 2151 355 2216 praesens
388 2127 532 2212 eligeret.
580 2128 620 2193 Id
652 2129 686 2192 in
711 2129 940 2214 praesentibus
972 2131 1139 2216 adjunctis

88 2363 107 2420 ¹)
127 2360 317 2428 Opportunum
345 2358 399 2414 erit
417 2365 521 2423 notare,
550 2373 619 2424 quae
647 2358 680 2413 de
707 2358 850 2413 Benedicti
876 2361 946 2416 XIII
973 2363 1140 2430 depositione

23 2443 111 2496 scribit
140 2442 253 2496 Maurus
281 2440 415 2508 Capellari
444 2439 605 2509 (Gregorius
633 2439 726 2508 XVI),
761 2440 904 2510 'iriompbe
935 2442 972 2495 dn
998 2442 1023 2496 S.
1051 2443 1139 2513 Siege,

24 2521 144 2576 Discours
162 2520 349 2589 preiiminaire
377 2521 402 2589 g.
422 2519 493 2575 LIV.
532 2519 665 2588 ,L'eglise
692 2519 725 2574 de
743 2520 843 2575 Benoit
861 2537 895 2576 ne
913 2520 1065 2578 s'eteudoit
1091 2539 1140 2592 pas

22 2601 75 2656 hors
94 2604 127 2658 de
138 2602 283 2658 l‘enoeinte
301 2601 334 2655 de
348 2600 494 2662 Peniscola
514 2600 608 2668 depuis
628 2616 679 2666 que
697 2616 739 2654 ses
757 2601 902 2669 partimus,
921 2608 950 2658 et
962 2619 1028 2658 aveo
1040 2605 1139 2660 euxles

22 2685 82 2736 trois
101 2683 252 2736 cardinaux
271 2681 317 2748 qui
336 2679 542 2744 laoniensem,
569 2680 697 2733 s'etaient
714 2681 859 2736 soustraits
877 2683 895 2734 a
912 2699 960 2737 son
979 2683 1138 2739 obeissance.

24 2763 54 2816 Le
80 2763 184 2818 canule
209 2761 280 2816 etait
303 2761 371 2814 dono
396 2761 457 2814 bien
482 2762 602 2814 antorise
630 2764 647 2812 a
669 2761 754 2814 croire
782 2776 833 2828 que
860 2777 902 2816 ses
926 2761 1049 2818 feuteurs
1074 2780 1139 2818 eux·

20 2847 113 2898 memes
133 2841 248 2896 avaient
265 2857 382 2896 reconna
401 2839 590 2909 l'illegitimite
608 2848 638 2895 et
655 2841 682 2894 la
699 2841 798 2895 nuilite
823 2842 856 2896 de
874 2857 922 2897 sou
941 2845 1076 2900 elevatior
1103 2859 1139 2897 au

21 2925 94 2993 siege
115 2923 300 2991 apostolique,
327 2929 355 2976 et
379 2923 400 2976 il
418 2937 454 2976 ne
471 2921 565 2976 devait
582 2937 631 2990 pas
650 2921 789 2976 d'aillenrs
807 2925 932 2989 cooperer
949 2926 966 2976 a
984 2924 1011 2977 la
1033 2925 1139 2992 prolon-

20 3005 111 3072 galion
131 3005 168 3058 du
187 3003 313 3068 schisma,
342 3017 375 3057 en
399 3003 424 3058 le
448 3001 564 3056 laissant
589 3001 655 3055 dans
681 3002 707 3056 la
731 3002 844 3070 paisible
866 3004 1016 3071 possession
1034 3004 1067 3060 de
1091 3021 1139 3061 son

20 3087 150 3150 pritendn
187 3081 337 3152 pontificat.
381 3081 405 3136 Il
435 3082 512 3136 avait
539 3081 607 3137 donc
637 3081 703 3135 dans
732 3088 805 3138 cette
829 3081 976 3150 hypothese
1004 3084 1028 3138 le
1059 3085 1139 3151 droit,

19 3163 107 3220 o'etait
126 3167 212 3220 meme
231 3179 300 3231 pour
316 3163 355 3217 lui
375 3179 411 3217 nn
431 3161 525 3218 devoir
543 3163 576 3216 de
589 3161 717 3229 pourvoir
730 3165 746 3214 d
758 3162 786 3215 le
797 3163 969 3228 tranquillite
982 3165 1014 3217 de
1026 3164 1140 3233 IEglise

20 3261 49 3299 eu
67 3247 203 3315 diposam
220 3244 331 3305 Benoit
351 3249 380 3297 et
397 3242 450 3296 l'on
467 3257 503 3296 ne
520 3251 588 3310 peut
606 3259 639 3296 en
659 3241 762 3296 inserer
780 3243 845 3308 qrt’il
864 3243 905 3296 ait
923 3244 948 3298 le
967 3246 1050 3299 meme
1068 3245 1140 3299 droit

19 3335 108 3381 contre
137 3342 176 3380 un
203 3325 278 3394 Pape
306 3324 487 3378 evidemmeut
510 3323 642 3392 legitime.
679 3324 722 3377 Eu
750 3322 825 3387 edet,
856 3323 877 3376 il
906 3339 1043 3392 prononca
1068 3331 1140 3380 cette

19 3407 141 3464 dormiere
160 3413 299 3471 sentence,
322 3411 351 3459 et
370 3405 389 3457 il
408 3404 540 3458 l'executa
559 3421 592 3458 en
610 3409 775 3473 s·cppuyant
793 3419 846 3457 non
864 3419 911 3458 sur
929 3419 961 3458 sa
978 3405 1140 3472 superiorite

19 3503 49 3539 en
67 3487 154 3556 Papa,
179 3487 247 3540 mais
265 3501 312 3539 snr
330 3485 357 3538 la
375 3484 543 3552 supposition
563 3483 658 3538 fondee
677 3500 729 3552 qne
747 3484 845 3538 Beuoit
871 3481 966 3538 n’etait
984 3501 1032 3552 pes
1050 3485 1137 3554 Pape;

18 3581 45 3619 or
57 3567 84 3620 la
98 3569 244 3636 puissauce
262 3567 295 3619 de
308 3563 427 3634 l’ilglise,
443 3579 477 3618 eu
492 3565 524 3618 de
534 3564 634 3633 pareils
648 3579 699 3628 cas,
719 3570 762 3618 est
775 3563 847 3618 aussi
861 3563 1056 3619 incontestable
1074 3564 1139 3632 qn'il

18 3657 56 3700 est
74 3650 261 3714 evidensque
279 3646 357 3711 J.·O.,
387 3659 420 3698 en
439 3644 603 3700 etablissant
626 3661 695 3713 pour
720 3644 746 3698 la
771 3643 887 3699 securite
912 3645 959 3697 des
983 3643 1076 3699 fideles
1102 3661 1139 3699 uu

17 3735 232 3796 genremement
256 3725 401 3782 immuable
438 3725 536 3780 visible
555 3732 584 3780 et
601 3725 750 3792 perpetual,
778 3724 837 3778 doit
860 3724 937 3778 avoir
962 3739 1068 3791 pooron
1091 3741 1140 3778 son

17 3809 108 3878 Eglise
128 3809 164 3864 de
180 3815 241 3862 tons
261 3806 299 3861 les
319 3821 427 3872 moyens
447 3806 493 3872 qni
512 3805 551 3860 lui
569 3809 632 3861 sout
651 3805 813 3860 uecessaires
841 3819 908 3871 pour
935 3819 1077 3873 reponsser
1103 3821 1140 3859 nn

18 3889 76 3944 chef
92 3889 249 3958 illegitime.
274 3887 299 3941 ΙΙ
313 3886 351 3941 lui
371 3902 387 3938 a
406 3886 474 3940 donc
492 3887 689 3940 certoinement
707 3884 815 3940 confere
834 3883 859 3938 le
877 3884 957 3949 droit,
976 3885 1043 3938 daris
1056 3885 1081 3939 le
1094 3901 1140 3940 eas

17 3971 73 4025 d'nn
87 3971 174 4025 doute
187 3970 267 4024 ioude
287 3973 315 4022 et
334 3966 504 4020 raisonnable
523 3983 570 4020 sur
582 3965 608 4019 la
623 3965 770 4033 legitimite
788 3963 850 4018 d'nn
863 3963 944 4030 Papa,
963 3965 996 4018 de
1015 3965 1139 4032 proceder

17 4055 32 4102 a
48 4051 186 4106 l‘election
206 4050 270 4103 d'an
289 4053 375 4112 autre,
394 4054 504 4100 surtont
522 4046 545 4099 si
559 4047 627 4100 celui
641 4046 707 4099 dont
720 4046 747 4099 le
759 4045 906 4118 legitimite
919 4044 1004 4098 serait
1016 4053 1139 4113 suspecte

17 4147 47 4186 ne
64 4130 170 4186 cessait
188 4130 221 4184 de
240 4127 394 4195 l’inqnieter
411 4142 444 4181 en
463 4126 537 4179 mille
555 4125 712 4182 menieres,u

85 4214 110 4284 “·’)
132 4210 189 4266 Cir.
208 4209 300 4264 Labbe
319 4207 395 4262 XIII.
415 4206 476 4260 238.

67 4315 213 4362 Jungmann,
228 4309 417 4349 Diisertatioaes.
437 4307 501 4346 Turn.
513 4307 551 4346 vl.
980 4293 1016 4348 20
