2832 4844
375 531 380 544 ι
452 505 553 559 Variae
571 511 669 559 sectae.
1069 481 1121 554 479

31 646 125 726 pariter
144 646 476 730 pseudomysticismo
508 647 562 711 vel
593 645 807 735 spiritulismo
841 645 923 709 falso
955 644 1119 711 addictae.

29 741 102 902 Tales
126 743 258 809 fuerunt
282 743 470 830 Apostolici,
502 755 536 808 et
558 747 688 810 Fratres
718 768 756 808 ac
780 742 955 808 Sororeal
942 744 1037 808 liberi
1058 745 1121 830 spi·

89 841 449 928 .-Apostolicorum
466 853 582 906 auctor
598 843 661 907 fuit
677 840 845 906 Gerardus
860 839 1030 924 Sogarelli,
1045 841 1121 906 Par·
1150 843 1207 943 Ἰξνζ
1204 847 1279 943 ”fies
1204 843 1279 881 ⁰¹¹⁰¹

29 940 133 1014 nensis,
156 942 209 1002 vir
231 941 339 1004 omnis
363 939 560 1003 eruditionis
583 963 761 1027 expers„
766 941 799 1002 Is
823 962 843 1002 a
865 939 1038 1003 Fratribus
1062 939 1122 1003 Mi·

30 1035 144 1120 roribus,
177 1041 213 1100 in
244 1059 385 1123 quorum
410 1036 570 1102 Ordinem
604 1040 726 1124 suscipi
747 990 924 1123 „cupiebat
956 1037 1122 1123 repulsam

28 1155 126 1216 passus,
155 1134 390 1222 Apostolorum
424 1157 506 1221 quos
540 1139 574 1199 in
604 1135 742 1200 ecclesia
772 1133 943 1199 Parmensi
975 1135 1123 1220 depictos

28 1249 226 1317 conspexerat,
243 1232 361 1296 habitu
378 1242 514 1296 externo
531 1236 706 1315 excitatus,
727 1255 840 1297 eorum
857 1235 945 1296 vitae
961 1235 1123 1297 rationem

27 1329 132 1410 imitari,
160 1341 193 1394 et
217 1330 300 1394 alios
323 1331 367 1394 ad
391 1331 480 1394 idem
504 1331 671 1395 adducere
702 1331 765 1396 sibi
797 1333 976 1418 proposuit.
1024 1332 1122 1395 Anno

27 1426 131 1490 circiter
159 1427 248 1492 1260
287 1439 456 1514 assumpto
496 1427 613 1492 habitu
644 1428 687 1492 ad
723 1431 828 1493 instar
857 1428 945 1492 illius
980 1451 1123 1514 quocum

26 1525 171 1607 Apostolos
196 1529 231 1590 in
257 1525 397 1590 ecclesia
425 1527 596 1590 Parmensi
621 1526 769 1612 depictos
793 1537 1018 1612 conspexerat,
1051 1527 1123 1592 loca

28 1624 95 1685 caria
117 1623 339 1688 mendicando
370 1633 403 1686 et
424 1626 664 1710 poenitentiam
695 1626 917 1710 praedicando
948 1648 1123 1710 peragrare

27 1724 117 1804 coepit.
162 1722 244 1804 Alii,
269 1744 391 1808 magna
414 1731 507 1807 parte
522 1721 607 1786 viles
631 1733 663 1786 et
683 1725 788 1803 otiosi,
812 1745 847 1786 se
863 1725 892 1787 ei
908 1725 1122 1804 associarunt,

27 1819 114 1900 quise
135 1820 256 1884 fratres
271 1819 478 1906 apostolicos,
504 1820 691 1885 Gorardum
717 1843 794 1884 vero
810 1823 1002 1905 magistrum
1028 1843 1122 1884 suum

25 1916 224 1998 appellabant.
270 1919 439 1982 Eumdum
471 1940 510 1981 ac
535 1917 588 1982 ille
614 1917 764 1982 habitum
789 1919 938 1996 ferentes,
971 1918 1069 1982 urbes
1093 1931 1125 1982 et

25 2033 103 2096 pagos
125 2014 378 2101 percurrebant,
405 2017 531 2079 victum
557 2016 795 2095 mendicantes,
820 2027 852 2080 et
866 2017 1020 2082 mulieres
1044 2039 1125 2102 quas

26 2133 124 2177 sorores
154 2113 337 2194 vocabant,
370 2135 483 2178 secum
517 2113 686 2178 ducentes.
733 2113 778 2177 Hi
812 2117 911 2178 etiam
942 2115 1123 2178 adventum

24 2213 94 2292 ugni
116 2211 262 2298 Spiritus
286 2212 399 2276 Sancti
426 2213 672 2292 annuntiantes,
705 2212 909 2294 effutiebant,
940 2213 1125 2276 Romanam

27 2303 184 2373 Ecclesiam
211 2332 282 2374 csse
306 2321 506 2422 corruptam,
540 2319 575 2372 et
598 2308 722 2374 clerum
746 2311 950 2391 universum,
982 2331 1125 2396 praeser-

25 2403 65 2466 tin
86 2407 263 2473 Pontifices
286 2421 319 2472 et
342 2410 523 2494 episcopos,
557 2408 685 2471 divitiis
701 2407 893 2494 opibusque
917 2430 986 2471 esse
1011 2409 1125 2493 depra-

26 2516 124 2569 utum
186 2507 340 2590 Regnum
374 2505 516 2592 Spiritus
550 2505 664 2569 Sancti
696 2505 853 2570 dicebant
888 2528 958 2569 esse
995 2517 1125 2570 coetum

24 2605 118 2666 enoris
141 2617 174 2668 et
200 2605 367 2690 perfectae
392 2605 549 2685 caritatis,
575 2605 609 2666 in
635 2625 698 2688 quo
724 2605 844 2685 omnia,
870 2607 969 2667 etiam
994 2626 1124 2693 uxores,

25 2715 107 2762 aaut
129 2704 334 2767 communia.
383 2701 556 2787 Quidquid
586 2724 628 2764 ex
652 2703 788 2765 caritate
812 2702 914 2784 fieret,
946 2703 1005 2765 etsi
1031 2703 1065 2766 in
1090 2725 1125 2765 se

22 2801 261 2884 spurcissimum,
287 2800 444 2864 dicebant
468 2822 537 2864 esse
561 2799 721 2864 licitum.“

91 2937 162 2999 111.
191 2935 334 3014 „Mirum
361 2935 462 3018 igitur
485 2957 551 2997 non
576 2943 634 3014 est,
660 2943 833 3018 utramque
853 2941 1058 3017 potestatem,
1083 2933 1125 2994 ci·

20 3025 99 3094 rilem
122 3045 155 3095 et
179 3032 452 3113 ecclesiasticam,
486 3035 521 3095 in
545 3032 708 3118 ejusmodi
733 3032 889 3095 sectarios
918 3031 1125 3095 animadver-

20 3125 89 3188 tisse.
147 3131 334 3194 Pessiniam
367 3141 489 3194 sectam
524 3130 725 3194 damnarunt
755 3129 923 3193 Honorius
952 3129 1045 3213 Papa
1077 3128 1126 3192 IV

18 3243 87 3287 anno
119 3229 207 3292 1275
239 3239 271 3291 et
302 3226 459 3292 Nicolaus
483 3227 531 3291 IV
563 3248 651 3291 anno
678 3228 774 3290 1290.
828 3226 926 3290 Anno
957 3225 1039 3289 1280
1063 3223 1126 3289 Ge-

19 3321 115 3386 taulus
139 3324 272 3389 illorum
299 3327 455 3410 magister
478 3325 520 3388 ab
546 3327 700 3411 episcopo
725 3325 894 3389 Parmensi
924 3325 1126 3408 interceptus

19 3431 215 3508 uunquam
249 3422 373 3487 delirus
407 3445 466 3508 per
497 3446 555 3487 sex
590 3445 694 3487 annos
725 3425 758 3485 in
785 3422 934 3485 custodia
963 3421 1126 3507 detentus,

20 3512 78 3581 dein
102 3521 267 3585 demissus
300 3534 332 3586 et
356 3544 373 3586 e
399 3523 541 3586 dioecesi
565 3523 737 3585 Parmensi
769 3520 931 3605 relegatus
954 3519 1027 3583 fuit.
1074 3518 1127 3582 In-

19 3617 173 3696 quisitores
209 3622 310 3684 etiam
334 3621 521 3684 haereticae
550 3621 725 3705 pravitatis
758 3618 829 3682 illos
854 3620 1007 3682 insectati
1040 3629 1125 3699 sunt,

52 3799 59 3802 -
69 3799 212 3808 -—·--—

21 3885 83 3938 uiam
100 3895 183 3956 atque
204 3886 343 3954 epistolas.
372 3885 405 3939 In
418 3885 494 3940 libris
512 3886 568 3939 suis
588 3899 669 3952 saepe
688 3883 721 3938 de
733 3883 876 3938 eventibus
889 3883 991 3938 foturis
1010 3885 1126 3954 disserit,

22 3977 111 4032 clauae
127 3965 350 4036 praedicationes
375 3965 423 4020 alii
448 3965 629 4032 vindicarunt,
654 3964 702 4018 alii
720 3963 924 4032 impugnarunt.
967 3965 993 4020 S.
1011 3965 1127 4018 Thomas

23 4043 46 4092 la
60 4047 145 4102 iisdem
163 4047 278 4102 scribit:
300 4045 407 4113 „Abbas
419 4046 542 4102 Joachim
553 4063 607 4100 non
621 4044 775 4114 prophetico
788 4044 894 4111 spiritu,
913 4045 960 4098 secl
972 4044 1128 4112 conjectura

24 4128 101 4181 acuta
118 4129 265 4192 humanae,
292 4143 362 4194 quae
380 4127 526 4193 aliquando
544 4127 686 4180 adrerum
704 4124 838 4192 pervenit,
857 4125 1002 4192 abnuendo
1020 4123 1128 4178 fallitur

26 4201 48 4253 lc
63 4207 153 4262 tuturis
178 4208 273 4274 aliqua
297 4223 363 4260 vera
389 4207 532 4274 praedixit,
558 4215 587 4261 et
609 4206 639 4259 iu
662 4204 797 4272 aliquibus
820 4204 946 4272 deceptus
971 4205 1050 4259 suia*
1093 4205 1127 4258 In

27 4279 53 4332 u·
69 4286 132 4344 aar.
151 4290 217 4344 aisa
236 4289 279 4341 43.
299 4303 322 4354 q.
346 4293 370 4342 1.
390 4303 413 4339 a.
433 4289 457 4339 a.
