2814 4840
285 441 320 504 12
560 441 645 494 XXX.
666 440 705 496 De
725 441 889 496 Pontificatn
909 439 1041 496 Bonifatii
1061 441 1139 494 VIII.

285 595 400 664 merita,
431 607 487 648 aec
521 583 596 648 illae
616 585 767 670 fraudes,
801 596 837 648 ut
861 585 1041 653 adversarii
1069 583 1264 650 asserebant.
1287 621 1324 632 -
1345 583 1383 646 Ex

286 680 338 746 his
362 679 558 765 colligimus,
592 681 795 748 Bonifatium
829 692 916 748 certe
940 703 1006 748 non
1031 684 1152 748 acriter
1184 682 1272 768 apud
1296 680 1384 744 Cocle-

285 780 408 844 stinum
433 779 601 856 institisse,
633 789 669 842 ut
692 779 888 864 pontificatu
913 780 1054 860 cederet,
1080 803 1141 844 nec
1166 779 1262 846 malis
1284 777 1385 842 fraudi·

285 874 348 942 bus
373 897 468 940 usam
493 897 574 944 esse.
620 878 772 944 Profecto
797 889 948 944 sanctum
979 881 1088 944 virum
1120 882 1212 944 oneri
1247 877 1386 964 parando

285 995 351 1040 non
377 995 447 1038 esse
472 974 628 1040 idoneum
660 985 694 1040 et
722 978 792 1060 ipse
820 977 1007 1042 Bonifatius
1041 975 1197 1056 videbat3
1231 997 1273 1040 ex
1303 975 1385 1040 altera

287 1093 364 1138 vero
389 1083 482 1157 parte
505 1071 752 1140 abdicationem
777 1074 942 1138 insolitam
968 1077 1064 1140 novis
1079 1073 1329 1140 difficultatibus
1349 1093 1386 1136 oc·

285 1171 452 1234 casionem
478 1169 636 1255 praebere
655 1193 761 1257 posse,
786 1194 862 1236 oum
886 1194 950 1238 non
967 1172 1101 1238 latebat.
1138 1171 1311 1257 Quidquid
1326 1189 1397 1252 vert»,

284 1268 495 1332 existimatur
519 1268 646 1349 fecisse,
672 1270 743 1334 sive
768 1268 946 1334 consulerit
973 1291 1048 1334 cum
1073 1270 1149 1336 aliis
1173 1267 1388 1336 cardinalibus

286 1363 471 1430 Caelestino
500 1367 790 1442 renuntiationem,
825 1369 896 1432 sive
927 1367 1130 1448 dissuaserit,
1155 1366 1239 1432 nibil
1265 1367 1388 1432 inveniri

285 1473 401 1549 potest,
427 1466 461 1528 in
478 1465 599 1550 quibus
616 1465 745 1530 bonesti
764 1467 827 1530 viri
849 1469 1015 1532 tramitem
1040 1465 1153 1532 bacin
1169 1487 1205 1530 re
1225 1465 1391 1530 Bonifatius

284 1560 469 1626 deseruisse
478 1561 617 1627 dicatur.
627 1599 670 1610 -
681 1562 800 1627 Postea
812 1585 891 1628 sane
903 1562 1127 1628 Caelestinum
1136 1561 1391 1630 cousuluisseBe·

284 1657 455 1725 aedictum
474 1657 696 1738 Cardinalem‚
713 1683 756 1724 an
774 1671 806 1724 et
820 1683 886 1746 qua
903 1662 1029 1728 ratione
1042 1663 1147 1746 possit
1162 1659 1329 1736 abdicare,
1342 1673 1383 1722 tra

284 1756 368 1821 dunt
380 1755 543 1838 historici,
557 1767 656 1843 atque
669 1757 766 1822 facile
779 1758 982 1840 conceditur,
994 1759 1083 1826 hunc
1095 1761 1204 1824 virum
1213 1759 1302 1843 juris
1313 1777 1392 1820 cano·

284 1856 351 1920 nici
366 1856 601 1940 peritissimum
611 1855 748 1940 juvasse
761 1856 969 1938 Pontificem,
986 1867 1023 1921 ut
1037 1878 1077 1922 ea
1089 1857 1216 1922 ratione
1228 1855 1393 1921 abdicatio·

285 1973 361 2019 nem
377 1952 558 2038 perliceret,
584 1973 649 2039 qua
662 1952 760 2018 saluti
776 1954 947 2020 Ecclesiae
963 1954 1162 2040 provideret,
1185 1977 1226 2020 ac
1251 1951 1393 2039 pericula.

285 2060 446 2135 quantam
470 2049 541 2116 fieri
566 2061 704 2136 poterat,
729 2055 949 2136 praeveniret.

376 2209 426 2274 13.
462 2209 641 2274 Accusatio
666 2232 773 2296 porro,
807 2233 871 2297 qua
902 2209 1027 2276 Villani
1060 2211 1169 2292 refert,
1201 2210 1394 2276 Bonifatium

284 2307 560 2394 promissionibus
584 2331 603 2372 a
629 2305 745 2372 Carolo
775 2331 850 2394 rege
880 2307 1072 2388 obtinuisse,
1105 2322 1152 2396 nt,
1172 2309 1305 2373 influxu
1338 2309 1395 2393 ejas

113 2445 271 2487 mmm,
284 2415 363 2469 vota
380 2401 610 2469 Cardinalium
635 2428 694 2491 pro
720 2405 882 2490 dignitate
898 2408 1068 2492 pontificia
1086 2405 1293 2488 obtineretfl)
1319 2407 1394 2469 omni

150 2509 231 2548 'mm
286 2501 502 2566 fundamento
527 2513 626 2586 caret,
652 2514 685 2568 et
700 2504 1036 2590 solidisargumentis
1052 2505 1223 2570 refutatur.
1259 2503 1395 2569 Carolus.

283 2600 467 2664 secundnm
492 2600 719 2666 Ptolomaeum
749 2603 945 2684 Lucensem,
980 2611 1139 2689 quantum
1164 2605 1272 2688 potuit
1300 2601 1398 2682 Coele-3

284 2699 407 2761 stinum
432 2720 451 2761 a
474 2701 720 2764 renuntiatione
736 2723 892 2764 amavere
916 2699 1053 2782 studuit,
1078 2723 1117 2764 ac
1141 2701 1195 2764 dic
1215 2701 1252 2764 6⁰
1269 2701 1398 2766 Decem

283 2793 352 2858 bris
376 2793 530 2860 solemnis
547 2795 661 2862 habita
685 2808 734 2862 est
757 2797 800 2862 ad
818 2797 1012 2863 Pontificem
1028 2801 1203 2886 processio,
1228 2799 1281 2862 cni
1310 2799 1398 2861 etiam¹

282 2891 492 2957 Ptolomaeus
517 2895 676 2960 interfuit.
728 2895 826 2976 Ursas,
859 2895 983 2978 scribit,
1009 2897 1174 2982 episcopas
1191 2895 1398 2984 processionis

277 2991 466 3078 praedictae
498 3003 649 3058 casanata
675 2993 823 3074 Pontifice
855 2993 1054 3058 audientiam
1078 2995 1178 3082 petit,
1213 2993 1344 3079 lapissus
1371 2993 1395 3052 io

277 3112 419 3176 persona
442 3091 525 3176 rcpIo
547 3103 577 3155 et
593 3092 688 3154 totius
710 3094 800 3178 nepai
815 3103 965 3178 quantam
989 3091 1032 3156 ad
1055 3089 1169 3156 cletum
1193 3103 1222 3155 ct
1240 3091 1398 3180 populun.

283 3209 329 3249 me
356 3199 540 3274 praesente,
574 3189 761 3276 supplicans
791 3188 950 3254 lucmilitcr
980 3189 1092 3268 eidem,
1126 3190 1190 3256 oica
1224 3203 1253 3254 ct
1288 3191 1392 3254 aonias

283 3287 420 3350 amatium
444 3309 544 3372 sopra
568 3286 723 3350 dictorum
749 3278 838 3370 ctist)
884 3287 1009 3352 Decem
1035 3286 1153 3352 diebus
1176 3299 1251 3374 post
1275 3287 1396 3354 abdica·

283 3383 406 3449 tionem
432 3381 621 3464 Caelestini,
647 3382 843 3452 Cardinales
867 3384 1026 3450 conclave
1051 3387 1201 3472 ingressi,
1225 3383 1330 3450 altera
1352 3383 1396 3446 dic

283 3479 454 3566 elegerunt
483 3479 688 3546 Bonifatium
713 3479 807 3548 VIII.
854 3481 893 3548 ld
918 3481 1126 3548 Ptolomaeus
1152 3481 1293 3568 Neapoli
1318 3503 1396 3568 prae·

283 3601 358 3646 sons
381 3581 497 3666 paucis
523 3580 633 3644 verbis
657 3591 786 3664 narrat3
811 3580 937 3646 nullum
962 3602 1042 3645 vero
1067 3580 1118 3645 de
1132 3579 1396 3666 promissionibus

283 3673 400 3741 Carolo
435 3677 531 3741 factis
562 3677 616 3744 vel
648 3679 689 3744 de
714 3679 843 3744 iafluxu
871 3681 958 3766 regis
987 3681 1021 3745 in
1046 3678 1242 3745 electionem
1269 3679 1394 3743 verbnm

282 3775 407 3840 scribit.
455 3773 510 3838 Ad
524 3775 713 3855 electionem,
738 3776 863 3860 scribit,
889 3778 1023 3842 alterins
1041 3777 1220 3865 procedunt
1241 3785 1396 3864 praesciae.

281 3895 351 3958 repe
379 3870 494 3940 Carolo
520 3874 679 3964 Neapoli,
703 3885 733 3940 ct
756 3877 791 3940 in
807 3875 918 3960 cipilia
944 3877 1138 3942 Natiuitatis
1161 3876 1347 3940 Dominicae
1370 3873 1395 3932 ia

285 4043 494 4056 -.-.—..

357 4141 376 4203 ¹)
396 4139 508 4202 Villam,
526 4140 557 4194 tr.
580 4141 652 4198 vnn
672 4155 694 4206 c.
713 4141 739 4196 6.
759 4155 802 4208 np.
821 4141 963 4207 lluratori,
983 4149 1003 4194 t.
1024 4140 1102 4196 XIII.

357 4219 434 4292 1’)Η.
455 4221 485 4276 Ε.
506 4221 536 4275 L.
556 4219 656 4276 XXIV.
677 4221 762 4276 atil.
