2902 4848
258 493 300 548 De
319 491 435 548 decretis
454 492 719 560 susionisquartac
736 497 766 546 et
785 491 904 558 quintae.
1088 491 1142 547 317

29 635 223 701 aGersonio
248 649 280 701 et
302 635 470 723 aliquibus
494 635 567 700 aliis
598 635 775 718 theologis,
810 657 950 720 quorum
981 634 1142 699 doctrinis

29 736 158 798 nimium
177 735 255 818 jura
279 744 312 798 et
334 736 565 798 auctoritatem
582 733 620 799 R.
640 733 812 798 Pontificis
828 732 915 797 laedi
932 731 1141 820 exploratum

28 845 76 896 est
111 833 218 898 Erant
234 833 368 919 quidem
395 832 441 896 illi
467 831 613 896 celebres
630 831 784 915 theologi,
809 852 949 918 quorum
965 830 1139 895 consilium

28 941 55 992 et
73 933 251 994 auctoritas
276 952 485 1015 summopere
506 930 656 994 conferre
681 927 797 993 debuit
812 929 855 993 ad
873 928 1141 993 determinandus

27 1029 188 1093 nationum
214 1040 247 1092 et
269 1041 400 1115 patrum
424 1029 554 1092 animos
578 1048 636 1113 pro
661 1028 802 1091 decretio
826 1028 980 1091 sessionis
1004 1035 1141 1112 quartae

26 1139 53 1188 et
78 1129 214 1212 quintae
251 1124 406 1191 ferendis.
459 1126 617 1189 Attamen
649 1124 766 1209 reliqui
798 1127 934 1188 istorum
968 1125 1139 1188 doctorum

25 1223 175 1288 doctrinis
206 1223 393 1289 audacibus
424 1246 634 1310 nequaquam
660 1225 693 1286 iu
718 1220 872 1287 omnibus
903 1221 1141 1304 adhaerebant,

23 1333 114 1407 atque
138 1324 211 1386 Deo
244 1323 441 1409 disponente
474 1322 599 1386 factum
630 1332 688 1390 cst.
727 1332 764 1386 ut
798 1320 882 1385 nihil
907 1323 1075 1407 irrepserit
1106 1323 1140 1386 in

23 1419 149 1484 decreta
181 1420 251 1503 illa,
284 1421 373 1507 quod
404 1419 577 1484 commode
609 1430 642 1483 et
671 1429 760 1483 recte
784 1429 817 1483 et
839 1430 915 1504 apte
947 1441 1012 1486 nou
1038 1419 1142 1504 possit

23 1541 113 1582 sensu
138 1521 287 1604 aequiori
312 1518 482 1604 explicari.

103 1627 157 1691 33.
204 1625 551 1690 Animadvertendum
577 1636 635 1706 est,
668 1634 732 1688 tres
757 1625 936 1688 sententias
961 1625 1205 1709 praecipuam·
1220 1638 1312 1674 sanan.

22 1721 78 1784 bac
102 1725 137 1786 in
162 1727 356 1810 quaestione
380 1723 476 1788 nobis
500 1743 673 1787 occurrere
698 1723 784 1785 inter
800 1721 979 1786 catholicos
1003 1724 1138 1808 scripto·
1202 1695 1257 1736 Μ’

22 1843 76 1884 res.
123 1823 235 1886 Prima
268 1821 446 1907 explicatio
470 1830 575 1900 tenet,
607 1819 695 1906 quod
719 1821 754 1882 in
779 1818 843 1883 illis
868 1818 1008 1883 decretis
1033 1819 1139 1883 decla-

21 1933 84 1982 rata
109 1940 174 1982 non
192 1919 291 1983 luerit
314 1921 378 1984 nisi
402 1918 592 1996 obedientia,
617 1939 715 2004 quam
733 1917 842 2002 quoad
859 1919 991 2000 negotia
1005 1927 1141 2004 propter

20 2037 98 2100 quae
115 2029 319 2080 convenerat
332 2015 519 2080 Concilium
531 2015 795 2096 Constantiense,
811 2015 1009 2079 tenebantur
1025 2037 1140 2082 omnes

20 2112 60 2176 illi
84 2113 221 2198 Synodo
247 2125 423 2201 praestare,
457 2116 557 2178 etiam
581 2113 760 2177 Pontifices
790 2111 836 2177 illi
862 2113 966 2194 dubii,
1001 2136 1059 2200 pro
1084 2113 1139 2179 illa

19 2215 188 2276 occasione
213 2213 409 2294 schismatis,
434 2215 468 2276 in
485 2233 550 2298 qua
576 2233 641 2275 non
659 2210 833 2274 constabat
851 2213 925 2298 quis
939 2223 1024 2276 esset
1041 2235 1139 2278 verus

20 2307 180 2374 Pontifex.
227 2309 279 2373 Ita
313 2320 427 2375 tenent
456 2311 646 2394 gravissimi
677 2319 837 2389 auctores,
875 2311 921 2372 uti
955 2332 982 2375 e.
1007 2333 1038 2394 g.
1064 2311 1137 2378 Em.

19 2403 245 2486 Schelstraete,
286 2407 474 2473 Cardinalis
498 2407 585 2488 Orsi,
625 2405 825 2488 Muzzarelli,
864 2407 980 2471 Palma
1015 2408 1138 2494 aliique

19 2504 180 2588 permulti.
229 2505 343 2591 Aliqui
368 2505 567 2591 adjungunt,
592 2505 691 2569 etiam
718 2504 760 2568 ad
779 2505 902 2569 similes
926 2529 1021 2570 casus
1044 2529 1137 2571 anor-

19 2603 114 2668 males
140 2613 287 2668 tenorem
313 2603 520 2668 decretorum
546 2626 640 2689 posse
657 2603 802 2668 extendi.
827 2641 870 2650 —
895 2603 971 2667 Alia
995 2614 1045 2668 est
1068 2628 1137 2669 sen-

18 2703 114 2764 tentia
140 2723 266 2782 eorum,
291 2704 347 2788 qui
373 2711 533 2784 statuunt,
557 2700 831 2765 Constantiensss
855 2701 999 2765 voluisse
1022 2725 1139 2768 revera

17 2798 201 2882 generalem
225 2821 284 2884 pro
310 2801 399 2863 omni
426 2810 573 2884 tempore
597 2799 718 2864 thesim
735 2821 919 2884 proponere
936 2799 977 2863 de
994 2803 1137 2885 superio·

17 2898 107 2960 ritate
125 2895 268 2961 Consilii
293 2895 457 2982 generalis
482 2920 582 2983 supra
598 2898 734 2984 Papam,
759 2919 898 2983 eamque
923 2895 1035 2961 nimbo
1061 2920 1139 2983 quo-

16 2993 87 3058 dam
112 3018 233 3060 ornare
258 2995 463 3079 dogmati003
496 2995 552 3058 sed
585 2995 718 3058 decreta
748 2994 871 3059 nullius
904 3017 973 3058 esse
1006 2995 1136 3077 valoris,

16 3115 48 3156 eo
77 3093 169 3180 quod
195 3092 381 3158 Concilium
415 3117 477 3157 uec
511 3115 548 3158 eo
581 3102 729 3178 tempore
753 3095 1003 3158 oecumenicum
1028 3095 1138 3180 fucrit,

16 3215 71 3256 neo
96 3191 385 3256 confirmationem
410 3191 580 3256 Pontificio
605 3191 661 3255 illa
685 3191 817 3255 decreta
841 3189 1053 3257 obtinuerint.
1086 3193 1137 3257 lta

16 3301 123 3354 censet
157 3289 197 3354 cl.
223 3289 381 3378 Helele.¹)
420 3327 454 3335 -
490 3289 603 3354 Tertia
628 3301 677 3352 est
700 3290 864 3353 sententia
887 3287 1136 3355 Gallicanorum

15 3453 226 3462 ---·-..--.----.

83 3557 104 3625 ¹)
127 3557 298 3622 „Necessitas
317 3557 413 3618 tristis.
439 3556 541 3620 scribit,
568 3555 687 3624 urgebat
705 3554 740 3607 ad
758 3553 814 3608 tale
840 3553 977 3610 decretum
996 3555 1139 3610 conficien-

14 3635 78 3691 dum.
105 3647 240 3703 tanquam
257 3637 366 3690 unicum
385 3637 540 3698 remedium,
568 3642 600 3690 ut
618 3635 653 3689 lis
672 3634 721 3688 illa
740 3633 848 3688 nefasta
874 3635 958 3689 trium
982 3636 1015 3689 do
1033 3644 1136 3704 papatu

15 3717 232 3772 contendentium
251 3716 382 3770 liniretur.
409 3717 461 3770 Pro
481 3717 530 3770 tali
550 3731 613 3770 casu
632 3731 712 3781 quum
733 3720 982 3770 controverteretur
992 3715 1051 3782 quis
1065 3723 1138 3770 esset

16 3813 89 3852 serus
109 3799 194 3866 Papa,
226 3814 257 3851 ac
284 3813 345 3864 spes
370 3805 544 3850 evanesceret
562 3795 747 3864 quaestionem
772 3793 893 3848 solvendi
920 3811 967 3862 per
990 3796 1136 3850 cessionem

16 3878 202 3942 voluntariam,
231 3877 287 3931 alia
311 3877 381 3931 forts
406 3877 477 3930 haud
502 3876 652 3944 apparebat
676 3877 722 3930 via
747 3877 921 3942 componendi
940 3877 1054 3944 negotii,
1083 3877 1135 3931 nisi

14 3958 144 4027 subjectio
167 3958 253 4012 trium
271 3957 507 4023 praetendentium
526 3957 575 4012 sub
594 3958 732 4011 sententia
751 3955 863 4010 concilii
883 3963 925 4020 tut
943 3956 1135 4023 opinabantur)

14 4039 182 4092 oecumenici.
205 4037 256 4092 Sed
269 4037 491 4092 Constantienses
510 4037 625 4092 ulterius
644 4037 779 4105 progressi
798 4041 871 4100 sunt,
891 4052 971 4102 quam
988 4039 1136 4092 necessitas

14 4126 161 4186 temporum
186 4117 358 4185 postulabat,
387 4117 538 4184 thesimque
563 4117 740 4172 intenderunt
767 4131 914 4185 proponere
941 4132 989 4183 pro
1012 4118 1135 4172 omnibus

15 4197 175 4266 temporibus
207 4206 235 4252 et
266 4197 479 4252 circumstantiis
515 4198 665 4262 valentem,
702 4211 814 4263 eamque
850 4197 1015 4252 circumdare
1045 4197 1138 4252 nimbo

14 4275 165 4346 dogmatico
177 4281 190 4307 '¹
221 4277 290 4332 Dein
310 4278 437 4342 ostendit,
450 4277 600 4332 Concilium
619 4283 686 4331 tunc
704 4293 757 4330 non
776 4277 860 4331 fuisse
879 4277 1084 4342 oecumenicum,
1105 4293 1139 4331 ac
