2916 4842
398 483 575 538 Dissidiorum
593 483 683 538 initio.
1081 483 1132 537 107

37 623 208 710 Imperatore
231 623 326 688 solito
344 624 535 711 juramento
560 626 602 691 de
619 629 794 692 securitate
809 626 982 692 Pontificio
1006 636 1039 692 et
1052 625 1130 692 Oar-

35 721 168 786 dinalinm
191 743 231 786 ao
247 721 289 786 de
312 724 515 808 protectione
539 745 663 808 eorum,
687 724 879 789 Hadrianus
903 723 989 789 bono
1014 726 1127 790 animo

32 817 342 886 concardinalibus
365 817 512 885 Sutrium
540 821 711 887 Priderico
743 821 878 886 obviam
909 824 1011 890 veuit.
1063 820 1130 888 Sed

31 939 111 1002 quum
133 916 188 982 hic
200 916 357 982 Pontifici
382 919 565 1002 insignum
588 921 822 1001 venerationis,
846 921 894 983 uti
919 922 1020 984 moris
1044 929 1128 999 erat,

28 1016 152 1080 emtoris
174 1014 369 1100 obsequium
393 1015 485 1082 haud
507 1025 702 1109 praestaret,
733 1015 928 1082 Cardinales
959 1018 1124 1103 perterriti

26 1125 217 1195 acesserunt,
239 1112 398 1178 Pontifex
413 1135 490 1178 vero
515 1113 557 1178 de
571 1115 654 1178 riuus
677 1116 826 1179 consueti
850 1116 1026 1179 omissione
1051 1136 1127 1178 con·

25 1219 147 1295 questus,
170 1210 215 1274 ad
239 1212 331 1296 pacis
354 1209 503 1276 osculum
527 1212 763 1297 Imperatorem
787 1211 962 1276 admittere
986 1211 1129 1276 declina·
1199 1253 1202 1260 .

26 1310 70 1371 rit
103 1307 292 1373 Fridericus
315 1331 350 1373 se
373 1308 416 1372 ad
440 1309 603 1394 ejusmodi
627 1309 824 1396 obsequium
847 1310 953 1374 teneri
971 1310 1127 1394 negavit3

26 1406 68 1470 aed
81 1429 177 1492 quum
199 1406 375 1471 collatione
390 1405 506 1472 habita
529 1409 698 1493 principes
721 1413 930 1490 testarentur,
955 1410 1128 1494 antiquam

26 1527 78 1568 esse
99 1505 184 1571 bane
208 1504 493 1588 consuetudinem,
518 1503 667 1592 illudque
691 1505 888 1592 obsequium
905 1507 1005 1570 etiam
1028 1528 1049 1570 a
1064 1505 1126 1570 Lo·

26 1601 109 1668 ilario
146 1604 343 1690 praestitum
367 1602 562 1668 Innocentio
587 1604 631 1686 ll,
670 1603 737 1668 alia
776 1604 830 1668 die
861 1603 1055 1668 FrIderious
1090 1606 1126 1668 ia

25 1713 164 1786 <respectu
187 1703 347 1766 exaratae
370 1699 510 1786 officium
533 1702 683 1766 stratoria
706 1725 774 1764 oum
790 1702 993 1790 jucunditate
1016 1701 1125 1788 implo-

26 1799 64 1870 rit,
83 1807 306 1884 stamparum
320 1798 457 1884 sortiter
481 1801 598 1863 tenuit:
624 1810 697 1864 tuae
719 1821 792 1864 uero
809 1799 960 1886 Pontifex
976 1799 1020 1864 ad
1031 1801 1126 1886 pacis

23 1895 136 1960 orelam
159 1896 300 1960 eumdem
321 1919 424 1982 repam
440 1898 549 1984 primo
580 1897 738 1984 recepit.¹)
773 1898 925 1982 Romani,
957 1899 992 1962 iu
1015 1897 1126 1962 Ponti·

24 1991 81 2056 icea
96 1994 166 2078 jam
192 1993 235 2058 ab
259 1993 370 2080 aliquo
394 2003 543 2080 tempore
567 1994 716 2078 rebelles,
740 1996 784 2060 ad
806 1996 1015 2061 Fridericum
1037 1995 1124 2080 lega-

25 2107 59 2152 tos
76 2093 245 2173 miserant,
269 2094 327 2178 qui
351 2094 392 2173 ei,
418 2113 537 2178 magno
562 2114 638 2157 cum
661 2092 748 2158 fastu
772 2103 806 2157 et
828 2093 1016 2181 eloquentia
1038 2115 1124 2159 arro·

27 2191 101 2269 genti,
131 2189 268 2252 nomine
294 2189 395 2254 Urbis
418 2189 618 2272 obtulerunt,
644 2199 681 2255 ut
704 2190 781 2256 dato
805 2192 953 2278 pondere
976 2193 1142 2278 quinque·

28 2285 139 2352 ullium
163 2289 294 2371 argenti
317 2285 492 2370 librarum,
526 2311 546 2352 a
573 2289 745 2374 republica
768 2289 919 2354 Romana
941 2288 1124 2375 Imperium

30 2380 100 2448 l'rbis
122 2393 156 2448 et
180 2383 282 2450 Orbis
305 2387 478 2470 reciperet.
525 2383 591 2450 Sed
616 2386 808 2452 Friderious
831 2408 907 2451 cum
932 2394 1124 2471 contemptu
1156 2399 1280 2444 maneus

24 2500 61 2542 su
74 2482 215 2564 dimisit3
240 2490 274 2546 et
288 2493 463 2568 postquam
477 2505 531 2548 res
547 2505 623 2548 cum
647 2484 808 2549 Pontifice
832 2479 1012 2570 dispositae
1036 2493 1122 2565 sunt,
1146 2463 1293 2508 mmm

22 2575 230 2645 alliadriano
256 2580 311 2644 die
338 2581 395 2644 18⁰
417 2580 514 2646 Junii
537 2583 618 2645 anni
644 2582 730 2647 1155
747 2583 791 2646 In
813 2581 960 2646 Basilica
982 2604 1007 2646 s.
1032 2582 1122 2646 Petri

20 2675 187 2743 solemniter
211 2680 245 2742 in
269 2677 507 2764 Imperatorem
532 2689 708 2744 coronatus
737 2691 796 2747 est.
844 2678 957 2760 Quum
981 2680 1122 2744 Romani

19 2793 49 2836 ex
82 2777 260 2862 Improviso
291 2776 453 2841 Friderioi
485 2778 597 2862 copias
637 2779 852 2862 impeterent,
892 2800 1014 2862 magna
1046 2799 1122 2842 cum

18 2870 93 2936 clade
113 2874 228 2960 rejecti
253 2883 341 2941 suut
388 2874 513 2939 Tibure
537 2874 615 2939 dein
632 2875 788 2940 Pontifex
812 2885 845 2940 et
868 2875 1052 2962 Imperator
1075 2897 1121 2940 so·

19 2965 149 3036 lemniter
178 2972 264 3038 festa
294 2995 336 3040 ss.
360 2971 596 3057 Apostolorum
618 2972 709 3037 Petri
733 2983 765 3037 et
787 2972 882 3037 Pauli
912 2983 1120 3060 peregerunt,

19 3087 46 3128 ae
72 3069 146 3135 dein
168 3069 360 3134 Fridericus
392 3071 426 3134 in
451 3069 634 3135 Germania
658 3093 734 3147 cum
758 3072 907 3136 exercitu
931 3093 989 3136 suo
1012 3093 1121 3136 rever-

21 3177 133 3232 maest

88 3275 117 3339 8.
148 3273 215 3340 Sed
239 3296 307 3339 non
330 3273 433 3339 multo
456 3284 532 3360 post
554 3274 752 3340 Pontificem
775 3277 863 3340 inter
885 3283 918 3339 et
940 3274 1120 3361 Imperato-

20 3387 70 3432 rem
89 3369 317 3436 vehementior
339 3373 448 3458 erupit
470 3371 650 3456 discordia,
683 3373 778 3459 eujus
811 3369 1019 3437 occasionem
1046 3373 1119 3460 jam

22 3511 205 3528 ’'-2—-n

20 3593 200 3656 διὰδιτίιιιιὶι
216 3617 259 3670 ep.
278 3602 329 3657 59:
350 3601 432 3668 „suu
450 3601 516 3668 quid
532 3601 697 3657 Teutonicus
715 3601 850 3656 moliatur.
879 3602 963 3657 Eram
982 3603 1054 3658 enim
1066 3604 1119 3659 Ro-

21 3689 64 3730 me
78 3681 244 3747 metuente
262 3680 343 3736 beato
355 3681 480 3751 Eugenio
500 3681 572 3752 (ΠΙ),
591 3683 705 3750 quando,
723 3683 811 3750 prIma
828 3682 969 3751 legatione
988 3683 1071 3737 musa
1089 3684 1119 3739 In

20 3759 80 3826 regni
94 3761 136 3815 sni
152 3761 241 3828 initio,
260 3761 334 3816 tanti
344 3761 404 3817 ansi
422 3762 626 3830 Impudentiam,
644 3768 734 3817 tumor
753 3761 941 3828 intolerabilis,
961 3762 1059 3832 lingua
1077 3763 1117 3818 in-

22 3845 84 3892 aaa
105 3841 215 3897 detexit.
253 3840 437 3897 Promittebat
461 3842 533 3897 enlm
556 3857 586 3897 se
609 3843 696 3897 totius
715 3841 786 3896 orbis
805 3841 1018 3896 reformaturum
1035 3841 1117 3912 impe-

23 3917 81 3984 nnn,
97 3920 162 3977 Urbi
179 3921 376 3993 subjiciendum
395 3921 498 3989 Orbem,
518 3928 672 3989 eventuque
690 3921 764 3976 facili
782 3921 873 3975 omnia
890 3922 1075 3986 subacturum,
1092 3923 1118 3977 ai

22 3995 80 4053 aad
94 4000 142 4056 boo
158 4003 240 4060 solius
257 4003 373 4058 Romani
391 4003 532 4058 Pontilleis
551 4001 629 4057 lavor
647 4002 761 4057 adesset.
798 4002 831 4056 Id
855 4003 927 4058 enim
951 4002 1061 4071 ageba,
1085 4010 1118 4058 ut

22 4073 239 4151 ¹muuerueumque,
266 4083 413 4138 demutatis
432 4083 592 4149 inimicitus,
617 4082 785 4137 materialem
814 4083 937 4152 gladium
956 4083 1115 4152 Imperator,

22 4152 163 4216 tundam
179 4163 316 4218 Romanus
334 4161 463 4216 Pontifex
480 4161 651 4230 spiritualem
668 4161 791 4231 gladium
810 4165 972 4218 exerceret“

76 4257 181 4324 Isou,
198 4259 226 4314 in
245 4260 311 4314 Vita
329 4258 464 4314 Hadriani
483 4259 530 4326 IV,
549 4275 592 4328 ap.
612 4259 775 4325 walterich,
795 4259 831 4314 II.
850 4260 912 4315 328.
