2858 4834
286 472 336 525 194
517 470 601 523 XXV.
621 470 661 524 De
680 485 761 522 csttss
780 485 800 522 s.
820 469 938 523 Thomas
958 467 1173 522 Contuoriensis

284 625 454 701 rogarunt,
488 624 524 678 ut
554 612 669 678 abiret.
716 614 791 699 Ipse
823 634 916 694 vero,
948 614 1112 677 invitante
1144 613 1316 677 Ludorico
1339 613 1394 676 Vll

285 707 415 777 Galliae
438 733 524 796 rege,
548 720 629 774 tunc
652 713 786 774 secessit
810 709 969 788 Senonas,
994 710 1051 774 ubi
1076 711 1118 774 ab
1133 711 1277 796 Hugone
1301 711 1393 774 archi·

284 811 449 896 episcopo,
489 808 575 872 clero
610 808 799 895 populoque
836 829 965 873 summe
1003 808 1129 873 laetitia
1164 819 1332 894 exceptus.
1366 812 1393 872 in

284 907 444 973 coenobio
468 930 491 972 s.
515 904 696 972 Columbae
721 929 826 971 annos
849 916 991 993 quatuor
1014 905 1199 971 diversatos
1224 918 1281 972 est.
1328 907 1393 971 Jan

283 1005 440 1086 diximus,
473 1007 583 1068 varios
614 1016 751 1069 conatus
782 1007 874 1091 pacis
904 1004 1127 1068 restituendae
1155 1007 1266 1069 irritos
1295 1005 1394 1068 fuisse

282 1103 354 1168 Rex
385 1105 471 1168 enim
502 1103 759 1167 consuetudines
789 1105 897 1168 avitas
935 1102 1102 1166 mordicus
1134 1103 1304 1176 tuebatur,
1344 1125 1394 1166 nee

282 1202 488 1283 admittebat,
522 1211 558 1265 ut
581 1200 727 1264 Thomas
751 1201 842 1265 salva
872 1201 1015 1265 libertate
1040 1197 1211 1281 Ecclesiae,
1243 1200 1331 1266 sulco
1353 1203 1414 1262 ho»

281 1321 357 1364 nore
381 1300 454 1377 Dei,
478 1299 531 1364 vel
553 1302 589 1363 ic
612 1301 757 1363 bonorem
773 1301 846 1377 Dei,
871 1322 906 1362 se
930 1299 1001 1384 ejus
1024 1301 1152 1384 gratiae
1176 1301 1394 1364 committeret.

281 1419 384 1483 quum
407 1397 530 1462 talibus
553 1397 702 1462 formulis
734 1399 975 1461 restrictionem
1000 1399 1162 1461 contineri
1194 1399 1394 1482 perspiceret.

282 1495 315 1561 S.
339 1495 474 1559 Praesnl
506 1505 616 1559 autem
648 1497 719 1560 sine
753 1493 820 1558 ulla
856 1497 1063 1560 restrictione
1100 1498 1169 1577 regi
1208 1495 1393 1581 obsequium

282 1596 472 1679 promittere
496 1595 613 1657 merito
638 1587 795 1657 censebat
819 1591 909 1657 baud
934 1591 997 1657 sibi
1029 1592 1139 1674 licere,
1173 1615 1275 1679 quum
1300 1591 1393 1676 impli-

282 1691 346 1754 cite
370 1714 409 1755 ea
432 1693 559 1755 ratione
583 1690 758 1755 damnatas
783 1691 1040 1755 consuetudines
1064 1693 1264 1775 agnovisset.

371 1843 424 1908 40.
472 1842 596 1906 Versus
625 1842 723 1906 finem
755 1844 834 1906 enni
862 1843 946 1908 1169
971 1841 1162 1906 Alexander
1186 1843 1238 1906 ΙΙΙ
1269 1835 1414 1926 gravius]

282 1942 372 2027 apud
388 1962 499 2026 regem
523 1941 651 2020 institit,
676 1951 712 2002 ut
736 1961 853 2025 pacem
876 1940 1125 2025 archiepiscopo
1141 1941 1345 2022 concederet,
1369 1947 1414 2006 et.

282 2042 397 2104 iterato
422 2038 543 2102 exinde
567 2037 608 2102 de
633 2041 764 2122 negotio
789 2039 850 2102 isto
875 2060 917 2101 ex
942 2051 1079 2124 utraque
1097 2049 1188 2124 parte
1209 2049 1414 2108 sctumest.1

281 2139 418 2202 Interim
443 2158 520 2201 vero
545 2157 604 2200 rex
629 2134 803 2200 consilium
828 2138 924 2220 cepit,
958 2148 994 2199 ut
1023 2135 1109 2200 filius
1142 2137 1213 2221 ejus
1237 2113 1414 2208 chricusl

278 2237 533 2320 inauguraretur
560 2243 592 2298 ot
620 2245 831 2297 coronaretur
864 2237 897 2296 in
929 2253 1051 2318 regem,
1086 2244 1247 2319 quantum
1273 2234 1414 2297 ridetur-l

279 2355 318 2397 ea
342 2335 533 2414 intentione,
568 2343 604 2394 ut
635 2353 729 2395 suam
763 2353 906 2418 suaeque
930 2333 1042 2416 stirpis
1067 2331 1326 2398 dominationem
1351 2321 1414 2402 tir-i

278 2443 392 2513 maret,
417 2432 457 2494 iis
482 2429 729 2494 conditionibus
754 2431 859 2515 iisque
879 2429 1013 2515 juribus
1038 2431 1148 2516 quoad
1172 2454 1223 2496 res
1248 2421 1414 2496 ecclesis?

278 2531 377 2594 sticss
409 2531 584 2614 usurpatis,
619 2551 704 2614 quae
733 2531 767 2592 in
798 2529 945 2593 articulis
971 2528 1296 2595 Clarendonensibus
1328 2551 1392 2592 con-

278 2640 369 2692 tenta
393 2628 435 2693 ab
460 2629 623 2713 episcopis
647 2637 779 2711 recepta
804 2639 906 2692 erent.
955 2627 1008 2692 Ad
1041 2631 1287 2693 coronationem
1313 2641 1414 2714 pera-3

277 2725 432 2810 gendam,
457 2723 708 2810 suggerentibus
730 2724 926 2790 consiliariis
943 2729 1077 2812 iniquis.
1104 2729 1301 2812 proprioque
1326 2725 1414 2789 odio

279 2846 343 2910 quo
368 2825 401 2887 in
419 2822 581 2887 Thomam
598 2822 871 2888 Cantuariensem
896 2823 1059 2909 flagrabat
1083 2828 1272 2912 instigante.
1297 2825 1394 2888 archi-

279 2925 471 3008 episcopum
503 2921 601 3007 elegit
623 2921 878 3000 Eboracensem,
909 2925 1062 3008 quamvis
1086 2945 1201 3007 regum
1235 2925 1392 2988 coronatio

279 3022 429 3106 primatis
457 3018 609 3104 Angliae,
650 3017 900 3084 Cantuariensis
939 3023 1096 3085 nimirum
1136 3018 1414 3107 archipraesulisr

279 3118 490 3204 privilegium
515 3129 598 3181 esset
621 3121 693 3203 ipsa
718 3118 955 3183 consuetudine
981 3121 1156 3185 firmatum.
1205 3121 1277 3184 Hac
1302 3120 1340 3184 de
1363 3143 1414 3180 re¹

280 3219 399 3281 certior
436 3217 557 3295 factus,
597 3215 790 3280 Alexander
821 3217 872 3280 ΙΙΙ
909 3215 1113 3282 Eboracensi
1152 3211 1414 3304 archiepiscopo}

279 3317 481 3401 caeterisque
506 3313 712 3400 praesulibus
727 3313 924 3398 Anglicenis
948 3316 1118 3400 prohibuit
1141 3315 1202 3380 sub
1221 3316 1342 3381 ordinis
1363 3327 1390 3375 et

278 3413 380 3477 officii
397 3413 553 3498 periculo,
573 3414 750 3497 quominus
766 3414 952 3499 principem
969 3436 1125 3478 coronare
1142 3429 1388 3499 praesumerent.

279 3509 419 3596 Scripsit
447 3510 490 3574 ad
520 3510 652 3574 eosdem
684 3534 709 3576 s.
733 3509 879 3576 Thomas
904 3509 1160 3581 Cantuariensis.
1198 3515 1339 3600 ipsisque
1361 3529 1414 3573 etr

279 3611 411 3694 propria
435 3612 630 3674 auctoritate
654 3618 687 3672 et
709 3610 829 3673 summi
844 3609 1014 3675 Pontificis
1038 3613 1171 3675 nomine
1196 3611 1257 3676 sub
1283 3611 1387 3676 iisdem

277 3708 394 3794 poenis
417 3705 506 3771 idem
530 3709 646 3770 vetuit.

368 3850 421 3917 41.
468 3849 535 3914 Sed
558 3849 774 3915 nihilominus
803 3850 857 3914 die
883 3855 941 3916 14υ
964 3853 1058 3916 Junii
1082 3875 1112 3916 a.
1140 3853 1226 3917 11Ῑο
1250 3853 1385 3917 solemni·
1413 3883 1414 3892 κ

277 3959 329 4012 ter
352 3947 515 4012 celebrata
545 3958 594 4012 est
623 3949 711 4032 regis
741 3951 907 4012 coronatio
939 3949 980 4014 ab
1006 3949 1253 4038 archiepiscopo
1277 3951 1386 4015 Ebora·
1413 3975 1414 3992 ¹

279 4047 380 4126 censi,
405 4045 633 4112 assistentibus
657 4047 821 4132 episcopis
845 4048 1083 4128 Londoniensi,
1109 4049 1339 4115 Sarisberiensi
1359 4061 1385 4108 et
1413 4109 1414 4134 p

278 4143 426 4208 Roffensi
442 4143 648 4230 (Rochester)
672 4147 708 4208 in
732 4143 870 4209 ecclesia
887 4147 1236 4212 westmonasteriensi
1262 4171 1287 4212 s.
1297 4146 1383 4212 Petri.
1413 4139 1414 4142 '

279 4242 313 4304 in
338 4242 410 4326 ipsa
432 4243 606 4325 provincia
631 4239 880 4307 cantuariensis
904 4243 1154 4331 archiepiscopi,
1181 4246 1300 4310 violato
1318 4247 1383 4330 jure
