2814 4840
1237 9 1399 120 w

310 451 364 506 488
507 453 636 508 XXVIII.
656 453 696 508 De
714 461 791 510 statu
809 457 948 512 societatis
967 457 1059 512 christ.
1078 473 1147 514 saec
1167 457 1245 514 XIII.

312 595 403 658 cavit
426 594 505 680 jura
537 597 721 682 peculiaria
750 621 774 663 s.
801 599 896 666 Sedis
930 601 964 664 in
996 601 1221 684 Hungariam,
1251 625 1345 688 eaque
1369 604 1399 666 in

312 693 448 756 vestivit
471 691 626 759 Carolum
651 695 850 778 Martellum,
875 696 984 762 Caroli
1009 695 1130 764 Claudi
1154 698 1270 766 lilium.
1294 698 1399 764 Carolus

312 786 459 854 Claudus
483 791 641 856 videlicet
671 815 808 858 uxorem
833 793 975 860 duxerat
1004 795 1144 862 Mariam
1168 797 1312 862 Ladislai
1339 819 1399 860 soro

309 909 390 968 rem,
413 889 563 975 adeoque
586 891 657 976 ejus
681 891 748 956 filio
773 891 889 958 Carolo
913 892 1063 958 Martello
1095 898 1275 960 convenire
1296 895 1399 958 videbe¹

310 996 364 1050 tur
387 989 551 1052 successio
576 990 610 1052 in
634 987 716 1054 illud
740 1011 890 1076 regnum.
945 991 1098 1076 Hungari
1123 1014 1201 1058 vero
1233 996 1295 1080 ipsi
1317 1015 1399 1076 regen

311 1096 464 1149 crearunt
494 1085 664 1151 Andream
689 1087 750 1170 III,
782 1091 839 1174 qui
870 1111 912 1154 ex
936 1090 1038 1176 stirpe
1068 1111 1184 1174 regum
1220 1094 1399 1176 antiquorun

310 1181 483 1268 Arpadum
515 1181 603 1248 illius
627 1187 721 1268 regni
748 1187 910 1271 originem
936 1186 1101 1268 habebat,
1132 1190 1226 1274 isque
1250 1189 1333 1254 felici
1354 1209 1399 1252 sue

310 1301 403 1344 cassu
427 1302 565 1366 regnum
590 1292 704 1348 contra
725 1287 972 1370 competitorem
990 1285 1146 1351 Carolum
1170 1297 1203 1352 at
1224 1288 1399 1352 adversarior

309 1381 456 1444 internos
481 1379 629 1446 defendit
653 1382 824 1466 usquead
848 1394 986 1447 mortem
1011 1405 1106 1450 suam
1129 1406 1218 1450 anno
1245 1383 1364 1468 1301.¹)

153 1487 243 1527 ⁸¹⁶⁰¹⁸¹
258 1487 290 1526 Ν
402 1478 474 1544 133.
510 1477 633 1544 Sedulo
666 1480 812 1544 intentus
843 1479 906 1544 fuit
935 1479 1093 1545 Nicolaus
1117 1481 1165 1546 IV
1197 1481 1399 1568 propaganda«

183 1555 254 1600 ‘⁰⁸¹⁸'
309 1574 397 1657 lidci,
427 1586 460 1639 et
482 1597 663 1660 praecones
687 1576 862 1662 Evangelii
895 1600 913 1640 e
944 1578 1011 1644 FF.
1037 1577 1204 1643 Minorum
1237 1591 1271 1644 et
1299 1577 1399 1643 Praedi

309 1683 456 1738 catorum
482 1674 666 1739 Ordinibus
689 1676 732 1740 ad
756 1675 928 1760 Bulgaros,
960 1675 1116 1741 Tartarus
1138 1675 1290 1764 aliasque
1319 1691 1399 1761 gente

308 1770 498 1836 destinavit.
546 1773 757 1838 Restauravit
780 1775 849 1859 ipse
873 1773 997 1840 Romae
1021 1776 1132 1840 varias
1156 1775 1314 1840 ecclesias
1335 1772 1399 1838 colla

308 1868 432 1950 benten,
457 1882 494 1934 ut
517 1869 641 1936 cultum
667 1873 819 1936 divinum
843 1881 1072 1958 promoveret,
1097 1871 1155 1937 sed
1178 1883 1212 1937 et
1234 1871 1351 1960 amplis
1369 1893 1399 1956 pa

306 1968 395 2033 latiis
425 1970 543 2033 urbem
572 1971 720 2050 ornavit,
752 1970 842 2035 unde
875 1969 1016 2035 Romani
1047 1971 1077 2034 ei
1109 1969 1293 2036 admodum
1326 1970 1399 2036 dedit

306 2067 449 2132 inerunt.
496 2066 626 2132 Auctus
650 2079 699 2132 est
722 2067 784 2132 sub
808 2067 945 2134 Nicolao
968 2068 1018 2133 IV
1049 2067 1205 2154 splendor
1229 2080 1264 2134 et
1287 2069 1399 2134 influxu

306 2163 451 2230 familiae
469 2164 725 2248 Columnarum,
750 2169 876 2232 creavit
891 2168 979 2230 enim
1004 2188 1047 2230 ex
1070 2189 1109 2232 ea
1132 2189 1162 2232 o.
1183 2167 1271 2232 1288
1294 2167 1399 2232 alterno

307 2259 530 2344 Cardinalem,
544 2263 679 2328 Petrum
696 2263 913 2346 Columnam
937 2264 1104 2330 Iacobum
1114 2265 1186 2349 jam
1202 2265 1232 2330 N
1237 2265 1356 2332 icolaua
1370 2257 1399 2422 ᾖ

305 2363 339 2426 in
363 2384 493 2427 sacrum
518 2360 701 2445 Collegium
732 2364 959 2448 adoptaverat.
1014 2361 1126 2426 Etiam
1150 2361 1328 2428 Senatores
1354 2384 1370 2446 p

306 2462 367 2524 sim
393 2483 434 2524 ex
458 2460 514 2525 illa
537 2460 664 2525 familia
688 2459 799 2526 selecti
815 2471 901 2526 sunt.
949 2460 1000 2524 De
1024 2462 1291 2545 praeeminentia
1306 2461 1398 2544 Romu

305 2568 385 2622 tnnc
401 2549 495 2624 'inter
518 2581 552 2623 se
577 2558 688 2624 Ursini
720 2568 753 2622 et
780 2556 963 2624 Columnae
993 2579 1146 2644 proceres
1177 2579 1355 2644 eorumque
1374 2555 1398 2618 la

306 2657 431 2722 ctiones
454 2655 678 2738 decertabant,
702 2658 757 2722 isti
779 2658 890 2742 potius
904 2655 1109 2734 Guelforum,
1134 2655 1168 2719 hi
1184 2655 1397 2752 Gibellinornu

305 2753 484 2818 tendentiis
522 2754 643 2836 dediti,
682 2766 714 2818 et
750 2776 792 2819 ex
823 2753 937 2818 litibus
971 2753 1102 2818 illarum
1135 2753 1338 2818 familiarum
1369 2765 1397 2833 re

304 2849 524 2916 hamentiores
547 2854 647 2916 etiam
660 2854 897 2918 commotiones
909 2861 1043 2918 exortae
1059 2861 1144 2916 sunt.
1159 2889 1202 2898 -
1216 2853 1317 2916 Anno
1333 2849 1396 2930 1291

305 2949 516 3035 pontificatus
532 2949 661 3014 Nicolai
675 2961 801 3036 quarto,
818 2959 1009 3036 expugnata
1024 2949 1122 3014 suita
1138 2945 1271 3013 sultano
1283 2951 1396 3050 Aegypt

304 3045 493 3129 Ptolomal's,
518 3069 602 3134 quae
619 3059 689 3112 erat
705 3047 774 3112 sola
789 3069 874 3134 quae
888 3057 1093 3113 remanserat
1109 3045 1312 3112 Christianis
1334 3047 1395 3109 firm

306 3145 384 3212 urbs
407 3149 441 3212 in
459 3147 566 3231 Syria,
590 3157 690 3232 atque
714 3148 761 3212 ita
784 3147 968 3211 dominium
982 3143 1248 3210 Christianorum
1273 3147 1308 3210 in
1331 3145 1395 3292 Syrp

305 3253 338 3308 et
368 3255 454 3308 terra
478 3254 592 3309 sancta
623 3253 703 3308 tuno
733 3246 865 3330 penitus
896 3265 1048 3308 eversum
1077 3243 1151 3309 luit.
1196 3239 1383 3308 Nicolansl

304 3342 438 3428 quidem
455 3344 567 3408 omnia
580 3345 724 3407 tentavit
737 3343 780 3408 ad
795 3341 1009 3406 excitandum
1025 3340 1148 3406 bellum
1165 3363 1299 3406 sacrum
1315 3349 1394 3426 contu

304 3440 489 3504 Turoarum
512 3463 717 3526 progressus,
749 3438 940 3526 litterasque
973 3441 1107 3525 scripsit
1137 3439 1181 3504 ad
1212 3427 1394 3520 ecclesiantl

304 3538 481 3625 praesules,
505 3539 548 3603 ad
571 3540 740 3624 principes
764 3537 966 3624 Europaeos,
994 3535 1038 3601 ad
1062 3537 1302 3624 Imperatorem
1326 3535 1355 3600 G

304 3659 418 3702 corum
448 3659 607 3724 regesque
637 3637 861 3718 Tartarorum,
892 3635 1128 3716 Armenorum,
1161 3631 1348 3719 Georgiano

303 3745 337 3801 et
359 3733 541 3802 Iberornm.
588 3735 714 3800 Verum
738 3735 866 3821 priscus
889 3732 1121 3820 suscipiendae
1151 3733 1261 3796 crucis
1285 3730 1356 3797 belli

304 3832 472 3898 orientalis
499 3833 599 3898 ardor
632 3832 757 3919 ubique
780 3843 940 3918 tepuerat,
965 3842 997 3896 et
1020 3831 1178 3917 posthaec
1193 3831 1348 3896 cruciatis

303 3930 530 4017 peditionibus
540 3931 585 3996 ad
594 3930 834 3996 vindicandum
848 3953 868 3994 a
881 3929 1202 3994 Muhamedanerum
1209 3929 1293 4013 jugo
1307 3939 1336 3991 te

378 4094 397 4160 ¹)
417 4093 505 4162 Quum
531 4091 652 4145 Andreas
670 4089 715 4145 III
740 4090 822 4145 stiam
847 4089 906 4144 alne
930 4087 1005 4158 prola
1029 4087 1124 4153 obiret,
1150 4086 1183 4142 lis
1209 4087 1242 4141 de
1260 4081 1368 4141 macera*

304 4173 465 4228 unusuata
477 4179 527 4238 est,
546 4171 631 4226 donec
643 4185 714 4225 anno
728 4171 797 4225 leue
811 4169 981 4234 Carobertns,
1001 4167 1073 4222 Ilius
1086 4167 1176 4222 Caroli
1190 4165 1357 4228 Kastellion

304 4253 494 4322 competitores
511 4267 574 4308 snos
592 4265 707 4320 regnum
725 4250 792 4306 illud
811 4249 938 4306 obtinuit
