3000 4838
286 455 321 508 68
482 453 585 508 XXIII.
605 454 738 510 De-statu
757 452 857 508 Eccles.
878 452 961 522 priori
979 454 1066 508 medio
1085 469 1154 511 saec.
1174 455 1236 510 XII.

287 596 461 662 doctrinali
494 597 677 661 litterarum
708 599 847 661 scientia
878 599 1084 678 eminentior,
1121 599 1161 662 de
1194 599 1293 664 rebus
1323 623 1409 686 quae

274 699 539 781 ‘opportuniores
555 693 757 758 videbantur
782 702 990 773 tractaturus,
1016 696 1102 759 inter
1126 695 1208 761 alios
1232 719 1410 781 assurgens

286 794 332 857 ita
367 815 503 857 exorsus
538 795 617 858 est.“
672 793 822 856 Recitata
858 792 934 857 dein
971 793 1142 858 Pontificis
1173 797 1327 859 'oratione
1368 797 1410 861 de

123 891 267 996 fffflfflfi
287 890 464 955 schismate
488 903 520 954 et
543 891 584 955 de
602 891 779 976 disciplina
795 891 968 974 firmanda,
994 891 1123 957 subdit:
1150 894 1233 974 „His
1249 904 1281 956 et
1297 894 1411 978 hujus-

149 1031 155 1048 ι
224 982 229 995 ’
268 982 375 1055 'modi
399 989 637 1054 assertionibus
672 990 825 1054 dominus
849 989 1060 1075 Apostolicus
1093 993 1230 1055 caeteris
1255 991 1412 1076 praelatis

286 1089 392 1153 divini
417 1092 576 1153 sermonis
591 1090 685 1154 favos
708 1091 900 1175 impertiens
924 1089 1078 1154 omnibus
1095 1088 1268 1175 propatula
1282 1094 1413 1155 ratione

286 1187 439 1267 ostendit,
476 1187 565 1273 quod
596 1187 713 1252 Petrus
745 1187 867 1252 Leonis
902 1210 967 1251 non
1001 1187 1140 1251 aliorum
1177 1189 1412 1266 assentatione,

286 1286 353 1349 imo
384 1286 501 1371 rapina
529 1307 563 1350 se
587 1285 771 1376 Apostolici
793 1286 883 1350 Petri
915 1289 1039 1351 vicario
1064 1286 1196 1350 fecisset
1226 1285 1412 1372 aequalem.

288 1381 491 1469 Cunctisque
507 1382 668 1468 religiosis
685 1385 775 1466 viris,
802 1382 923 1469 quibus
948 1383 1029 1448 illud
1055 1382 1250 1448 detestabile
1266 1383 1414 1447 schisma

288 1481 510 1567 displicuerat,
536 1481 647 1546 verbis
671 1482 742 1568 ejus
766 1503 840 1546 cum
866 1503 988 1567 magna
1011 1481 1109 1546 leude
1134 1483 1337 1545 unanimiter
1359 1503 1414 1544 ac·

287 1578 517 1662 clamantibus,
539 1580 723 1665 respondit:
754 1581 842 1644 Unde
856 1581 933 1665 qaia
956 1581 1161 1644 inordinatae
1181 1602 1340 1666 personae
1363 1581 1413 1642 ia-

288 1677 441 1741 ordt'aata
465 1688 537 1742 suat
553 1678 687 1755 decreta,
713 1679 923 1763 quodcumqae
946 1677 1002 1742 ille
1018 1687 1185 1754 statuerat,
1211 1677 1414 1754 destruimus,

258 1767 260 1774 ’
287 1797 490 1860 qaaecumque
529 1776 737 1857 exaltaverat,
785 1775 1006 1861 depredamae,
1054 1787 1083 1838 et
1119 1786 1268 1861 paotqaet
1300 1779 1414 1838 'eonsc-

290 1884 448 1950 crauerat,
489 1875 716 1937 ecerdiaamue
754 1883 784 1936 et
817 1873 1012 1960 deponimus.
1066 1873 1109 1935 Et
1137 1874 1317 1958 quicumque
1352 1895 1418 1957 per

291 1969 467 2034 Girardam
501 1971 768 2058 Eapoliemeuoem
803 1971 846 2034 ad
881 1969 997 2035 altaria
1031 1971 1170 2057 efficium
1205 1981 1416 2048 accesserunt,

288 2067 465 2154 apostoliea
499 2071 687 2132 auctoritate
723 2068 958 2147 interdicimus,
995 2091 1035 2133 me
1062 2070 1167 2154 ipsam
1197 2067 1352 2153 impleant
1386 2080 1418 2131 et

288 2169 323 2230 ia
353 2163 410 2228 illo
442 2167 565 2231 ordinis
596 2166 906 2252 praeoperante
929 2166 1128 2230 demorantes
1151 2166 1195 2228 acl
1219 2166 1417 2250 superiorem

287 2287 353 2328 aea
376 2264 558 2328 ascendant.
594 2301 631 2310 —
667 2263 730 2328 His
754 2261 851 2327 dictis
879 2262 1027 2348 singulos
1052 2286 1132 2350 quos
1156 2284 1228 2327 reos
1252 2283 1419 2347 cognove-

288 2372 350 2443 rat,
375 2363 517 2446 propriis
541 2360 732 2424 nominibus
747 2363 937 2445 exprimens
954 2363 1067 2447 eisque
1091 2381 1167 2425 cum
1183 2361 1420 2444 indignatione

289 2472 322 2524 et
347 2461 458 2545 jurgio
489 2459 702 2543 exprobrans,
739 2458 919 2544 pastorales
944 2458 1079 2523 baculos
1103 2459 1144 2522 de
1170 2458 1323 2522 manibus
1349 2459 1421 2522 vio-

288 2564 393 2628 lenter
424 2559 576 2642 arripuit,
615 2566 648 2620 et
678 2556 881 2642 pontificalia
920 2557 1034 2642 pallia,
1073 2555 1254 2642 inquibus
1286 2578 1423 2620 summa

293 2656 438 2739 dignitas
462 2656 619 2736 consistit,
645 2655 686 2719 de
710 2655 858 2719 humeris
873 2655 1099 2719 verecundose
1115 2653 1287 2718 abstraxit.
1323 2653 1425 2738 Ipsos

292 2773 423 2839 quoque
456 2750 605 2834 annulos,
642 2755 676 2816 in
707 2753 828 2838 quibus
861 2753 903 2816 ad
937 2755 1025 2838 ipsos
1055 2755 1225 2839 pertinens
1257 2749 1425 2817 ecclesiae

292 2851 501 2937 desponsatio
520 2853 725 2936 exprimitur,
750 2854 820 2916 sine
838 2862 990 2937 respectu
1007 2849 1254 2915 misericordiae
1269 2849 1425 2916 abstulit.

294 2947 478 3014 Gaufridus
506 2951 605 3012 etiam
630 2946 841 3013 Carnutensis
874 2951 1058 3034 episcopus,
1091 2997 1098 3012 .
1123 2998 1129 3012 .
1155 2999 1162 3012 .
1193 2948 1292 3011 totius
1314 2945 1427 3032 Aqui-

295 3048 408 3110 taniae
423 3043 560 3130 legatus,
584 3055 721 3130 accepta
745 3045 871 3110 domini
886 3047 996 3132 Papae
1020 3045 1261 3131 praeceptione,
1284 3065 1425 3110 omnem

295 3143 425 3208 Galliae
454 3147 623 3228 regionem
656 3145 761 3229 ipsius
792 3166 922 3230 quoque
946 3143 1149 3229 Aquitaniae
1182 3141 1327 3205 studiose
1359 3145 1427 3206 cir·

297 3243 420 3324 cuienS,
446 3245 556 3306 omnia
580 3251 769 3305 sanctarum
793 3240 1007 3305 ecclesiarum
1032 3241 1158 3318 altaria,
1184 3261 1268 3324 quae
1293 3239 1347 3302 vel
1363 3239 1428 3306 Gi·

296 3338 413 3403 rardus
437 3338 490 3403 ille
515 3340 686 3404 seditionis
710 3350 825 3403 auctor
848 3350 880 3402 et
904 3339 1064 3418 obtentor,
1090 3337 1142 3402 vel
1159 3335 1235 3402 Gilo
1259 3337 1426 3403 Tuscula-

297 3440 409 3501 nensis
433 3439 606 3523 episcopus
629 3447 687 3500 aut
711 3459 823 3501 eorum
848 3435 1024 3522 complices
1047 3435 1233 3500 chrismalis
1251 3437 1427 3501 unctionis

295 3535 529 3599 benedictione
562 3538 596 3599 in
627 3533 714 3598 illius
738 3535 841 3599 odiosi
867 3535 1054 3598 schismatis
1078 3542 1225 3618 tempore
1251 3555 1427 3600 consecra-

298 3645 425 3715 verant,
449 3633 591 3718 propriis
609 3633 762 3697 manibus
778 3632 967 3716 dissipavit,
992 3655 1054 3696 nee
1068 3632 1258 3718 relinquens
1272 3629 1427 3716 lapidem

298 3752 397 3816 super
406 3731 551 3817 lapidem
564 3753 663 3817 quem
682 3753 749 3794 non
762 3731 952 3813 destrueret,
970 3730 1037 3795 solo
1053 3729 1202 3794 funditus
1218 3729 1428 3815 adaequavit

298 3838 332 3892 et
353 3832 480 3893 ratione
506 3829 653 3893 dictante
677 3827 742 3892 alia
766 3851 880 3892 eorum
896 3829 966 3892 loco
982 3836 1166 3892 restaurare
1181 3829 1344 3891 curavit.“
1352 3827 1377 3912 ¹)

390 3945 442 4012 86.
472 3945 583 4008 Etiam
607 3945 724 4008 Petrus
748 3925 935 4008 Cardinalis
950 3944 1150 4024 Portuensis,
1176 3944 1330 4028 quamvis
1349 3944 1426 4029 jam

298 4053 398 4108 antea
422 4041 590 4106 schismati
609 4045 838 4123 renuntiasset,
864 4053 974 4106 tamen
999 4044 1182 4106 sententiae
1206 4040 1428 4126 depositionis
1481 4091 1482 4096 η

377 4241 397 4304 Ι)
416 4240 464 4306 Ap.
486 4237 648 4305 Watterich,
668 4237 704 4292 IL
724 4239 783 4292 250,
