2868 4844
229 463 269 517 De
287 464 536 528 Reservationihus,
557 465 682 528 AunatIs,
701 463 877 521 Commendis.
1085 466 1136 520 927

108 607 157 671 I9.
198 607 263 673 Sed
289 617 439 688 nonest,
465 630 525 670 cur
548 627 718 693 negemus,
743 607 909 671 interdum
935 610 969 672 in
994 608 1137 674 collatio·

33 704 118 768 nibus
138 705 376 770 beneficiorum
402 708 513 770 minus
536 705 677 791 provIde
700 713 811 770 actum
836 705 946 769 fuisse.
994 707 1051 773 Sic
1067 706 1137 771 Cle·
1169 711 1284 752 ”mm

33 823 111 865 nens
134 803 180 866 VI
209 805 328 867 insitae
358 803 422 868 sihi
456 803 499 867 ad
530 801 811 888 magnificentiam
842 814 874 867 et
905 803 1138 871 liberalitatem
1178 774 1279 822 ‘mm'

32 903 225 985 propensioni
267 904 407 966 nlmium
452 903 486 965 in
520 901 695 966 collatione
735 922 867 987 quoque
902 903 1138 968 beneficiorum

31 999 154 1061 cessisse
182 997 327 1081 videtur,
362 1001 407 1063 ita
438 1009 476 1062 ut
507 1019 710 1085 permagnus
747 1019 904 1063 numerus
943 1000 1138 1066 clericorum

28 1097 272 1182 supplicantium
298 1099 508 1161 Avenionem
533 1095 724 1162 conflueret.
772 1097 818 1161 At
841 1097 1003 1182 ejusmodi
1028 1121 1138 1164 exces-

28 1216 81 1263 sus.
111 1195 210 1260 rebus
240 1196 397 1259 humanis
429 1216 560 1280 semper
594 1197 701 1275 mixti,
736 1195 813 1260 dein
842 1218 861 1259 a
893 1197 1138 1262 successoribus

27 1293 180 1357 reformati
211 1305 299 1359 sunt.
334 1329 372 1340 -
408 1291 588 1358 Efficiebat
611 1294 711 1356 etiam
735 1296 805 1377 ipse
838 1303 941 1356 status
972 1317 1081 1360 rerum
1107 1308 1139 1361 et

26 1395 229 1457 commoratio
262 1394 295 1456 in
320 1389 440 1470 Gallia,
474 1402 510 1455 ut
533 1389 640 1456 Gallis
663 1389 758 1475 plura
783 1392 816 1454 iu
841 1390 915 1455 aliis
946 1393 1138 1477 regionibus

24 1491 242 1555 conferrentur
258 1489 431 1570 beneficia,
457 1488 587 1553 sublata
604 1489 803 1553 residentiae
819 1487 1032 1573 obligatione,
1048 1494 1138 1558 uude

21 1587 154 1652 aliarum
177 1589 350 1652 nationum
375 1589 521 1652 excitata
545 1599 594 1651 est
618 1586 809 1669 simsdtas.¹)
858 1587 1037 1675 Quumque
1065 1592 1136 1676 jam

24 1687 154 1750 nimium
177 1686 247 1750 fere
269 1697 388 1750 auctae
411 1697 521 1750 essent
536 1687 753 1770 provisiones,
778 1685 921 1772 eoquod
939 1690 1137 1772 patrimonio

21 1783 172 1848 eeclesiae
203 1783 373 1848 Romanae
407 1784 514 1848 orbati
549 1783 715 1848 interdum
755 1783 933 1848 Pontifices
965 1783 1137 1850 beneficiis
1193 1803 1195 1808 ·

22 1879 198 1946 distributis
212 1893 384 1946 uterentur
399 1881 442 1946 ad
459 1879 654 1946 clericorum
671 1884 983 1965 remunerationem,
1002 1882 1136 1948 demum

20 1977 93 2043 duro
134 1979 279 2064 plurium
320 1979 520 2044 Pontificum
558 1979 736 2044 schismate
775 1991 888 2045 exorto
916 1979 1001 2059 illae,
1041 1981 1136 2046 titulo

19 2080 218 2144 necessariae
241 2080 490 2142 sustentationis
514 2088 547 2141 et
569 2077 781 2144 adhaesionis
797 2079 839 2143 ad
856 2087 982 2144 certum
998 2079 1135 2166 Papam,

17 2176 153 2240 nlmium
200 2177 423 2242 increverunt.
459 2177 660 2240 'Exstincto
706 2177 901 2256 schismate,
947 2175 1135 2242 Concilium

17 2271 265 2338 Constantianus
290 2275 473 2338 remedium
498 2272 631 2360 aliquod
658 2274 741 2354 tulit,
767 2285 799 2338 et
823 2275 899 2340 dein
924 2273 1137 2360 perCoucor·

15 2370 85 2434 data
111 2373 321 2456 provisiones
344 2395 383 2436 ae
408 2374 648 2436 reservationes
671 2383 875 2458 temperatae
897 2373 1072 2452 fastuose)

98 2479 153 2544 80.
183 2479 300 2564 Neque
318 2499 488 2563 negamus,
514 2481 546 2543 in
565 2479 812 2564 provisionibus
831 2503 935 2544 unum
951 2481 1135 2544 alterumve

12 2597 48 2638 eu
71 2577 296 2642 Pontificibus
320 2575 614 2642 avenionensibus
645 2577 809 2641 interdurn
836 2577 963 2664 aliquid
987 2580 1079 2643 carni
1104 2589 1137 2642 et

11 2677 165 2758 sanguini
190 2675 377 2754 indulsisse,
410 2665 454 2740 ita
479 2686 515 2738 ut
539 2677 715 2760 propinqui
741 2676 909 2761 (quamvis
933 2676 1041 2760 digni)
1074 2675 1135 2740 fre-

11 2775 166 2854 quentius
193 2773 236 2836 ad
268 2776 479 2859 episcopatus
503 2784 786 2858 promoverentur.
836 2773 910 2854 Qua
939 2777 974 2839 iu
1004 2797 1049 2857 re,
1085 2777 1134 2838 uti

79 2971 99 3038 ¹)
122 2972 210 3036 Quam
229 2969 308 3022 facile
327 2975 419 3022 tamen
439 2969 467 3021 iu
486 2969 614 3036 ejusmodi
635 2970 853 3024 accusationibus
871 2971 991 3024 maxima
1015 2987 1134 3039 exagge-

11 3052 74 3102 ratio
94 3051 236 3110 obveniat,
256 3055 333 3118 patet
345 3065 378 3104 ex
389 3050 505 3115 querelis
519 3049 659 3104 Gallorum
677 3057 773 3104 contra
784 3049 953 3106 Bonifatium
966 3052 1044 3107 VIII.
1064 3051 1134 3118 quod

11 3131 147 3184 extraneis
172 3131 342 3198 episcopatus
367 3135 395 3183 et
419 3129 548 3184 beneficia
571 3130 657 3184 multa
683 3130 837 3184 contulerit.
882 3131 985 3199 Magna
1009 3149 1069 3187 cum
1093 3132 1135 3186 iu-

11 3211 170 3278 lignatione
188 3210 250 3264 illas
269 3211 454 3264 accusationes
473 3209 629 3264 Bonifatius
648 3212 749 3278 rejecit,
770 3211 922 3276 advertens,
942 3213 1049 3266 nonnisi
1068 3212 1134 3268 duos

11 3293 180 3359 episcopatus
199 3290 311 3344 collatos
330 3290 415 3346 luisse
434 3292 580 3355 extraneis,
599 3292 645 3356 qui
661 3292 720 3362 jam
733 3291 780 3345 diu
799 3293 828 3345 in
841 3291 933 3346 Gallia
945 3293 1133 3360 versabantur,

11 3389 28 3426 u
46 3373 128 3440 regis
141 3370 263 3439 Philippi
277 3370 441 3436 obsequium
469 3372 531 3438 Ipso
544 3370 671 3426 videficet
689 3387 756 3440 rege
774 3377 885 3438 petente
904 3371 1136 3442 archIepiseopum

11 3451 206 3508 tituricenaam
232 3451 421 3505 nominaverat
441 3451 586 3520 aegidium
611 3451 767 3506 Columnam
787 3451 945 3520 Romanum,
967 3451 1013 3519 qui
1039 3451 1132 3508 fuerat

11 3532 43 3588 liu
73 3531 196 3588 Parisiis
222 3531 376 3598 theologiae
403 3531 538 3598 professor
566 3537 594 3586 et
621 3537 780 3599 praeceptor
806 3531 891 3600 ipsius
923 3531 1004 3600 regis.
1041 3533 1133 3587 Etiam

11 3615 144 3668 letardus
170 3611 311 3680 PIgalotti,
337 3611 527 3665 Atrebatensis
553 3612 700 3679 episcopus,
723 3612 838 3666 Parisiis
862 3612 954 3666 fuerat
978 3613 1133 3679 Institutas,

11 3695 90 3762 hique
112 3694 207 3747 sactus
233 3699 293 3745 erat
318 3691 454 3759 professor
478 3691 570 3760 legum
595 3698 623 3745 et
646 3692 739 3745 doctor
761 3693 903 3759 utriusque
924 3693 1002 3760 juris.
1040 3693 1132 3761 Quoad

11 3777 50 3830 lia
71 3773 211 3828 beneficia
223 3772 343 3827 advertit
353 3771 518 3836 Bonifatius,
538 3773 584 3826 vix
604 3787 687 3826 uuum
707 3778 865 3826 extraneum
885 3787 944 3826 esse
962 3773 1132 3828 nominatum

11 3873 43 3910 ro
61 3863 181 3910 centnm
201 3853 296 3908 Gallis,
318 3884 348 3891 —
369 3853 456 3908 Sicuti
475 3853 550 3920 ipsae
568 3851 708 3908 Gallorum
726 3852 852 3919 querelae
871 3853 1132 3922 exaggerationibus

11 3938 110 4004 uiustis
138 3933 298 4000 scatebant,
329 3934 370 3987 ita
394 3941 423 3988 et
447 3939 541 4001 postea
563 3934 649 3988 multa
673 3939 844 4002 exaggerate
868 3939 933 3986 sunt
962 3933 990 3988 In
1016 3935 1133 4001 querelis

11 4019 116 4072 Iiarnm
138 4016 283 4069 nationum
296 4019 391 4068 contra
403 4013 549 4068 Pontifices
561 4014 772 4078 avenionenses,
791 4013 834 4066 uti
846 4013 944 4081 Anglis
956 4014 1079 4068 Clemens
1092 4015 1133 4068 VI

11 4099 120 4154 uendit
171 4095 205 4150 V.
226 4095 357 4162 Baynald.
377 4111 400 4149 a.
423 4095 501 4149 1343.
522 4111 547 4150 n.
567 4094 603 4149 90
622 4099 650 4148 et
668 4112 692 4150 a.
714 4095 788 4148 1344.
811 4111 837 4149 n.
857 4095 899 4152 50.

65 4181 90 4248 ²)
114 4176 177 4230 Cfr.
197 4175 331 4238 Zaccaria,
362 4175 534 4229 Autilehron.
566 4175 715 4228 Febronius
741 4174 917 4228 abbreviatus
949 4179 1000 4228 etc.
1033 4175 1061 4234 ΡΙ
1082 4173 1132 4230 III.

973 4343 1021 4396 15*
