<?xml version="1.0" encoding="UTF-8"?>
<!DOCTYPE html PUBLIC "-//W3C//DTD XHTML 1.0 Transitional//EN"
    "http://www.w3.org/TR/xhtml1/DTD/xhtml1-transitional.dtd">
<html xmlns="http://www.w3.org/1999/xhtml" xml:lang="en" lang="en">
 <head>
  <title>
</title>
<meta http-equiv="Content-Type" content="text/html;charset=utf-8" />
  <meta name='ocr-system' content='tesseract 3.04.00' />
  <meta name='ocr-capabilities' content='ocr_page ocr_carea ocr_par ocr_line ocrx_word'/>
</head>
<body>
  <div class='ocr_page' id='page_1' title='image "./dissertationess00junggoog_0595.png"; bbox 0 0 2844 4840; ppageno 0'>
   <div class='ocr_carea' id='block_1_1' title="bbox 288 446 1139 507">
    <p class='ocr_par' dir='ltr' id='par_1_1' title="bbox 288 446 1139 507">
     <span class='ocr_line' id='line_1_1' title="bbox 288 446 1139 507; baseline 0.008 -7"><span class='ocrx_word' id='word_1_1' title='bbox 288 446 325 502; x_wconf 84' lang='grc'><strong>60</strong></span> <span class='ocrx_word' id='word_1_2' title='bbox 559 447 645 502; x_wconf 83' lang='lat' dir='ltr'><strong>XXX.</strong></span> <span class='ocrx_word' id='word_1_3' title='bbox 666 448 706 502; x_wconf 84' lang='lat' dir='ltr'><strong>Da</strong></span> <span class='ocrx_word' id='word_1_4' title='bbox 724 447 888 502; x_wconf 85' lang='lat' dir='ltr'><strong>Pontificatu</strong></span> <span class='ocrx_word' id='word_1_5' title='bbox 907 448 1041 503; x_wconf 83' lang='lat' dir='ltr'><strong>Ronifatii</strong></span> <span class='ocrx_word' id='word_1_6' title='bbox 1064 448 1139 507; x_wconf 87' lang='lat' dir='ltr'>VIII.</span> 
     </span>
    </p>
   </div>
   <div class='ocr_carea' id='block_1_2' title="bbox 117 588 1415 2439">
    <p class='ocr_par' dir='ltr' id='par_1_2' title="bbox 117 588 1415 2439">
     <span class='ocr_line' id='line_1_2' title="bbox 122 588 1391 694; baseline 0.004 -41"><span class='ocrx_word' id='word_1_7' title='bbox 122 589 278 694; x_wconf 52' lang='lat' dir='ltr'><strong>ffifffi‘</strong></span> <span class='ocrx_word' id='word_1_8' title='bbox 378 589 431 653; x_wconf 90' lang='grc'><strong>63.</strong></span> <span class='ocrx_word' id='word_1_9' title='bbox 457 588 648 676; x_wconf 82' lang='lat' dir='ltr'><strong>Carpantur</strong></span> <span class='ocrx_word' id='word_1_10' title='bbox 662 590 801 654; x_wconf 89' lang='lat' dir='ltr'><strong>multum</strong></span> <span class='ocrx_word' id='word_1_11' title='bbox 819 591 875 656; x_wconf 88' lang='lat' dir='ltr'><strong>illa</strong></span> <span class='ocrx_word' id='word_1_12' title='bbox 891 589 1144 658; x_wconf 85' lang='lat' dir='ltr'><strong>Constitutionis</strong></span> <span class='ocrx_word' id='word_1_13' title='bbox 1168 593 1283 659; x_wconf 86' lang='lat' dir='ltr'><strong>verba:</strong></span> <span class='ocrx_word' id='word_1_14' title='bbox 1309 595 1391 669; x_wconf 85' lang='lat' dir='ltr'><strong>Quod</strong></span> 
     </span>
     <span class='ocr_line' id='line_1_3' title="bbox 117 663 1390 778; baseline 0 -24"><span class='ocrx_word' id='word_1_15' title='bbox 117 663 132 702; x_wconf 62' lang='lat' dir='ltr'>q</span> <span class='ocrx_word' id='word_1_16' title='bbox 179 721 224 755; x_wconf 70' lang='lat' dir='ltr'><strong>ru..</strong></span> <span class='ocrx_word' id='word_1_17' title='bbox 288 690 384 753; x_wconf 85' lang='lat' dir='ltr'><strong>etiam</strong></span> <span class='ocrx_word' id='word_1_18' title='bbox 421 687 504 770; x_wconf 89' lang='lat' dir='ltr'><strong>(scil.</strong></span> <span class='ocrx_word' id='word_1_19' title='bbox 537 687 741 774; x_wconf 89' lang='lat' dir='ltr'><strong>spiritualem</strong></span> <span class='ocrx_word' id='word_1_20' title='bbox 774 699 937 754; x_wconf 81' lang='lat' dir='ltr'><strong>terrenam</strong></span> <span class='ocrx_word' id='word_1_21' title='bbox 970 690 1170 776; x_wconf 88' lang='lat' dir='ltr'><strong>praecellere</strong></span> <span class='ocrx_word' id='word_1_22' title='bbox 1201 695 1390 778; x_wconf 87' lang='lat' dir='ltr'><strong>potestatem)</strong></span> 
     </span>
     <span class='ocr_line' id='line_1_4' title="bbox 287 787 1392 876; baseline 0.004 -26"><span class='ocrx_word' id='word_1_23' title='bbox 287 809 328 850; x_wconf 75' lang='lat' dir='ltr'><strong>ea</strong></span> <span class='ocrx_word' id='word_1_24' title='bbox 351 787 542 850; x_wconf 83' lang='lat' dir='ltr'><strong>decimarum</strong></span> <span class='ocrx_word' id='word_1_25' title='bbox 566 787 712 866; x_wconf 81' lang='lat' dir='ltr'><strong>datione,</strong></span> <span class='ocrx_word' id='word_1_26' title='bbox 737 800 767 852; x_wconf 90' lang='lat' dir='ltr'><strong>et</strong></span> <span class='ocrx_word' id='word_1_27' title='bbox 790 788 1014 866; x_wconf 71' lang='lat' dir='ltr'><strong>benedictione,</strong></span> <span class='ocrx_word' id='word_1_28' title='bbox 1039 801 1069 853; x_wconf 86' lang='lat' dir='ltr'><strong>et</strong></span> <span class='ocrx_word' id='word_1_29' title='bbox 1085 791 1337 876; x_wconf 71' lang='lat' dir='ltr'><strong>soucuflootioue,</strong></span> <span class='ocrx_word' id='word_1_30' title='bbox 1359 815 1392 854; x_wconf 75' lang='lat' dir='ltr'><strong>cc</strong></span> 
     </span>
     <span class='ocr_line' id='line_1_5' title="bbox 288 884 1392 976; baseline 0.004 -28"><span class='ocrx_word' id='word_1_31' title='bbox 288 884 389 971; x_wconf 56' lang='lat' dir='ltr'><strong>maus</strong></span> <span class='ocrx_word' id='word_1_32' title='bbox 408 887 579 970; x_wconf 82' lang='lat' dir='ltr'><strong>potestatis</strong></span> <span class='ocrx_word' id='word_1_33' title='bbox 602 888 792 972; x_wconf 80' lang='lat' dir='ltr'><em>acceptione,</em></span> <span class='ocrx_word' id='word_1_34' title='bbox 825 887 1030 974; x_wconf 71' lang='lat' dir='ltr'><strong>exipsorum</strong></span> <span class='ocrx_word' id='word_1_35' title='bbox 1052 911 1157 953; x_wconf 80' lang='lat' dir='ltr'><strong>rerum</strong></span> <span class='ocrx_word' id='word_1_36' title='bbox 1185 891 1392 976; x_wconf 63' lang='lat' dir='ltr'><strong>primatiam</strong></span> 
     </span>
     <span class='ocr_line' id='line_1_6' title="bbox 286 981 1393 1072; baseline 0.002 -28"><span class='ocrx_word' id='word_1_37' title='bbox 286 982 384 1045; x_wconf 80' lang='lat' dir='ltr'><strong>claris</strong></span> <span class='ocrx_word' id='word_1_38' title='bbox 407 981 507 1046; x_wconf 83' lang='lat' dir='ltr'><strong>oculis</strong></span> <span class='ocrx_word' id='word_1_39' title='bbox 530 985 704 1046; x_wconf 82' lang='lat' dir='ltr'><strong>iutuemur:</strong></span> <span class='ocrx_word' id='word_1_40' title='bbox 727 1007 802 1048; x_wconf 83' lang='lat' dir='ltr'><strong>nom</strong></span> <span class='ocrx_word' id='word_1_41' title='bbox 818 985 958 1048; x_wconf 85' lang='lat' dir='ltr'><strong>Veritate</strong></span> <span class='ocrx_word' id='word_1_42' title='bbox 983 995 1125 1066; x_wconf 85' lang='lat' dir='ltr'><strong>testante,</strong></span> <span class='ocrx_word' id='word_1_43' title='bbox 1149 988 1328 1072; x_wconf 80' lang='lat' dir='ltr'><strong>spiritualis</strong></span> <span class='ocrx_word' id='word_1_44' title='bbox 1346 1009 1393 1072; x_wconf 87' lang='lat' dir='ltr'><strong>po-</strong></span> 
     </span>
     <span class='ocr_line' id='line_1_7' title="bbox 287 1084 1414 1174; baseline 0.003 -32"><span class='ocrx_word' id='word_1_45' title='bbox 287 1090 383 1143; x_wconf 83' lang='lat' dir='ltr'><strong>testas</strong></span> <span class='ocrx_word' id='word_1_46' title='bbox 408 1090 564 1144; x_wconf 77' lang='lat' dir='ltr'><strong>terrenam</strong></span> <span class='ocrx_word' id='word_1_47' title='bbox 583 1091 773 1167; x_wconf 86' lang='lat' dir='ltr'><strong>potestatem</strong></span> <span class='ocrx_word' id='word_1_48' title='bbox 804 1084 970 1146; x_wconf 74' lang='lat' dir='ltr'><strong><em>instituere</em></strong></span> <span class='ocrx_word' id='word_1_49' title='bbox 999 1084 1100 1161; x_wconf 81' lang='lat' dir='ltr'><strong>dohet,</strong></span> <span class='ocrx_word' id='word_1_50' title='bbox 1133 1095 1163 1148; x_wconf 88' lang='lat' dir='ltr'><strong>et</strong></span> <span class='ocrx_word' id='word_1_51' title='bbox 1186 1085 1343 1174; x_wconf 84' lang='lat' dir='ltr'><strong>judicare,</strong></span> <span class='ocrx_word' id='word_1_52' title='bbox 1372 1085 1414 1170; x_wconf 65' lang='lat' dir='ltr'><strong>si}</strong></span> 
     </span>
     <span class='ocr_line' id='line_1_8' title="bbox 287 1177 1395 1268; baseline 0.003 -27"><span class='ocrx_word' id='word_1_53' title='bbox 287 1177 371 1241; x_wconf 82' lang='lat' dir='ltr'><strong>hona</strong></span> <span class='ocrx_word' id='word_1_54' title='bbox 400 1201 464 1242; x_wconf 83' lang='lat' dir='ltr'><strong>aon</strong></span> <span class='ocrx_word' id='word_1_55' title='bbox 485 1178 609 1264; x_wconf 68' lang='lat' dir='ltr'><strong>feeerit:</strong></span> <span class='ocrx_word' id='word_1_56' title='bbox 640 1182 685 1243; x_wconf 84' lang='lat' dir='ltr'><strong>sic</strong></span> <span class='ocrx_word' id='word_1_57' title='bbox 713 1180 751 1242; x_wconf 89' lang='lat' dir='ltr'><strong>de</strong></span> <span class='ocrx_word' id='word_1_58' title='bbox 780 1178 923 1244; x_wconf 84' lang='lat' dir='ltr'><strong>Ecclesia</strong></span> <span class='ocrx_word' id='word_1_59' title='bbox 954 1193 984 1244; x_wconf 91' lang='lat' dir='ltr'><strong>et</strong></span> <span class='ocrx_word' id='word_1_60' title='bbox 1015 1183 1227 1247; x_wconf 79' lang='lat' dir='ltr'><strong>eeclesiastico</strong></span> <span class='ocrx_word' id='word_1_61' title='bbox 1254 1193 1395 1268; x_wconf 84' lang='lat' dir='ltr'><strong>potestate</strong></span> 
     </span>
     <span class='ocr_line' id='line_1_9' title="bbox 287 1275 1398 1365; baseline 0 -26"><span class='ocrx_word' id='word_1_62' title='bbox 287 1275 466 1360; x_wconf 80' lang='lat' dir='ltr'><strong>verificatur</strong></span> <span class='ocrx_word' id='word_1_63' title='bbox 488 1277 674 1341; x_wconf 78' lang='lat' dir='ltr'><em>vaticinium</em></span> <span class='ocrx_word' id='word_1_64' title='bbox 688 1278 867 1342; x_wconf 86' lang='lat' dir='ltr'><strong>Jeremioe:</strong></span> <span class='ocrx_word' id='word_1_65' title='bbox 891 1279 969 1342; x_wconf 83' lang='lat' dir='ltr'><strong>Eece</strong></span> <span class='ocrx_word' id='word_1_66' title='bbox 984 1281 1134 1344; x_wconf 78' lang='lat' dir='ltr'><strong>cortetitui</strong></span> <span class='ocrx_word' id='word_1_67' title='bbox 1157 1291 1185 1343; x_wconf 85' lang='lat' dir='ltr'><strong>te</strong></span> <span class='ocrx_word' id='word_1_68' title='bbox 1202 1279 1291 1343; x_wconf 74' lang='lat' dir='ltr'><strong>laodic</strong></span> <span class='ocrx_word' id='word_1_69' title='bbox 1314 1303 1398 1365; x_wconf 62' lang='lat' dir='ltr'><strong>aspir</strong></span> 
     </span>
     <span class='ocr_line' id='line_1_10' title="bbox 286 1377 1396 1463; baseline 0.001 -26"><span class='ocrx_word' id='word_1_70' title='bbox 286 1384 392 1459; x_wconf 74' lang='lat' dir='ltr'><strong>pentes</strong></span> <span class='ocrx_word' id='word_1_71' title='bbox 423 1384 452 1436; x_wconf 87' lang='lat' dir='ltr'><strong>et</strong></span> <span class='ocrx_word' id='word_1_72' title='bbox 483 1397 581 1461; x_wconf 76' lang='lat' dir='ltr'><strong>reque</strong></span> <span class='ocrx_word' id='word_1_73' title='bbox 612 1385 641 1440; x_wconf 88' lang='lat' dir='ltr'><strong>et</strong></span> <span class='ocrx_word' id='word_1_74' title='bbox 671 1399 750 1461; x_wconf 76' lang='lat' dir='ltr'><strong>quoe</strong></span> <span class='ocrx_word' id='word_1_75' title='bbox 782 1378 971 1462; x_wconf 82' lang='lat' dir='ltr'><strong>sequutur.¹)</strong></span> <span class='ocrx_word' id='word_1_76' title='bbox 1026 1378 1188 1463; x_wconf 79' lang='lat' dir='ltr'><strong>Arguitur</strong></span> <span class='ocrx_word' id='word_1_77' title='bbox 1211 1377 1396 1454; x_wconf 67' lang='lat' dir='ltr'><strong>Bonifatius</strong></span> 
     </span>
     <span class='ocr_line' id='line_1_11' title="bbox 288 1472 1397 1559; baseline 0.002 -24"><span class='ocrx_word' id='word_1_78' title='bbox 288 1472 376 1559; x_wconf 90' lang='lat' dir='ltr'><strong>quod</strong></span> <span class='ocrx_word' id='word_1_79' title='bbox 401 1493 503 1557; x_wconf 90' lang='lat' dir='ltr'><strong>quum</strong></span> <span class='ocrx_word' id='word_1_80' title='bbox 532 1482 666 1552; x_wconf 79' lang='lat' dir='ltr'><strong>asserat,</strong></span> <span class='ocrx_word' id='word_1_81' title='bbox 699 1483 864 1537; x_wconf 84' lang='lat' dir='ltr'><strong>terrenam</strong></span> <span class='ocrx_word' id='word_1_82' title='bbox 893 1484 1087 1558; x_wconf 86' lang='lat' dir='ltr'><strong>potestatem</strong></span> <span class='ocrx_word' id='word_1_83' title='bbox 1117 1476 1286 1539; x_wconf 79' lang='lat' dir='ltr'><strong>instituis</strong></span> <span class='ocrx_word' id='word_1_84' title='bbox 1318 1477 1397 1558; x_wconf 89' lang='lat' dir='ltr'><strong>spiri·</strong></span> 
     </span>
     <span class='ocr_line' id='line_1_12' title="bbox 287 1569 1397 1658; baseline 0 -24"><span class='ocrx_word' id='word_1_85' title='bbox 287 1569 379 1652; x_wconf 89' lang='lat' dir='ltr'><strong>tuali,</strong></span> <span class='ocrx_word' id='word_1_86' title='bbox 397 1579 525 1656; x_wconf 80' lang='lat' dir='ltr'><strong>repetat</strong></span> <span class='ocrx_word' id='word_1_87' title='bbox 541 1572 702 1656; x_wconf 86' lang='lat' dir='ltr'><strong>originem</strong></span> <span class='ocrx_word' id='word_1_88' title='bbox 719 1574 890 1656; x_wconf 89' lang='lat' dir='ltr'><strong>potestatis</strong></span> <span class='ocrx_word' id='word_1_89' title='bbox 905 1573 1096 1658; x_wconf 88' lang='lat' dir='ltr'><strong>temporalis</strong></span> <span class='ocrx_word' id='word_1_90' title='bbox 1110 1595 1226 1658; x_wconf 85' lang='lat' dir='ltr'><strong>regum</strong></span> <span class='ocrx_word' id='word_1_91' title='bbox 1243 1595 1284 1637; x_wconf 85' lang='lat' dir='ltr'><strong>ex</strong></span> <span class='ocrx_word' id='word_1_92' title='bbox 1300 1587 1397 1636; x_wconf 86' lang='lat' dir='ltr'><strong>aucto·</strong></span> 
     </span>
     <span class='ocr_line' id='line_1_13' title="bbox 286 1669 1398 1757; baseline 0.002 -25"><span class='ocrx_word' id='word_1_93' title='bbox 286 1669 383 1733; x_wconf 86' lang='lat' dir='ltr'><strong>ritate</strong></span> <span class='ocrx_word' id='word_1_94' title='bbox 407 1669 569 1754; x_wconf 83' lang='lat' dir='ltr'><strong>spirituali</strong></span> <span class='ocrx_word' id='word_1_95' title='bbox 595 1669 776 1751; x_wconf 80' lang='lat' dir='ltr'><strong>Ecclesiae,</strong></span> <span class='ocrx_word' id='word_1_96' title='bbox 800 1669 949 1756; x_wconf 85' lang='lat' dir='ltr'><strong>adeoque</strong></span> <span class='ocrx_word' id='word_1_97' title='bbox 973 1673 1052 1757; x_wconf 87' lang='lat' dir='ltr'><strong>jura</strong></span> <span class='ocrx_word' id='word_1_98' title='bbox 1075 1673 1265 1757; x_wconf 84' lang='lat' dir='ltr'><strong>principum</strong></span> <span class='ocrx_word' id='word_1_99' title='bbox 1289 1671 1398 1735; x_wconf 83' lang='lat' dir='ltr'><strong>laedat.</strong></span> 
     </span>
     <span class='ocr_line' id='line_1_14' title="bbox 287 1766 1415 1855; baseline -0.001 -25"><span class='ocrx_word' id='word_1_100' title='bbox 287 1766 444 1851; x_wconf 88' lang='lat' dir='ltr'><strong>Dumque</strong></span> <span class='ocrx_word' id='word_1_101' title='bbox 475 1767 570 1831; x_wconf 88' lang='lat' dir='ltr'><strong>addit</strong></span> <span class='ocrx_word' id='word_1_102' title='bbox 600 1767 656 1831; x_wconf 91' lang='lat' dir='ltr'><strong>illa</strong></span> <span class='ocrx_word' id='word_1_103' title='bbox 692 1766 813 1831; x_wconf 88' lang='lat' dir='ltr'><strong>verba:</strong></span> <span class='ocrx_word' id='word_1_104' title='bbox 849 1769 928 1832; x_wconf 86' lang='lat' dir='ltr'><strong>Ecce</strong></span> <span class='ocrx_word' id='word_1_105' title='bbox 958 1771 1109 1834; x_wconf 80' lang='lat' dir='ltr'><strong>constitui</strong></span> <span class='ocrx_word' id='word_1_106' title='bbox 1138 1780 1166 1832; x_wconf 87' lang='lat' dir='ltr'><strong>te</strong></span> <span class='ocrx_word' id='word_1_107' title='bbox 1196 1769 1289 1832; x_wconf 78' lang='lat' dir='ltr'><strong>hodie</strong></span> <span class='ocrx_word' id='word_1_108' title='bbox 1318 1777 1415 1855; x_wconf 59' lang='lat' dir='ltr'><strong>asper*</strong></span> 
     </span>
     <span class='ocr_line' id='line_1_15' title="bbox 286 1865 1400 1954; baseline -0.002 -26"><span class='ocrx_word' id='word_1_109' title='bbox 286 1875 391 1950; x_wconf 76' lang='lat' dir='ltr'><strong>pentes</strong></span> <span class='ocrx_word' id='word_1_110' title='bbox 416 1876 445 1928; x_wconf 87' lang='lat' dir='ltr'><strong>et</strong></span> <span class='ocrx_word' id='word_1_111' title='bbox 468 1887 563 1952; x_wconf 84' lang='lat' dir='ltr'><strong>super·</strong></span> <span class='ocrx_word' id='word_1_112' title='bbox 586 1887 685 1950; x_wconf 75' lang='lat' dir='ltr'><strong>reque</strong></span> <span class='ocrx_word' id='word_1_113' title='bbox 709 1874 781 1946; x_wconf 79' lang='lat' dir='ltr'><strong>etc,</strong></span> <span class='ocrx_word' id='word_1_114' title='bbox 807 1865 1068 1931; x_wconf 87' lang='lat' dir='ltr'><strong>dominationem</strong></span> <span class='ocrx_word' id='word_1_115' title='bbox 1084 1867 1266 1954; x_wconf 88' lang='lat' dir='ltr'><strong>quamdam</strong></span> <span class='ocrx_word' id='word_1_116' title='bbox 1283 1867 1400 1932; x_wconf 86' lang='lat' dir='ltr'><strong>absolu-</strong></span> 
     </span>
     <span class='ocr_line' id='line_1_16' title="bbox 287 1962 1400 2049; baseline 0.003 -24"><span class='ocrx_word' id='word_1_117' title='bbox 287 1973 354 2026; x_wconf 87' lang='lat' dir='ltr'><strong>tam</strong></span> <span class='ocrx_word' id='word_1_118' title='bbox 380 1963 479 2025; x_wconf 87' lang='lat' dir='ltr'><strong>etiam</strong></span> <span class='ocrx_word' id='word_1_119' title='bbox 504 1965 538 2026; x_wconf 90' lang='lat' dir='ltr'><strong>in</strong></span> <span class='ocrx_word' id='word_1_120' title='bbox 562 1962 758 2048; x_wconf 87' lang='lat' dir='ltr'><strong>temporalia</strong></span> <span class='ocrx_word' id='word_1_121' title='bbox 782 1965 972 2049; x_wconf 86' lang='lat' dir='ltr'><strong>principum</strong></span> <span class='ocrx_word' id='word_1_122' title='bbox 1004 1965 1175 2029; x_wconf 85' lang='lat' dir='ltr'><strong>adstruere</strong></span> <span class='ocrx_word' id='word_1_123' title='bbox 1199 1965 1344 2030; x_wconf 81' lang='lat' dir='ltr'><strong>videtur.</strong></span> <span class='ocrx_word' id='word_1_124' title='bbox 1366 2001 1400 2010; x_wconf 90' lang='lat'><strong>—-</strong></span> 
     </span>
     <span class='ocr_line' id='line_1_17' title="bbox 288 2058 964 2125; baseline 0.003 -2"><span class='ocrx_word' id='word_1_125' title='bbox 288 2058 354 2124; x_wconf 85' lang='lat' dir='ltr'><strong>Sed</strong></span> <span class='ocrx_word' id='word_1_126' title='bbox 378 2061 440 2124; x_wconf 91' lang='lat' dir='ltr'><strong>ista</strong></span> <span class='ocrx_word' id='word_1_127' title='bbox 464 2059 554 2124; x_wconf 89' lang='lat' dir='ltr'><strong>haud</strong></span> <span class='ocrx_word' id='word_1_128' title='bbox 578 2059 758 2124; x_wconf 86' lang='lat' dir='ltr'><strong>difficulter</strong></span> <span class='ocrx_word' id='word_1_129' title='bbox 781 2060 964 2125; x_wconf 89' lang='lat' dir='ltr'><strong>diluuntur.</strong></span> 
     </span>
     <span class='ocr_line' id='line_1_18' title="bbox 378 2157 1402 2248; baseline 0.001 -27"><span class='ocrx_word' id='word_1_130' title='bbox 378 2157 430 2224; x_wconf 81' lang='grc'><strong>64.</strong></span> <span class='ocrx_word' id='word_1_131' title='bbox 469 2157 567 2237; x_wconf 78' lang='lat' dir='ltr'><strong>Quod</strong></span> <span class='ocrx_word' id='word_1_132' title='bbox 597 2159 698 2243; x_wconf 83' lang='lat' dir='ltr'><strong>igitur</strong></span> <span class='ocrx_word' id='word_1_133' title='bbox 726 2157 767 2221; x_wconf 92' lang='lat' dir='ltr'><strong>ad</strong></span> <span class='ocrx_word' id='word_1_134' title='bbox 793 2181 831 2222; x_wconf 89' lang='lat' dir='ltr'><strong>ea</strong></span> <span class='ocrx_word' id='word_1_135' title='bbox 855 2157 958 2224; x_wconf 85' lang='lat' dir='ltr'><strong>verba</strong></span> <span class='ocrx_word' id='word_1_136' title='bbox 983 2169 1120 2246; x_wconf 89' lang='lat' dir='ltr'><strong>spectat,</strong></span> <span class='ocrx_word' id='word_1_137' title='bbox 1148 2171 1295 2247; x_wconf 83' lang='lat' dir='ltr'><strong>potestas</strong></span> <span class='ocrx_word' id='word_1_138' title='bbox 1320 2163 1402 2248; x_wconf 80' lang='lat' dir='ltr'><strong>spiri·</strong></span> 
     </span>
     <span class='ocr_line' id='line_1_19' title="bbox 289 2257 1405 2346; baseline 0 -28"><span class='ocrx_word' id='word_1_139' title='bbox 289 2257 387 2321; x_wconf 85' lang='lat' dir='ltr'><strong>tuolis</strong></span> <span class='ocrx_word' id='word_1_140' title='bbox 420 2267 576 2320; x_wconf 85' lang='lat' dir='ltr'><strong>terrenam</strong></span> <span class='ocrx_word' id='word_1_141' title='bbox 602 2265 793 2342; x_wconf 83' lang='lat' dir='ltr'><strong>potestatem</strong></span> <span class='ocrx_word' id='word_1_142' title='bbox 824 2257 989 2322; x_wconf 75' lang='lat' dir='ltr'><strong>instituere</strong></span> <span class='ocrx_word' id='word_1_143' title='bbox 1020 2257 1121 2335; x_wconf 77' lang='lat' dir='ltr'><strong>dohet,</strong></span> <span class='ocrx_word' id='word_1_144' title='bbox 1155 2269 1184 2322; x_wconf 86' lang='lat' dir='ltr'><strong>ct</strong></span> <span class='ocrx_word' id='word_1_145' title='bbox 1208 2257 1405 2346; x_wconf 66' lang='lat' dir='ltr'><strong>judicesad</strong></span> 
     </span>
     <span class='ocr_line' id='line_1_20' title="bbox 289 2353 1404 2439; baseline 0 -23"><span class='ocrx_word' id='word_1_146' title='bbox 289 2353 370 2418; x_wconf 84' lang='lat' dir='ltr'><strong>hono</strong></span> <span class='ocrx_word' id='word_1_147' title='bbox 393 2377 458 2416; x_wconf 83' lang='lat' dir='ltr'><strong>non</strong></span> <span class='ocrx_word' id='word_1_148' title='bbox 473 2353 589 2439; x_wconf 81' lang='lat' dir='ltr'><strong>fuerit,</strong></span> <span class='ocrx_word' id='word_1_149' title='bbox 614 2354 697 2417; x_wconf 78' lang='lat' dir='ltr'><strong>varii</strong></span> <span class='ocrx_word' id='word_1_150' title='bbox 723 2363 874 2417; x_wconf 83' lang='lat' dir='ltr'><strong>auctores</strong></span> <span class='ocrx_word' id='word_1_151' title='bbox 898 2375 1017 2438; x_wconf 84' lang='lat' dir='ltr'><strong>graves</strong></span> <span class='ocrx_word' id='word_1_152' title='bbox 1032 2355 1233 2437; x_wconf 84' lang='lat' dir='ltr'><strong>existimant,</strong></span> <span class='ocrx_word' id='word_1_153' title='bbox 1260 2355 1344 2420; x_wconf 91' lang='lat' dir='ltr'><strong>illud</strong></span> <span class='ocrx_word' id='word_1_154' title='bbox 1366 2358 1404 2418; x_wconf 84' lang='lat' dir='ltr'><strong>in·</strong></span> 
     </span>
    </p>
   </div>
   <div class='ocr_carea' id='block_1_3' title="bbox 288 2449 1405 2734">
    <p class='ocr_par' dir='ltr' id='par_1_3' title="bbox 288 2449 1405 2734">
     <span class='ocr_line' id='line_1_21' title="bbox 288 2449 1405 2538; baseline 0 -22"><span class='ocrx_word' id='word_1_155' title='bbox 288 2452 415 2516; x_wconf 79' lang='lat' dir='ltr'><strong>stituerc</strong></span> <span class='ocrx_word' id='word_1_156' title='bbox 439 2450 502 2514; x_wconf 91' lang='lat' dir='ltr'><strong>hoc</strong></span> <span class='ocrx_word' id='word_1_157' title='bbox 525 2449 596 2513; x_wconf 94' lang='lat' dir='ltr'><strong>loco</strong></span> <span class='ocrx_word' id='word_1_158' title='bbox 621 2449 709 2513; x_wconf 90' lang='lat' dir='ltr'><strong>idem</strong></span> <span class='ocrx_word' id='word_1_159' title='bbox 734 2473 805 2514; x_wconf 89' lang='lat' dir='ltr'><strong>esse</strong></span> <span class='ocrx_word' id='word_1_160' title='bbox 829 2473 868 2515; x_wconf 89' lang='lat' dir='ltr'><strong>ac</strong></span> <span class='ocrx_word' id='word_1_161' title='bbox 892 2454 1058 2530; x_wconf 78' lang='lat' dir='ltr'><strong>iustruere,</strong></span> <span class='ocrx_word' id='word_1_162' title='bbox 1083 2474 1147 2538; x_wconf 90' lang='lat' dir='ltr'><strong>quo</strong></span> <span class='ocrx_word' id='word_1_163' title='bbox 1172 2475 1273 2517; x_wconf 87' lang='lat' dir='ltr'><strong>sensu</strong></span> <span class='ocrx_word' id='word_1_164' title='bbox 1298 2475 1405 2517; x_wconf 73' lang='lat' dir='ltr'><strong>recma</strong></span> 
     </span>
     <span class='ocr_line' id='line_1_22' title="bbox 289 2547 1405 2636; baseline 0.003 -25"><span class='ocrx_word' id='word_1_165' title='bbox 289 2571 356 2613; x_wconf 84' lang='lat' dir='ltr'><strong>vox</strong></span> <span class='ocrx_word' id='word_1_166' title='bbox 381 2551 442 2612; x_wconf 89' lang='lat' dir='ltr'><strong>ista</strong></span> <span class='ocrx_word' id='word_1_167' title='bbox 465 2547 656 2634; x_wconf 83' lang='lat' dir='ltr'><strong>frequenter</strong></span> <span class='ocrx_word' id='word_1_168' title='bbox 679 2547 857 2612; x_wconf 89' lang='lat' dir='ltr'><strong>adhibetur</strong></span> <span class='ocrx_word' id='word_1_169' title='bbox 881 2559 913 2613; x_wconf 89' lang='lat' dir='ltr'><strong>et</strong></span> <span class='ocrx_word' id='word_1_170' title='bbox 936 2551 971 2613; x_wconf 94' lang='lat' dir='ltr'><strong>in</strong></span> <span class='ocrx_word' id='word_1_171' title='bbox 996 2560 1153 2614; x_wconf 88' lang='lat' dir='ltr'><strong>contextu</strong></span> <span class='ocrx_word' id='word_1_172' title='bbox 1170 2551 1344 2636; x_wconf 84' lang='lat' dir='ltr'><strong>aptissime</strong></span> <span class='ocrx_word' id='word_1_173' title='bbox 1366 2574 1405 2614; x_wconf 84' lang='lat' dir='ltr'><strong>re·</strong></span> 
     </span>
     <span class='ocr_line' id='line_1_23' title="bbox 289 2645 1404 2734; baseline -0.002 -21"><span class='ocrx_word' id='word_1_174' title='bbox 289 2646 452 2734; x_wconf 78' lang='lat' dir='ltr'><strong>cipitur.¹)</strong></span> <span class='ocrx_word' id='word_1_175' title='bbox 499 2645 567 2711; x_wconf 86' lang='lat' dir='ltr'><strong>Alii</strong></span> <span class='ocrx_word' id='word_1_176' title='bbox 591 2658 713 2728; x_wconf 88' lang='lat' dir='ltr'><strong>tamen,</strong></span> <span class='ocrx_word' id='word_1_177' title='bbox 746 2645 867 2732; x_wconf 88' lang='lat' dir='ltr'><strong>quibus</strong></span> <span class='ocrx_word' id='word_1_178' title='bbox 890 2647 1142 2733; x_wconf 84' lang='lat' dir='ltr'><strong>adstipulamur,</strong></span> <span class='ocrx_word' id='word_1_179' title='bbox 1175 2647 1238 2712; x_wconf 93' lang='lat' dir='ltr'><strong>hoc</strong></span> <span class='ocrx_word' id='word_1_180' title='bbox 1273 2649 1404 2714; x_wconf 84' lang='lat' dir='ltr'><strong>verbum</strong></span> 
     </span>
    </p>
   </div>
   <div class='ocr_carea' id='block_1_4' title="bbox 283 2823 1407 4320">
    <p class='ocr_par' dir='ltr' id='par_1_4' title="bbox 283 2823 1406 3852">
     <span class='ocr_line' id='line_1_24' title="bbox 287 2823 1406 2894; baseline -0.002 -14"><span class='ocrx_word' id='word_1_181' title='bbox 287 2841 304 2880; x_wconf 86' lang='lat' dir='ltr'><strong>a</strong></span> <span class='ocrx_word' id='word_1_182' title='bbox 323 2825 457 2893; x_wconf 75' lang='lat' dir='ltr'><strong>tcrrrporal</strong></span> <span class='ocrx_word' id='word_1_183' title='bbox 476 2823 549 2883; x_wconf 86' lang='lat' dir='ltr'><strong>kind.</strong></span> <span class='ocrx_word' id='word_1_184' title='bbox 575 2838 606 2877; x_wconf 91' lang='lat' dir='ltr'><strong>or</strong></span> <span class='ocrx_word' id='word_1_185' title='bbox 624 2823 746 2878; x_wconf 84' lang='lat' dir='ltr'><strong>whether</strong></span> <span class='ocrx_word' id='word_1_186' title='bbox 765 2825 788 2877; x_wconf 90' lang='lat' dir='ltr'><strong>it</strong></span> <span class='ocrx_word' id='word_1_187' title='bbox 807 2824 839 2878; x_wconf 89' lang='lat' dir='ltr'><strong>be</strong></span> <span class='ocrx_word' id='word_1_188' title='bbox 858 2841 893 2878; x_wconf 90' lang='lat' dir='ltr'><strong>no</strong></span> <span class='ocrx_word' id='word_1_189' title='bbox 912 2825 1007 2878; x_wconf 86' lang='lat' dir='ltr'><strong>rather</strong></span> <span class='ocrx_word' id='word_1_190' title='bbox 1030 2826 1172 2893; x_wconf 74' lang='lat' dir='ltr'><strong>spiritaii,</strong></span> <span class='ocrx_word' id='word_1_191' title='bbox 1199 2826 1249 2880; x_wconf 88' lang='lat' dir='ltr'><strong>bnt</strong></span> <span class='ocrx_word' id='word_1_192' title='bbox 1270 2826 1307 2894; x_wconf 75' lang='lat' dir='ltr'><strong>by</strong></span> <span class='ocrx_word' id='word_1_193' title='bbox 1326 2843 1342 2879; x_wconf 86' lang='lat' dir='ltr'><strong>a</strong></span> <span class='ocrx_word' id='word_1_194' title='bbox 1360 2843 1406 2880; x_wconf 75' lang='lat' dir='ltr'><strong>ccr-</strong></span> 
     </span>
     <span class='ocr_line' id='line_1_25' title="bbox 286 2903 1405 2974; baseline -0.002 -14"><span class='ocrx_word' id='word_1_195' title='bbox 286 2907 346 2960; x_wconf 88' lang='lat' dir='ltr'><strong>tain</strong></span> <span class='ocrx_word' id='word_1_196' title='bbox 364 2921 506 2971; x_wconf 85' lang='lat' dir='ltr'><strong>necessary</strong></span> <span class='ocrx_word' id='word_1_197' title='bbox 532 2919 719 2970; x_wconf 85' lang='lat' dir='ltr'><strong>consequence,</strong></span> <span class='ocrx_word' id='word_1_198' title='bbox 743 2904 797 2957; x_wconf 86' lang='lat' dir='ltr'><strong>aad</strong></span> <span class='ocrx_word' id='word_1_199' title='bbox 816 2904 845 2958; x_wconf 90' lang='lat' dir='ltr'><strong>in</strong></span> <span class='ocrx_word' id='word_1_200' title='bbox 864 2905 941 2958; x_wconf 90' lang='lat' dir='ltr'><strong>order</strong></span> <span class='ocrx_word' id='word_1_201' title='bbox 967 2913 995 2958; x_wconf 85' lang='lat' dir='ltr'><strong>to</strong></span> <span class='ocrx_word' id='word_1_202' title='bbox 1014 2903 1142 2971; x_wconf 88' lang='lat' dir='ltr'><strong>spiritual</strong></span> <span class='ocrx_word' id='word_1_203' title='bbox 1161 2905 1235 2972; x_wconf 87' lang='lat' dir='ltr'><strong>ends,</strong></span> <span class='ocrx_word' id='word_1_204' title='bbox 1263 2907 1290 2960; x_wconf 90' lang='lat' dir='ltr'><strong>it</strong></span> <span class='ocrx_word' id='word_1_205' title='bbox 1309 2908 1405 2974; x_wconf 79' lang='lat' dir='ltr'><strong>disposs</strong></span> 
     </span>
     <span class='ocr_line' id='line_1_26' title="bbox 286 2983 1405 3055; baseline -0.003 -14"><span class='ocrx_word' id='word_1_206' title='bbox 286 2987 317 3041; x_wconf 85' lang='lat' dir='ltr'><strong>of</strong></span> <span class='ocrx_word' id='word_1_207' title='bbox 332 2985 465 3052; x_wconf 87' lang='lat' dir='ltr'><strong>temporal</strong></span> <span class='ocrx_word' id='word_1_208' title='bbox 484 2984 603 3053; x_wconf 86' lang='lat' dir='ltr'><strong>things.“</strong></span> <span class='ocrx_word' id='word_1_209' title='bbox 623 2984 662 3044; x_wconf 56' lang='lat' dir='ltr'><strong>[O.</strong></span> <span class='ocrx_word' id='word_1_210' title='bbox 683 2983 800 3050; x_wconf 83' lang='lat' dir='ltr'><strong>Barclay</strong></span> <span class='ocrx_word' id='word_1_211' title='bbox 819 3000 840 3038; x_wconf 92' lang='lat' dir='ltr'><strong>c.</strong></span> <span class='ocrx_word' id='word_1_212' title='bbox 861 2983 899 3055; x_wconf 87' lang='grc'><strong>3.)</strong></span> <span class='ocrx_word' id='word_1_213' title='bbox 932 2984 1001 3038; x_wconf 81' lang='lat' dir='ltr'><strong>Deis</strong></span> <span class='ocrx_word' id='word_1_214' title='bbox 1020 2984 1206 3052; x_wconf 85' lang='lat' dir='ltr'><strong>prosequitur:</strong></span> <span class='ocrx_word' id='word_1_215' title='bbox 1227 2985 1327 3051; x_wconf 67' lang='lat' dir='ltr'><strong>,Nora</strong></span> <span class='ocrx_word' id='word_1_216' title='bbox 1345 2987 1405 3040; x_wconf 80' lang='lat' dir='ltr'><strong>fron</strong></span> 
     </span>
     <span class='ocr_line' id='line_1_27' title="bbox 286 3062 1404 3133; baseline -0.004 -13"><span class='ocrx_word' id='word_1_217' title='bbox 286 3067 362 3120; x_wconf 88' lang='lat' dir='ltr'><strong>these</strong></span> <span class='ocrx_word' id='word_1_218' title='bbox 371 3080 501 3133; x_wconf 81' lang='lat' dir='ltr'><strong>passages</strong></span> <span class='ocrx_word' id='word_1_219' title='bbox 520 3064 543 3116; x_wconf 89' lang='lat' dir='ltr'><strong>it</strong></span> <span class='ocrx_word' id='word_1_220' title='bbox 556 3063 643 3117; x_wconf 84' lang='lat' dir='ltr'><strong>would</strong></span> <span class='ocrx_word' id='word_1_221' title='bbox 662 3079 769 3131; x_wconf 86' lang='lat' dir='ltr'><strong>appear,</strong></span> <span class='ocrx_word' id='word_1_222' title='bbox 789 3062 851 3117; x_wconf 88' lang='lat' dir='ltr'><strong>that</strong></span> <span class='ocrx_word' id='word_1_223' title='bbox 870 3063 897 3118; x_wconf 89' lang='lat' dir='ltr'><strong>in</strong></span> <span class='ocrx_word' id='word_1_224' title='bbox 912 3063 1089 3118; x_wconf 87' lang='lat' dir='ltr'><strong>Bellarmines</strong></span> <span class='ocrx_word' id='word_1_225' title='bbox 1105 3063 1274 3133; x_wconf 80' lang='lat' dir='ltr'><strong>jndgement</strong></span> <span class='ocrx_word' id='word_1_226' title='bbox 1294 3067 1341 3120; x_wconf 86' lang='lat' dir='ltr'><strong>the</strong></span> <span class='ocrx_word' id='word_1_227' title='bbox 1359 3065 1404 3132; x_wconf 88' lang='lat' dir='ltr'><strong>opi·</strong></span> 
     </span>
     <span class='ocr_line' id='line_1_28' title="bbox 285 3143 1403 3212; baseline -0.003 -11"><span class='ocrx_word' id='word_1_228' title='bbox 285 3148 363 3201; x_wconf 88' lang='lat' dir='ltr'><strong>nions</strong></span> <span class='ocrx_word' id='word_1_229' title='bbox 382 3145 412 3199; x_wconf 85' lang='lat' dir='ltr'><strong>of</strong></span> <span class='ocrx_word' id='word_1_230' title='bbox 427 3145 474 3199; x_wconf 87' lang='lat' dir='ltr'><strong>the</strong></span> <span class='ocrx_word' id='word_1_231' title='bbox 487 3143 631 3200; x_wconf 82' lang='lat' dir='ltr'><strong>Canonists</strong></span> <span class='ocrx_word' id='word_1_232' title='bbox 648 3143 700 3196; x_wconf 90' lang='lat' dir='ltr'><strong>and</strong></span> <span class='ocrx_word' id='word_1_233' title='bbox 714 3143 761 3198; x_wconf 88' lang='lat' dir='ltr'><strong>tha</strong></span> <span class='ocrx_word' id='word_1_234' title='bbox 773 3143 956 3212; x_wconf 78' lang='lat' dir='ltr'><strong>Theologians</strong></span> <span class='ocrx_word' id='word_1_235' title='bbox 970 3143 1130 3211; x_wconf 80' lang='lat' dir='ltr'><strong>practicady</strong></span> <span class='ocrx_word' id='word_1_236' title='bbox 1149 3159 1222 3198; x_wconf 84' lang='lat' dir='ltr'><strong>corne</strong></span> <span class='ocrx_word' id='word_1_237' title='bbox 1240 3151 1276 3199; x_wconf 86' lang='lat' dir='ltr'><strong>to</strong></span> <span class='ocrx_word' id='word_1_238' title='bbox 1289 3161 1340 3200; x_wconf 90' lang='lat' dir='ltr'><strong>one</strong></span> <span class='ocrx_word' id='word_1_239' title='bbox 1358 3145 1403 3200; x_wconf 86' lang='lat' dir='ltr'><strong>aud</strong></span> 
     </span>
     <span class='ocr_line' id='line_1_29' title="bbox 285 3222 1403 3294; baseline -0.004 -14"><span class='ocrx_word' id='word_1_240' title='bbox 285 3227 332 3281; x_wconf 83' lang='lat' dir='ltr'><strong>the</strong></span> <span class='ocrx_word' id='word_1_241' title='bbox 350 3241 423 3279; x_wconf 84' lang='lat' dir='ltr'><strong>same</strong></span> <span class='ocrx_word' id='word_1_242' title='bbox 440 3224 529 3293; x_wconf 81' lang='lat' dir='ltr'><strong>thing,</strong></span> <span class='ocrx_word' id='word_1_243' title='bbox 549 3222 653 3293; x_wconf 81' lang='lat' dir='ltr'><strong>though</strong></span> <span class='ocrx_word' id='word_1_244' title='bbox 678 3222 751 3276; x_wconf 87' lang='lat' dir='ltr'><strong>their</strong></span> <span class='ocrx_word' id='word_1_245' title='bbox 774 3223 913 3293; x_wconf 80' lang='lat' dir='ltr'><strong>language</strong></span> <span class='ocrx_word' id='word_1_246' title='bbox 932 3240 988 3276; x_wconf 81' lang='lat' dir='ltr'><strong>was</strong></span> <span class='ocrx_word' id='word_1_247' title='bbox 1013 3223 1163 3278; x_wconf 85' lang='lat' dir='ltr'><strong>differrent.</strong></span> <span class='ocrx_word' id='word_1_248' title='bbox 1205 3222 1246 3290; x_wconf 82' lang='lat' dir='ltr'><strong>By</strong></span> <span class='ocrx_word' id='word_1_249' title='bbox 1270 3225 1403 3294; x_wconf 83' lang='lat' dir='ltr'><strong>Tempord</strong></span> 
     </span>
     <span class='ocr_line' id='line_1_30' title="bbox 285 3301 1404 3376; baseline -0.004 -16"><span class='ocrx_word' id='word_1_250' title='bbox 285 3322 375 3376; x_wconf 85' lang='lat' dir='ltr'><strong>power</strong></span> <span class='ocrx_word' id='word_1_251' title='bbox 392 3321 464 3359; x_wconf 86' lang='lat' dir='ltr'><strong>some</strong></span> <span class='ocrx_word' id='word_1_252' title='bbox 482 3304 580 3358; x_wconf 88' lang='lat' dir='ltr'><strong>earlier</strong></span> <span class='ocrx_word' id='word_1_253' title='bbox 592 3303 736 3356; x_wconf 80' lang='lat' dir='ltr'><strong>Canonists</strong></span> <span class='ocrx_word' id='word_1_254' title='bbox 755 3319 816 3370; x_wconf 85' lang='lat' dir='ltr'><strong>may</strong></span> <span class='ocrx_word' id='word_1_255' title='bbox 830 3303 946 3372; x_wconf 86' lang='lat' dir='ltr'><strong>perhaps</strong></span> <span class='ocrx_word' id='word_1_256' title='bbox 966 3303 1035 3357; x_wconf 83' lang='lat' dir='ltr'><strong>hare</strong></span> <span class='ocrx_word' id='word_1_257' title='bbox 1047 3301 1177 3358; x_wconf 84' lang='lat' dir='ltr'><strong>intended</strong></span> <span class='ocrx_word' id='word_1_258' title='bbox 1196 3319 1212 3356; x_wconf 88' lang='lat' dir='ltr'><strong>a</strong></span> <span class='ocrx_word' id='word_1_259' title='bbox 1231 3320 1329 3372; x_wconf 87' lang='lat' dir='ltr'><strong>power</strong></span> <span class='ocrx_word' id='word_1_260' title='bbox 1349 3316 1404 3358; x_wconf 83' lang='lat' dir='ltr'><strong>ten·</strong></span> 
     </span>
     <span class='ocr_line' id='line_1_31' title="bbox 286 3382 1405 3454; baseline -0.003 -15"><span class='ocrx_word' id='word_1_261' title='bbox 286 3385 362 3454; x_wconf 90' lang='lat' dir='ltr'><strong>poral</strong></span> <span class='ocrx_word' id='word_1_262' title='bbox 384 3385 413 3439; x_wconf 91' lang='lat' dir='ltr'><strong>in</strong></span> <span class='ocrx_word' id='word_1_263' title='bbox 438 3383 528 3450; x_wconf 74' lang='lat' dir='ltr'><strong>iuelt3</strong></span> <span class='ocrx_word' id='word_1_264' title='bbox 553 3383 602 3437; x_wconf 90' lang='lat' dir='ltr'><strong>but</strong></span> <span class='ocrx_word' id='word_1_265' title='bbox 624 3383 671 3438; x_wconf 88' lang='lat' dir='ltr'><strong>the</strong></span> <span class='ocrx_word' id='word_1_266' title='bbox 689 3383 759 3436; x_wconf 84' lang='lat' dir='ltr'><strong>later</strong></span> <span class='ocrx_word' id='word_1_267' title='bbox 785 3383 929 3438; x_wconf 86' lang='lat' dir='ltr'><strong>Canonists</strong></span> <span class='ocrx_word' id='word_1_268' title='bbox 954 3382 1000 3436; x_wconf 91' lang='lat' dir='ltr'><strong>did</strong></span> <span class='ocrx_word' id='word_1_269' title='bbox 1019 3391 1067 3437; x_wconf 89' lang='lat' dir='ltr'><strong>not</strong></span> <span class='ocrx_word' id='word_1_270' title='bbox 1091 3383 1187 3437; x_wconf 86' lang='lat' dir='ltr'><strong>intend</strong></span> <span class='ocrx_word' id='word_1_271' title='bbox 1211 3399 1291 3440; x_wconf 87' lang='lat' dir='ltr'><strong>more</strong></span> <span class='ocrx_word' id='word_1_272' title='bbox 1311 3385 1405 3438; x_wconf 70' lang='lat' dir='ltr'><strong>thani</strong></span> 
     </span>
     <span class='ocr_line' id='line_1_32' title="bbox 284 3463 1404 3534; baseline -0.004 -13"><span class='ocrx_word' id='word_1_273' title='bbox 284 3463 415 3534; x_wconf 79' lang='lat' dir='ltr'><strong>Spintual</strong></span> <span class='ocrx_word' id='word_1_274' title='bbox 434 3477 524 3531; x_wconf 84' lang='lat' dir='ltr'><strong>power</strong></span> <span class='ocrx_word' id='word_1_275' title='bbox 542 3480 606 3517; x_wconf 81' lang='lat' dir='ltr'><strong>over</strong></span> <span class='ocrx_word' id='word_1_276' title='bbox 625 3463 756 3532; x_wconf 82' lang='lat' dir='ltr'><strong>temporat</strong></span> <span class='ocrx_word' id='word_1_277' title='bbox 780 3463 885 3531; x_wconf 85' lang='lat' dir='ltr'><strong>things:</strong></span> <span class='ocrx_word' id='word_1_278' title='bbox 911 3463 997 3517; x_wconf 82' lang='lat' dir='ltr'><strong>which</strong></span> <span class='ocrx_word' id='word_1_279' title='bbox 1018 3463 1064 3518; x_wconf 88' lang='lat' dir='ltr'><strong>the</strong></span> <span class='ocrx_word' id='word_1_280' title='bbox 1082 3463 1268 3532; x_wconf 78' lang='lat' dir='ltr'><strong>Theologians</strong></span> <span class='ocrx_word' id='word_1_281' title='bbox 1297 3467 1351 3520; x_wconf 79' lang='lat' dir='ltr'><strong>ahu</strong></span> <span class='ocrx_word' id='word_1_282' title='bbox 1369 3481 1404 3516; x_wconf 73' lang='lat' dir='ltr'><strong>as·</strong></span> 
     </span>
     <span class='ocr_line' id='line_1_33' title="bbox 284 3543 1404 3612; baseline -0.004 -12"><span class='ocrx_word' id='word_1_283' title='bbox 284 3545 382 3602; x_wconf 83' lang='lat' dir='ltr'><strong>serted.</strong></span> <span class='ocrx_word' id='word_1_284' title='bbox 419 3545 475 3598; x_wconf 89' lang='lat' dir='ltr'><strong>But</strong></span> <span class='ocrx_word' id='word_1_285' title='bbox 493 3543 547 3597; x_wconf 89' lang='lat' dir='ltr'><strong>this</strong></span> <span class='ocrx_word' id='word_1_286' title='bbox 566 3559 613 3598; x_wconf 90' lang='lat' dir='ltr'><strong>use</strong></span> <span class='ocrx_word' id='word_1_287' title='bbox 631 3544 662 3596; x_wconf 83' lang='lat' dir='ltr'><strong>oi</strong></span> <span class='ocrx_word' id='word_1_288' title='bbox 678 3543 724 3598; x_wconf 88' lang='lat' dir='ltr'><strong>the</strong></span> <span class='ocrx_word' id='word_1_289' title='bbox 743 3543 816 3596; x_wconf 90' lang='lat' dir='ltr'><strong>word</strong></span> <span class='ocrx_word' id='word_1_290' title='bbox 836 3545 971 3612; x_wconf 76' lang='lat' dir='ltr'><strong>lt&#39;mpvral</strong></span> <span class='ocrx_word' id='word_1_291' title='bbox 995 3543 1101 3598; x_wconf 88' lang='lat' dir='ltr'><strong>seemed</strong></span> <span class='ocrx_word' id='word_1_292' title='bbox 1121 3551 1148 3597; x_wconf 88' lang='lat' dir='ltr'><strong>to</strong></span> <span class='ocrx_word' id='word_1_293' title='bbox 1167 3543 1263 3610; x_wconf 67' lang='lat' dir='ltr'><strong>impu,</strong></span> <span class='ocrx_word' id='word_1_294' title='bbox 1286 3545 1346 3600; x_wconf 84' lang='lat' dir='ltr'><strong>that</strong></span> <span class='ocrx_word' id='word_1_295' title='bbox 1365 3545 1404 3598; x_wconf 78' lang='lat' dir='ltr'><strong>the</strong></span> 
     </span>
     <span class='ocr_line' id='line_1_34' title="bbox 283 3622 1400 3693; baseline -0.002 -15"><span class='ocrx_word' id='word_1_296' title='bbox 283 3625 390 3692; x_wconf 87' lang='lat' dir='ltr'><strong>quality</strong></span> <span class='ocrx_word' id='word_1_297' title='bbox 414 3623 445 3678; x_wconf 86' lang='lat' dir='ltr'><strong>of</strong></span> <span class='ocrx_word' id='word_1_298' title='bbox 461 3624 508 3677; x_wconf 87' lang='lat' dir='ltr'><strong>the</strong></span> <span class='ocrx_word' id='word_1_299' title='bbox 527 3639 616 3691; x_wconf 90' lang='lat' dir='ltr'><strong>power</strong></span> <span class='ocrx_word' id='word_1_300' title='bbox 641 3640 697 3677; x_wconf 86' lang='lat' dir='ltr'><strong>was</strong></span> <span class='ocrx_word' id='word_1_301' title='bbox 715 3630 764 3677; x_wconf 88' lang='lat' dir='ltr'><strong>not</strong></span> <span class='ocrx_word' id='word_1_302' title='bbox 785 3622 919 3690; x_wconf 81' lang='lat' dir='ltr'><strong>spiritual,</strong></span> <span class='ocrx_word' id='word_1_303' title='bbox 945 3639 975 3678; x_wconf 89' lang='lat' dir='ltr'><strong>as</strong></span> <span class='ocrx_word' id='word_1_304' title='bbox 1001 3623 1047 3678; x_wconf 87' lang='lat' dir='ltr'><strong>the</strong></span> <span class='ocrx_word' id='word_1_305' title='bbox 1066 3623 1248 3693; x_wconf 81' lang='lat' dir='ltr'><strong>Theologians</strong></span> <span class='ocrx_word' id='word_1_306' title='bbox 1278 3627 1400 3680; x_wconf 75' lang='lat' dir='ltr'><strong>asserted</strong></span> 
     </span>
     <span class='ocr_line' id='line_1_35' title="bbox 283 3702 1402 3774; baseline -0.002 -14"><span class='ocrx_word' id='word_1_307' title='bbox 283 3705 348 3760; x_wconf 82' lang='lat' dir='ltr'><strong>This</strong></span> <span class='ocrx_word' id='word_1_308' title='bbox 366 3705 519 3774; x_wconf 78' lang='lat' dir='ltr'><strong>ambiguity</strong></span> <span class='ocrx_word' id='word_1_309' title='bbox 538 3704 560 3758; x_wconf 92' lang='lat' dir='ltr'><strong>is</strong></span> <span class='ocrx_word' id='word_1_310' title='bbox 579 3704 626 3758; x_wconf 88' lang='lat' dir='ltr'><strong>the</strong></span> <span class='ocrx_word' id='word_1_311' title='bbox 643 3719 736 3758; x_wconf 86' lang='lat' dir='ltr'><strong>source</strong></span> <span class='ocrx_word' id='word_1_312' title='bbox 755 3702 785 3755; x_wconf 87' lang='lat' dir='ltr'><strong>of</strong></span> <span class='ocrx_word' id='word_1_313' title='bbox 801 3702 1146 3773; x_wconf 79' lang='lat' dir='ltr'><strong>thamisunderstandiugs,</strong></span> <span class='ocrx_word' id='word_1_314' title='bbox 1162 3703 1249 3758; x_wconf 87' lang='lat' dir='ltr'><strong>which</strong></span> <span class='ocrx_word' id='word_1_315' title='bbox 1274 3705 1402 3770; x_wconf 67' lang='lat' dir='ltr'><strong>tradalis</strong></span> 
     </span>
     <span class='ocr_line' id='line_1_36' title="bbox 284 3782 975 3852; baseline -0.004 -13"><span class='ocrx_word' id='word_1_316' title='bbox 284 3785 349 3840; x_wconf 86' lang='lat' dir='ltr'><strong>read</strong></span> <span class='ocrx_word' id='word_1_317' title='bbox 368 3785 396 3839; x_wconf 92' lang='lat' dir='ltr'><strong>in</strong></span> <span class='ocrx_word' id='word_1_318' title='bbox 416 3783 524 3838; x_wconf 85' lang='lat' dir='ltr'><strong>attacks</strong></span> <span class='ocrx_word' id='word_1_319' title='bbox 543 3798 614 3852; x_wconf 89' lang='lat' dir='ltr'><strong>upon</strong></span> <span class='ocrx_word' id='word_1_320' title='bbox 634 3783 680 3837; x_wconf 90' lang='lat' dir='ltr'><strong>the</strong></span> <span class='ocrx_word' id='word_1_321' title='bbox 699 3782 823 3838; x_wconf 83' lang='lat' dir='ltr'><strong>Catholic</strong></span> <span class='ocrx_word' id='word_1_322' title='bbox 842 3782 975 3837; x_wconf 56' lang='lat' dir='ltr'><strong>charcha</strong></span> 
     </span>
    </p>

    <p class='ocr_par' dir='ltr' id='par_1_5' title="bbox 284 3862 1405 4014">
     <span class='ocr_line' id='line_1_37' title="bbox 359 3862 1405 3936; baseline -0.005 -18"><span class='ocrx_word' id='word_1_323' title='bbox 359 3863 380 3936; x_wconf 84' lang='lat'><strong>¹)</strong></span> <span class='ocrx_word' id='word_1_324' title='bbox 400 3865 455 3929; x_wconf 87' lang='lat' dir='ltr'><strong>„Ut</strong></span> <span class='ocrx_word' id='word_1_325' title='bbox 474 3864 573 3918; x_wconf 75' lang='lat' dir='ltr'><strong>evellas</strong></span> <span class='ocrx_word' id='word_1_326' title='bbox 592 3872 620 3918; x_wconf 84' lang='lat' dir='ltr'><strong>et</strong></span> <span class='ocrx_word' id='word_1_327' title='bbox 639 3863 771 3928; x_wconf 83' lang='lat' dir='ltr'><strong>destruas,</strong></span> <span class='ocrx_word' id='word_1_328' title='bbox 791 3869 819 3917; x_wconf 85' lang='lat' dir='ltr'><strong>et</strong></span> <span class='ocrx_word' id='word_1_329' title='bbox 838 3862 978 3930; x_wconf 87' lang='lat' dir='ltr'><strong>disperdas</strong></span> <span class='ocrx_word' id='word_1_330' title='bbox 997 3870 1026 3916; x_wconf 87' lang='lat' dir='ltr'><strong>et</strong></span> <span class='ocrx_word' id='word_1_331' title='bbox 1045 3862 1165 3929; x_wconf 85' lang='lat' dir='ltr'><strong>dissipes,</strong></span> <span class='ocrx_word' id='word_1_332' title='bbox 1185 3871 1214 3917; x_wconf 85' lang='lat' dir='ltr'><strong>et</strong></span> <span class='ocrx_word' id='word_1_333' title='bbox 1238 3863 1366 3919; x_wconf 83' lang='lat' dir='ltr'><strong>aedifices</strong></span> <span class='ocrx_word' id='word_1_334' title='bbox 1384 3875 1405 3915; x_wconf 73' lang='lat' dir='ltr'><strong>et</strong></span> 
     </span>
     <span class='ocr_line' id='line_1_38' title="bbox 284 3945 612 4014; baseline -0.006 -14"><span class='ocrx_word' id='word_1_335' title='bbox 284 3945 416 4014; x_wconf 59' lang='lat' dir='ltr'><strong>plantae*</strong></span> <span class='ocrx_word' id='word_1_336' title='bbox 445 3945 503 4000; x_wconf 89' lang='lat' dir='ltr'><strong>Jer.</strong></span> <span class='ocrx_word' id='word_1_337' title='bbox 525 3947 549 4010; x_wconf 93' lang='lat'><strong>1,</strong></span> <span class='ocrx_word' id='word_1_338' title='bbox 570 3945 612 3998; x_wconf 84' lang='lat' dir='ltr'><strong>to.</strong></span> 
     </span>
    </p>

    <p class='ocr_par' dir='ltr' id='par_1_6' title="bbox 283 4021 1407 4320">
     <span class='ocr_line' id='line_1_39' title="bbox 356 4021 1402 4096; baseline -0.005 -17"><span class='ocrx_word' id='word_1_339' title='bbox 356 4025 378 4096; x_wconf 80' lang='lat'><strong>²)</strong></span> <span class='ocrx_word' id='word_1_340' title='bbox 398 4025 443 4080; x_wconf 87' lang='lat' dir='ltr'><strong>Ita</strong></span> <span class='ocrx_word' id='word_1_341' title='bbox 467 4031 559 4079; x_wconf 87' lang='lat' dir='ltr'><strong>censet</strong></span> <span class='ocrx_word' id='word_1_342' title='bbox 583 4025 641 4078; x_wconf 82' lang='lat' dir='ltr'><strong>Em.</strong></span> <span class='ocrx_word' id='word_1_343' title='bbox 665 4023 878 4091; x_wconf 80' lang='lat' dir='ltr'><strong>Hergenrother,</strong></span> <span class='ocrx_word' id='word_1_344' title='bbox 903 4021 1059 4090; x_wconf 83' lang='lat' dir='ltr'><strong>Autijanus,</strong></span> <span class='ocrx_word' id='word_1_345' title='bbox 1085 4037 1101 4090; x_wconf 88' lang='lat' dir='ltr'><strong>p</strong></span> <span class='ocrx_word' id='word_1_346' title='bbox 1132 4021 1197 4088; x_wconf 82' lang='lat'><strong>136;</strong></span> <span class='ocrx_word' id='word_1_347' title='bbox 1229 4021 1335 4080; x_wconf 82' lang='lat' dir='ltr'><strong>Kirche</strong></span> <span class='ocrx_word' id='word_1_348' title='bbox 1357 4021 1402 4076; x_wconf 85' lang='lat' dir='ltr'><strong>und</strong></span> 
     </span>
     <span class='ocr_line' id='line_1_40' title="bbox 283 4101 1407 4173; baseline -0.001 -13"><span class='ocrx_word' id='word_1_349' title='bbox 283 4105 370 4170; x_wconf 85' lang='lat' dir='ltr'><strong>Staat,</strong></span> <span class='ocrx_word' id='word_1_350' title='bbox 395 4106 435 4160; x_wconf 89' lang='lat' dir='ltr'><strong>ed.</strong></span> <span class='ocrx_word' id='word_1_351' title='bbox 458 4107 480 4172; x_wconf 94' lang='lat' dir='ltr'><strong>l,</strong></span> <span class='ocrx_word' id='word_1_352' title='bbox 499 4122 524 4173; x_wconf 90' lang='lat' dir='ltr'><strong>p.</strong></span> <span class='ocrx_word' id='word_1_353' title='bbox 544 4105 611 4171; x_wconf 79' lang='grc'><strong>302;</strong></span> <span class='ocrx_word' id='word_1_354' title='bbox 637 4104 676 4158; x_wconf 91' lang='lat' dir='ltr'><strong>ed.</strong></span> <span class='ocrx_word' id='word_1_355' title='bbox 699 4106 723 4168; x_wconf 83' lang='lat'><strong>2,</strong></span> <span class='ocrx_word' id='word_1_356' title='bbox 746 4119 772 4172; x_wconf 88' lang='lat' dir='ltr'><strong>p.</strong></span> <span class='ocrx_word' id='word_1_357' title='bbox 792 4103 856 4168; x_wconf 80' lang='lat'><strong>333;</strong></span> <span class='ocrx_word' id='word_1_358' title='bbox 886 4102 1001 4158; x_wconf 87' lang='lat' dir='ltr'><strong>Bianchi</strong></span> <span class='ocrx_word' id='word_1_359' title='bbox 1027 4101 1318 4170; x_wconf 67' lang='lat' dir='ltr'><strong>allevient,</strong></span> <span class='ocrx_word' id='word_1_360' title='bbox 1344 4105 1407 4160; x_wconf 70' lang='lat'><strong>523:</strong></span> 
     </span>
     <span class='ocr_line' id='line_1_41' title="bbox 283 4181 1405 4254; baseline -0.003 -15"><span class='ocrx_word' id='word_1_361' title='bbox 283 4185 418 4240; x_wconf 85' lang='lat' dir='ltr'><strong>Soheeben</strong></span> <span class='ocrx_word' id='word_1_362' title='bbox 437 4185 497 4240; x_wconf 89' lang='lat' dir='ltr'><strong>Per.</strong></span> <span class='ocrx_word' id='word_1_363' title='bbox 516 4184 557 4238; x_wconf 88' lang='lat' dir='ltr'><strong>Bl.</strong></span> <span class='ocrx_word' id='word_1_364' title='bbox 581 4184 657 4240; x_wconf 82' lang='grc'><strong>1869.</strong></span> <span class='ocrx_word' id='word_1_365' title='bbox 677 4183 708 4237; x_wconf 94' lang='grc' dir='ltr'><strong>Β.</strong></span> <span class='ocrx_word' id='word_1_366' title='bbox 728 4181 750 4236; x_wconf 95' lang='grc' dir='ltr'><strong>Ι.</strong></span> <span class='ocrx_word' id='word_1_367' title='bbox 770 4199 795 4252; x_wconf 87' lang='lat' dir='ltr'><strong>p.</strong></span> <span class='ocrx_word' id='word_1_368' title='bbox 818 4185 885 4250; x_wconf 76' lang='lat'><strong>1573</strong></span> <span class='ocrx_word' id='word_1_369' title='bbox 905 4181 983 4248; x_wconf 83' lang='lat' dir='ltr'><strong>Rive,</strong></span> <span class='ocrx_word' id='word_1_370' title='bbox 1004 4181 1127 4236; x_wconf 85' lang='lat' dir='ltr'><strong>Uniehlb.</strong></span> <span class='ocrx_word' id='word_1_371' title='bbox 1148 4181 1195 4236; x_wconf 84' lang='lat' dir='ltr'><strong>des</strong></span> <span class='ocrx_word' id='word_1_372' title='bbox 1216 4183 1343 4254; x_wconf 84' lang='lat' dir='ltr'><strong>Papstes.</strong></span> <span class='ocrx_word' id='word_1_373' title='bbox 1361 4185 1405 4238; x_wconf 80' lang='lat' dir='ltr'><strong>Pa·</strong></span> 
     </span>
     <span class='ocr_line' id='line_1_42' title="bbox 284 4265 505 4320; baseline -0.018 0"><span class='ocrx_word' id='word_1_374' title='bbox 284 4265 406 4320; x_wconf 84' lang='lat' dir='ltr'><strong>derbem.</strong></span> <span class='ocrx_word' id='word_1_375' title='bbox 428 4265 505 4320; x_wconf 80' lang='lat'><strong>1870.</strong></span> 
     </span>
    </p>
   </div>
   <div class='ocr_carea' id='block_1_5' title="bbox 0 0 1426 4840">
    <p class='ocr_par' dir='ltr' id='par_1_7' title="bbox 0 0 1426 4840">
     <span class='ocr_line' id='line_1_43' title="bbox 0 0 1426 4840; baseline 0 0"><span class='ocrx_word' id='word_1_376' title='bbox 0 0 1426 4840; x_wconf 95' lang='lat' dir='ltr'><strong> </strong></span> 
     </span>
    </p>
   </div>
  </div>
 </body>
</html>
