3000 4838
149 596 216 638 aar·
229 607 294 638 suern

150 660 287 712 locustinos.

314 454 347 508 12
512 453 615 508 XXIII.
634 455 672 508 De
691 464 767 508 statu
786 453 886 508 Eccles.
906 454 990 521 priori
1009 453 1095 506 medio
1115 467 1181 506 saec
1202 451 1262 507 XII.

404 599 455 663 14.
491 597 545 661 Ex
568 597 666 661 dictis
685 598 757 683 jam
779 595 878 661 ‘facile
902 604 951 660 est
975 594 1142 680 colligere,
1162 595 1364 681 justissimas
1387 593 1440 660 fu-

313 696 377 758 isse
401 693 562 759 bellorum
586 716 754 759 sacrorum
778 717 905 759 causas.
922 732 963 742 -
980 693 1086 758 Erant
1110 694 1198 757 enirn
1222 713 1338 756 revera
1353 694 1439 757 istae

314 793 544 878 expeditiones
560 791 644 856 bellu
656 792 862 871 defensionis,
887 791 1010 877 quihus
1033 799 1148 856 contra
1172 789 1440 855 dominationem

312 899 345 953 et
367 890 579 975 tyrannidem
601 889 842 956 Saracenorum
866 888 1063 968 infidelium,
1088 889 1144 974 qui
1169 889 1228 952 toti
1252 888 1325 952 orbi
1350 887 1439 952 chri·

311 989 417 1053 stiano
445 989 592 1052 maxima
628 987 777 1074 pericula
807 987 979 1073 parabant,
1020 986 1202 1052 Christiani
1234 1007 1269 1050 se
1294 985 1436 1050 tueban-

309 1097 372 1151 tur.
398 1125 439 1134 -
465 1086 519 1151 Ab
543 1087 746 1171 Imperatore
769 1107 866 1173 porro
890 1083 1104 1166 Graecorum,
1130 1085 1225 1170 cujus
1248 1082 1439 1169 Imperium

310 1205 440 1248 summa
450 1184 781 1270 injustitiaSaraceni
801 1185 969 1249 destruere
983 1182 1204 1268 etsuhjugare
1228 1179 1439 1263 nitebantur,

309 1293 408 1368 atque
423 1304 444 1346 a
454 1281 652 1347 Christianis
667 1281 881 1347 orientalibus
897 1303 957 1367 per
966 1281 1149 1347 Saracenos
1167 1279 1239 1342 dire
1257 1281 1440 1364 oppressis,

311 1379 532 1445 occidentales
562 1379 677 1445 fideles
700 1382 734 1445 in
758 1380 921 1445 auxilium
953 1379 1173 1458 vocabantur,
1212 1387 1244 1441 et
1276 1398 1319 1440 ex
1353 1379 1439 1442 cari-

311 1478 388 1541 tatis
418 1479 553 1560 motivo,
589 1499 655 1543 non
690 1487 820 1542 tantum
843 1477 972 1542 licitum
1002 1485 1082 1557 erat,
1118 1474 1176 1540 sed
1205 1475 1345 1560 insignis
1370 1476 1440 1538 vir-

209 1577 212 1583 '
310 1576 400 1658 tutis,
429 1588 466 1640 ut
490 1574 670 1641 Christiani
694 1574 852 1640 fratribus
876 1573 1102 1654 subvenirent,
1127 1587 1160 1637 et
1183 1575 1326 1638 nominis
1350 1573 1440 1638 chri·

311 1674 408 1737 stiani
440 1675 638 1739 acerrimum
677 1672 805 1738 hostem
842 1673 1067 1759 reprimerent.
1107 1709 1148 1720 —
1187 1672 1357 1737 Postremo
1388 1673 1439 1758 ip-

304 1779 380 1835 sam
412 1771 512 1836 fidem
541 1770 772 1854 christianam,
810 1769 1004 1856 religionem
1047 1770 1184 1856 ejusque
1215 1768 1374 1834 honorem
1404 1780 1442 1834 et

306 1869 394 1954 jura,
418 1880 533 1934 contra
557 1868 743 1934 infidelium
762 1869 912 1955 injurias,
938 1867 1164 1949 contumelias,
1188 1869 1442 1953 persecutiones

311 1969 427 2030 merito
456 1966 570 2031 fideles
603 1965 667 2032 illis
693 1965 789 2030 bellis
831 1968 906 2030 tuiti
943 1976 1029 2030 sunt.
1084 1964 1160 2045 Qua
1190 1967 1225 2030 in
1256 1987 1291 2029 re
1322 1964 1440 2029 valent

311 2063 367 2128 ille
391 2087 416 2128 s.
441 2063 603 2128 Thomae:
636 2063 717 2129 Sunt
741 2063 918 2150 (infideles)
943 2063 1150 2150 conpellendi
1174 2088 1194 2127 a
1208 2062 1374 2146 fidelihus,
1407 2067 1444 2127 εἰ

309 2161 399 2250 odsit
414 2161 575 2248 sacellus,
608 2175 642 2226 nt
656 2163 757 2246 fidem
780 2185 843 2226 non
859 2163 1043 2250 ‘impedient
1067 2160 1115 2226 cel
1139 2159 1350 2247 blasphemiis,
1388 2161 1444 2224 uel

311 2259 404 2324 mulia
422 2259 694 2346 persuasionibus,
727 2260 776 2324 uel
800 2262 895 2325 etiem
923 2263 1046 2346 apertis
1063 2259 1347 2346 persecutionibus.
1395 2259 1445 2322 Et

306 2369 438 2444 propter
473 2359 528 2422 hcc
550 2358 667 2442 fideles
708 2359 875 2424 christiani
906 2359 1094 2445 frequenter
1137 2367 1248 2421 eontra
1293 2357 1444 2441 infideles

310 2454 424 2519 bellum
439 2467 571 2535 movent,
594 2480 658 2520 non
673 2458 798 2542 quidem
820 2468 856 2521 ut
871 2479 922 2521 eoa
937 2457 982 2520 ud
997 2455 1186 2519 credendum
1201 2466 1324 2539 cogant,
1347 2457 1443 2541 quia,

310 2553 339 2615 si
368 2555 463 2617 etiam
496 2577 548 2618 eos
576 2555 724 2618 uicissent
747 2565 776 2618 et
799 2555 940 2641 capaces
963 2554 1123 2633 heberent,
1154 2553 1190 2615 in
1213 2575 1318 2616 eornm
1342 2553 1441 2617 liher-

310 2659 374 2712 tate
396 2649 618 2736 relinquerent,
643 2676 685 2716 en
709 2651 832 2715 nedem
856 2649 990 2731 cellent,·
1013 2651 1068 2715 aed
1081 2660 1215 2738 propter
1237 2651 1301 2726 hoc,
1325 2663 1360 2716 ut
1384 2675 1445 2715 eoa

308 2747 499 2834 compellunt
531 2771 569 2813 ne
594 2749 695 2833 fldem
724 2750 931 2814 ebriationem
959 2749 1146 2836 impediant.
1154 2749 1175 2830 ¹)
1222 2749 1328 2812 Varia
1350 2746 1443 2814 haec

309 2847 435 2908 motiva
465 2845 612 2911 indicata
645 2849 745 2911 etiam
769 2848 988 2912 inveniuntur
1013 2848 1048 2910 in
1073 2845 1328 2910 allocutionibus
1352 2869 1444 2932 quas

308 2942 466 3009 Urbanus
482 2943 517 3008 Π
541 2943 752 3010 Claromonte
775 2944 904 3028 habuit,
929 2959 966 3009 ut
989 2945 1031 3009 ad
1056 2943 1179 3008 bellum
1201 2967 1330 3009 sacrum
1355 2945 1440 3010 fide-

310 3039 358 3104 les
368 3041 538 3105 excitaret.
567 3043 665 3108 Unde
680 3053 771 3129 patet
794 3043 873 3107 inde
896 3042 939 3107 ab
965 3045 1058 3107 initio
1083 3053 1293 3128 perspectum
1318 3044 1441 3126 fuisse,

308 3135 350 3201 ob
369 3138 571 3224 justissimas
594 3143 739 3206 rationes
772 3140 863 3206 illam
895 3141 1142 3227 expeditionem
1173 3143 1296 3227 suscipi
1326 3164 1439 3229 posse.

307 3332 382 3388 sione
401 3333 506 3388 Gallica
524 3335 597 3388 rom.
618 3335 681 3390 VII.
699 3352 724 3404 p.
744 3336 799 3402 39.)
835 3336 978 3390 Praeclare
998 3336 1041 3390 Ill.
1067 3341 1163 3390 auctor
1189 3343 1276 3390 totam
1303 3335 1374 3391 hanc
1402 3337 1443 3394 de

307 3413 384 3468 bellis
403 3415 486 3468 sacris
505 3417 689 3480 coemtionem
708 3416 819 3471 evolvit.

383 3511 404 3581 ¹)
422 3511 530 3565 Summa
549 3510 586 3568 11.
605 3515 630 3566 2.
650 3529 673 3579 q.
694 3514 720 3567 X
753 3529 778 3570 s.
798 3514 823 3568 8.
844 3543 879 3554 -·
899 3513 1038 3567 Immerito
1065 3527 1130 3566 sane
1149 3513 1291 3567 contendit
1308 3513 1438 3572 Protei.

308 3607 329 3644 e
352 3606 377 3658 p.
398 3593 440 3654 ot,
463 3591 497 3644 ah
516 3592 654 3659 Aquinate
677 3593 848 3648 condemnari
872 3593 1058 3661 expeditiones
1076 3593 1219 3658 cruciatae,
1247 3599 1355 3648 statuta
1373 3594 1441 3664 ejus

308 3670 448 3739 principio,
468 3670 589 3726 infideles
608 3673 679 3727 haud
698 3673 832 3742 cogendos
850 3689 916 3738 esse,
942 3680 974 3728 ut
992 3672 1071 3727 fidem
1085 3673 1244 3741 suscipiant.
1269 3704 1303 3714 -
1328 3675 1441 3730 Auctor

306 3748 353 3804 hic
369 3751 517 3805 universim
535 3751 623 3808 minus
639 3753 731 3822 justus
749 3755 778 3808 in
798 3753 975 3818 Christianos,
994 3753 1140 3808 Saracenos
1159 3754 1286 3808 encomiis
1305 3754 1436 3810 celebrat.

306 3830 347 3884 Eo
365 3845 450 3896 usqne
467 3831 596 3898 procedit,
614 3839 648 3887 nt
666 3833 749 3887 etiarn
768 3841 880 3900 meret,
901 3849 982 3902 opera
1000 3848 1069 3899 qnae
1088 3833 1191 3888 Arabes
1209 3834 1297 3889 medio
1315 3849 1385 3889 aero
1404 3836 1437 3891 in

306 3924 336 3964 ra
359 3909 544 3978 philosophica
572 3912 685 3980 aliisque
712 3913 861 3982 disciplinis
889 3907 1020 3982 scripsere
1047 3913 1116 3968 talia
1141 3929 1207 3980 esse,
1237 3921 1271 3968 nt
1288 3931 1321 3970 ea
1338 3921 1436 3971 estate

305 3989 375 4044 nihil
402 3989 475 4044 hisce
498 3992 610 4058 aequale
634 4009 652 4046 a
671 3992 833 4047 Christianis
859 3993 1011 4048 coniectum
1033 3992 1072 4046 sit
1095 3995 1150 4060 (pp.
1174 3995 1218 4049 h2.
1246 3994 1292 4063 58)
1315 3993 1435 4061 Dixeris,

304 4085 326 4125 s.
346 4069 465 4126 Thomas
492 4069 660 4140 aliorumque
678 4071 903 4128 Scholastioorum
935 4072 1074 4141 praeclara
1101 4087 1183 4142 opera
1210 4073 1258 4128 vix
1285 4080 1352 4128 nota
1375 4089 1436 4130 esse

304 4149 418 4204 auctori.
444 4149 613 4205 DeArahum
630 4151 800 4220 philosophia
816 4159 971 4221 comparate
989 4153 1024 4206 sd
1042 4152 1236 4222 philosophiam
1254 4153 1435 4210 christianam

304 4227 354 4284 ct'r.
373 4229 473 4294 Stichi
493 4229 655 4286 Geschichte
674 4232 722 4287 der
734 4231 908 4300 Philosophia
926 4234 973 4288 des
991 4233 1175 4298 Mittslalters,
1194 4234 1225 4288 B.
1245 4234 1282 4290 Il.
1302 4234 1333 4287 Δ.
1354 4240 1384 4289 et
1402 4236 1432 4290 C.
