2850 4834
405 431 617 500 Terrrpiariorurn
636 439 735 488 reatus.
1083 436 1132 490 tea

22 573 187 658 piariorum
222 573 374 658 probant.
426 574 601 640 Caeterum
640 579 739 640 etiam
773 579 888 642 coaevi
926 578 1133 644 mirabantur

20 671 154 755 quidem,
181 671 344 755 ejusmodi
371 675 617 757 corruptionem
644 671 804 740 Ordinem
821 674 949 761 Templi
970 675 1130 756 foedasse,

19 781 154 834 attamen
176 769 384 855 Templarios
407 791 480 835 reos
503 793 573 836 esse
598 783 806 838 censuerunt.
843 773 931 838 Dein
955 773 1132 840 observan·
1149 774 1296 886 mmm

19 866 90 930 dum
118 881 171 948 est,
195 869 296 932 etiam
322 869 355 934 in
381 868 463 933 alios
487 867 632 934 Ordines
656 891 794 954 magnos
818 871 983 937 interdum
1009 871 1133 936 abusus
1190 899 1254 939 run..

18 967 186 1050 irrepsisse,
212 969 279 1032 into
303 965 442 1052 aliquos,
468 977 505 1030 ut
529 965 619 1032 Ordo
636 967 898 1033 Humiliatorum
922 979 955 1032 et
979 969 1133 1034 Fratrum

18 1062 49 1126 B.
75 1063 117 1128 M.
142 1065 185 1130 V.
217 1063 332 1148 (vulgo
356 1065 510 1130 Fratrum
541 1064 786 1150 gaudentium),
815 1066 856 1130 ob
890 1070 1133 1152 corruptionem

17 1160 53 1222 ab
76 1161 226 1228 Ecclesia
258 1185 330 1228 esse
354 1184 556 1248 suppressos.
605 1163 696 1228 Talis
719 1173 830 1228 autem
856 1164 947 1230 Ordo
973 1165 1133 1237 militaris,

17 1258 117 1342 qualis
139 1272 208 1326 erat
232 1261 323 1327 Ordo
348 1259 628 1346 Tempiariorum,
661 1264 850 1346 permagnis
875 1284 954 1327 sane
980 1263 1134 1347 periculis

16 1359 178 1440 expositus
208 1370 297 1436 erat,
332 1357 529 1444 faciliusque
560 1361 704 1443 perverti
743 1369 879 1444 poterat.
927 1359 1023 1426 Multi
1058 1383 1134 1426 euru

17 1454 291 1536 ingrediebantur,
316 1458 372 1541 qui
397 1469 495 1522 antea
518 1459 621 1520 vitam
646 1456 812 1522 duxerant
835 1456 1025 1522 nullatenus
1049 1481 1134 1524 conr·

17 1551 243 1620 mandandam.
301 1554 399 1634 Quod
433 1555 527 1618 initio
565 1553 699 1640 quidem
732 1553 869 1620 Ordinis
907 1579 931 1622 s.
963 1556 1134 1622 Bernardo

18 1664 144 1734 propter
166 1673 295 1716 morum
320 1655 535 1718 mutationem
560 1674 660 1716 causa
683 1653 747 1717 fuit
778 1655 883 1718 sancti
907 1653 1042 1738 gaudii3
1076 1655 1134 1720 sed

17 1761 131 1830 postea,
163 1752 211 1813 nti
236 1771 422 1835 supponere
446 1750 497 1814 fas
528 1761 586 1830 est,
618 1771 775 1834 maguum
808 1765 878 1815 erat
909 1755 1134 1837 perversionis

17 1846 202 1926 pericnlum.
236 1848 470 1933 Opportunum
488 1849 550 1911 erit
570 1848 686 1913 andire
703 1849 805 1912 verba
822 1871 846 1912 s.
861 1849 1034 1914 Beruardi.
1067 1851 1128 1914 Lo·

17 1965 111 2026 quens
127 1945 170 2009 de
184 1946 397 2012 multitudine
413 1969 593 2032 permagna
610 1946 763 2027 militum,
779 1950 835 2033 qui
846 1947 889 2012 ad
903 1969 1026 2012 novum
1038 1947 1133 2014 Ordi-

18 2063 80 2106 nem
90 2044 321 2110 confluebant:
341 2043 829 2134 erodqtmeerniturjucundiue,
847 2046 972 2128 scribit,
990 2048 1134 2133 etopitrn·

17 2141 207 2220 commodius,
218 2163 340 2229 paucos
356 2143 525 2208 admodum
536 2145 572 2206 ia
584 2153 676 2207 tanta
689 2144 889 2208 multitudiue
904 2146 1061 2210 domiuum
1077 2145 1133 2210 illo

17 2239 156 2322 mnstuers
181 2241 302 2318 uideas,
325 2243 390 2306 uisi
412 2244 517 2326 utique
541 2239 708 2306 sceleratos
734 2254 763 2306 et
785 2243 911 2328 impios,
935 2252 1081 2327 raptores
1104 2255 1134 2307 ct

17 2337 185 2424 maleque,
208 2339 392 2421 homicidae,
410 2344 572 2428 perjuros,
589 2338 769 2404 adulteros:
793 2339 831 2404 de
847 2361 978 2424 priorum
987 2339 1134 2426 profecto

16 2435 199 2514 perfectione
221 2439 303 2500 sicut
326 2437 448 2523 duplm
471 2447 594 2502 corretot
614 2440 781 2523 provenire
806 2437 929 2513 bouum,
957 2437 1005 2500 itu
1029 2437 1133 2523 dupli·

17 2543 147 2598 artaret
170 2535 338 2622 posidium:
367 2535 493 2620 quando
518 2535 642 2620 quidem
666 2547 731 2598 tam
755 2559 827 2599 suos
851 2535 889 2598 de
913 2557 970 2598 suo
994 2534 1134 2600 discessu

19 2627 190 2713 testificant,
207 2655 300 2718 qurum
312 2632 385 2698 illos
398 2633 437 2698 de
450 2633 587 2696 oriueutu
602 2633 714 2718 quibus
728 2633 890 2698 subvenire
901 2631 1075 2717 festinant.
1091 2681 1131 2699 ...

20 2728 111 2814 itaque
144 2729 286 2794 laetatur
309 2729 472 2818 Aegyptus
501 2732 536 2794 iu
561 2731 761 2817 profectione
793 2753 908 2809 eorum,
939 2753 1006 2794 cum
1030 2740 1134 2794 tumen

18 2825 46 2888 de.
63 2832 262 2912 protectione
286 2852 391 2892 comam
422 2827 627 2893 nibilominus
660 2827 793 2892 lactatio·
815 2851 902 2892 mons
927 2826 1004 2892 Sion
1028 2840 1058 2891 et
1081 2852 1133 2892 ea·-

18 2923 118 2988 ‚itant
148 2925 240 3004 filiae
263 2927 414 3006 Judue.¹)
463 2925 607 3004 Quando
631 2924 812 3010 Templarii
847 2936 941 2990 erant
972 2947 1133 3011 pauperes

19 3037 42 3080 u
61 3021 216 3105 humiles,
241 3023 324 3088 tales
347 3025 413 3088 viri
436 3022 585 3088 scelerati
609 3033 644 3087 et
667 3024 759 3108 impii
785 3023 915 3088 facilius
939 3023 1073 3110 quidem
1099 3025 1132 3088 iu

18 3124 225 3186 conversione
250 3123 379 3186 sincera
403 3121 678 3207 perseverabant;
711 3120 769 3186 sed
793 3121 926 3206 quaudo
951 3121 1028 3186 facti
1058 3133 1134 3186 sunt

19 3215 134 3300 divites,
167 3229 321 3305 potentes
349 3229 382 3283 et
405 3217 550 3304 superbi,
582 3219 719 3284 fortasse
748 3219 840 3284 multi
876 3218 1011 3300 nobiles,
1045 3241 1134 3305 prae·

19 3319 114 3382 sertim
150 3317 407 3402 secundogeniti
443 3316 521 3397 filii,
560 3316 722 3382 Ordinem
758 3315 1031 3402 ingrediebantur
1063 3318 1133 3381 sino

19 3417 223 3482 conversione
247 3417 387 3496 sincera,
412 3425 445 3480 et
469 3416 538 3480 vita
562 3413 618 3479 iila
643 3414 777 3480 militari
802 3416 893 3480 vitiis
909 3436 943 3480 se
960 3416 1134 3500 inquinare

19 3524 43 3572 st
62 3512 140 3578 alios
165 3534 381 3600 corrumpere
404 3523 566 3598 poterant
602 3549 638 3560 -
672 3512 925 3578 Advertendum
949 3514 1049 3577 etiam
1074 3524 1133 3590 est,

20 3607 233 3694 depositiones
257 3611 373 3676 adesse
409 3609 629 3698 quorumdam
666 3613 811 3692 testium,
849 3611 905 3696 qui
942 3631 1007 3675 non
1041 3619 1135 3675 erant

20 3703 200 3796 Templarii,
233 3719 333 3796 atque
367 3731 545 3774 exserunt
574 3730 706 3794 quoque
730 3708 993 3794 depositionibus
1016 3709 1133 3792 gravia

20 3805 112 3892 colligi
150 3809 301 3888 motiva,
341 3817 378 3872 nt
415 3809 463 3872 rei
503 3819 702 3872 censeantur
738 3805 919 3891 Tempiarii
965 3807 1132 3870 variorum

20 3901 190 3980 abusuum;
215 3927 365 3972 rumores
388 3915 421 3970 et
444 3905 565 3970 malam
590 3904 714 3970 famam
739 3904 781 3970 de
804 3907 886 3990 ipsis
909 3903 1065 3982 adfuisse,
1091 3927 1133 3968 ex

21 3999 51 4062 iis
71 4016 166 4087 patet.
200 4004 252 4070 Eo
277 4003 428 4089 pertinet,
453 4023 486 4068 v.
510 4023 541 4086 g.
567 4001 730 4088 depositio
754 4003 880 4067 Fratris
904 3999 1066 4086 Stephani
1092 4000 1132 4065 de

79 4216 97 4284 ¹)
116 4215 283 4270 Exhortatio
302 4215 337 4270 ad
355 4214 456 4270 milites
474 4213 590 4283 Templi,
609 4231 631 4270 c.
652 4215 675 4269 ὅ.
