<?xml version="1.0" encoding="UTF-8"?>
<!DOCTYPE html PUBLIC "-//W3C//DTD XHTML 1.0 Transitional//EN"
    "http://www.w3.org/TR/xhtml1/DTD/xhtml1-transitional.dtd">
<html xmlns="http://www.w3.org/1999/xhtml" xml:lang="en" lang="en">
 <head>
  <title>
</title>
<meta http-equiv="Content-Type" content="text/html;charset=utf-8" />
  <meta name='ocr-system' content='tesseract 3.04.00' />
  <meta name='ocr-capabilities' content='ocr_page ocr_carea ocr_par ocr_line ocrx_word'/>
</head>
<body>
  <div class='ocr_page' id='page_1' title='image "./dissertationess00junggoog_0502.png"; bbox 0 0 2832 4844; ppageno 0'>
   <div class='ocr_carea' id='block_1_1' title="bbox 383 471 1120 529">
    <p class='ocr_par' dir='ltr' id='par_1_1' title="bbox 383 471 1120 529">
     <span class='ocr_line' id='line_1_1' title="bbox 383 471 1120 529; baseline 0.001 -4"><span class='ocrx_word' id='word_1_1' title='bbox 383 471 443 529; x_wconf 83' lang='lat' dir='ltr'><strong>RR.</strong></span> <span class='ocrx_word' id='word_1_2' title='bbox 462 471 624 527; x_wconf 84' lang='lat' dir='ltr'><strong>Pontificum</strong></span> <span class='ocrx_word' id='word_1_3' title='bbox 641 471 732 527; x_wconf 85' lang='lat' dir='ltr'><strong>series.</strong></span> <span class='ocrx_word' id='word_1_4' title='bbox 1067 471 1120 527; x_wconf 79' lang='grc'><strong>487</strong></span> 
     </span>
    </p>
   </div>
   <div class='ocr_carea' id='block_1_2' title="bbox 26 621 1293 4137">
    <p class='ocr_par' dir='ltr' id='par_1_2' title="bbox 29 621 1276 1297">
     <span class='ocr_line' id='line_1_2' title="bbox 33 621 1122 710; baseline 0.002 -24"><span class='ocrx_word' id='word_1_5' title='bbox 33 627 64 686; x_wconf 81' lang='lat' dir='ltr'><strong>iu</strong></span> <span class='ocrx_word' id='word_1_6' title='bbox 89 633 120 686; x_wconf 87' lang='lat' dir='ltr'><strong>ut</strong></span> <span class='ocrx_word' id='word_1_7' title='bbox 140 621 237 688; x_wconf 85' lang='lat' dir='ltr'><strong>Sedes</strong></span> <span class='ocrx_word' id='word_1_8' title='bbox 261 622 455 710; x_wconf 86' lang='lat' dir='ltr'><strong>Apostolica</strong></span> <span class='ocrx_word' id='word_1_9' title='bbox 493 625 622 690; x_wconf 86' lang='lat' dir='ltr'><strong>duobus</strong></span> <span class='ocrx_word' id='word_1_10' title='bbox 654 627 750 690; x_wconf 78' lang='lat' dir='ltr'><strong>annIs</strong></span> <span class='ocrx_word' id='word_1_11' title='bbox 780 635 813 689; x_wconf 89' lang='lat' dir='ltr'><strong>et</strong></span> <span class='ocrx_word' id='word_1_12' title='bbox 845 635 917 689; x_wconf 90' lang='lat' dir='ltr'><strong>octo</strong></span> <span class='ocrx_word' id='word_1_13' title='bbox 950 624 1122 689; x_wconf 89' lang='lat' dir='ltr'><strong>mensibus</strong></span> 
     </span>
     <span class='ocr_line' id='line_1_3' title="bbox 32 719 1276 826; baseline 0.002 -42"><span class='ocrx_word' id='word_1_14' title='bbox 32 731 147 786; x_wconf 69' lang='lat' dir='ltr'><strong>rueres</strong></span> <span class='ocrx_word' id='word_1_15' title='bbox 190 721 334 786; x_wconf 88' lang='lat' dir='ltr'><strong>Demum</strong></span> <span class='ocrx_word' id='word_1_16' title='bbox 360 719 595 791; x_wconf 84' lang='lat' dir='ltr'><strong>Cardinalibus</strong></span> <span class='ocrx_word' id='word_1_17' title='bbox 625 745 684 788; x_wconf 84' lang='lat' dir='ltr'><strong>aex</strong></span> <span class='ocrx_word' id='word_1_18' title='bbox 712 723 846 787; x_wconf 87' lang='lat' dir='ltr'><strong>creandi</strong></span> <span class='ocrx_word' id='word_1_19' title='bbox 871 723 1043 788; x_wconf 83' lang='lat' dir='ltr'><strong>Pontificio</strong></span> <span class='ocrx_word' id='word_1_20' title='bbox 1073 745 1121 787; x_wconf 91' lang='lat' dir='ltr'><strong>ar·</strong></span> <span class='ocrx_word' id='word_1_21' title='bbox 1151 725 1276 826; x_wconf 39' lang='lat' dir='ltr'><strong>”gfff</strong></span> 
     </span>
     <span class='ocr_line' id='line_1_4' title="bbox 31 816 1256 908; baseline 0.002 -27"><span class='ocrx_word' id='word_1_22' title='bbox 31 817 139 882; x_wconf 86' lang='lat' dir='ltr'><strong>bitrium</strong></span> <span class='ocrx_word' id='word_1_23' title='bbox 169 821 389 905; x_wconf 88' lang='lat' dir='ltr'><strong>permiserunt</strong></span> <span class='ocrx_word' id='word_1_24' title='bbox 418 820 548 908; x_wconf 85' lang='lat' dir='ltr'><strong>reliqui,</strong></span> <span class='ocrx_word' id='word_1_25' title='bbox 588 843 627 884; x_wconf 87' lang='lat' dir='ltr'><strong>ac</strong></span> <span class='ocrx_word' id='word_1_26' title='bbox 658 831 738 886; x_wconf 90' lang='lat' dir='ltr'><strong>tunc</strong></span> <span class='ocrx_word' id='word_1_27' title='bbox 769 821 824 886; x_wconf 91' lang='lat' dir='ltr'><strong>die</strong></span> <span class='ocrx_word' id='word_1_28' title='bbox 858 822 894 884; x_wconf 90' lang='lat'><strong>1⁰</strong></span> <span class='ocrx_word' id='word_1_29' title='bbox 917 819 1122 906; x_wconf 80' lang='lat' dir='ltr'><strong>Septembris</strong></span> <span class='ocrx_word' id='word_1_30' title='bbox 1251 816 1256 826; x_wconf 79' lang='grc'><strong>’</strong></span> 
     </span>
     <span class='ocr_line' id='line_1_5' title="bbox 30 917 1121 984; baseline 0.003 -6"><span class='ocrx_word' id='word_1_31' title='bbox 30 919 88 980; x_wconf 84' lang='lat' dir='ltr'><strong>anni</strong></span> <span class='ocrx_word' id='word_1_32' title='bbox 119 917 196 982; x_wconf 96' lang='grc'><strong>1271</strong></span> <span class='ocrx_word' id='word_1_33' title='bbox 235 939 402 983; x_wconf 88' lang='lat' dir='ltr'><strong>summum</strong></span> <span class='ocrx_word' id='word_1_34' title='bbox 426 917 656 984; x_wconf 80' lang='lat' dir='ltr'><strong>Sacerdotium</strong></span> <span class='ocrx_word' id='word_1_35' title='bbox 695 919 810 983; x_wconf 86' lang='lat' dir='ltr'><strong>datum</strong></span> <span class='ocrx_word' id='word_1_36' title='bbox 847 927 896 982; x_wconf 92' lang='lat' dir='ltr'><strong>est</strong></span> <span class='ocrx_word' id='word_1_37' title='bbox 927 917 1121 983; x_wconf 84' lang='lat' dir='ltr'><strong>Theobaldo</strong></span> 
     </span>
     <span class='ocr_line' id='line_1_6' title="bbox 30 1013 1122 1101; baseline 0.005 -27"><span class='ocrx_word' id='word_1_38' title='bbox 30 1014 151 1078; x_wconf 81' lang='lat' dir='ltr'><strong>I&#39;isconti</strong></span> <span class='ocrx_word' id='word_1_39' title='bbox 182 1013 387 1095; x_wconf 87' lang='lat' dir='ltr'><strong>Placentino,</strong></span> <span class='ocrx_word' id='word_1_40' title='bbox 427 1016 662 1081; x_wconf 86' lang='lat' dir='ltr'><strong>archidiacono</strong></span> <span class='ocrx_word' id='word_1_41' title='bbox 686 1015 874 1096; x_wconf 87' lang='lat' dir='ltr'><strong>Leodiensi,</strong></span> <span class='ocrx_word' id='word_1_42' title='bbox 914 1037 1013 1101; x_wconf 89' lang='lat' dir='ltr'><strong>quem</strong></span> <span class='ocrx_word' id='word_1_43' title='bbox 1045 1037 1122 1079; x_wconf 92' lang='lat' dir='ltr'><strong>cum</strong></span> 
     </span>
     <span class='ocr_line' id='line_1_7' title="bbox 29 1110 1121 1205; baseline 0.003 -32"><span class='ocrx_word' id='word_1_44' title='bbox 29 1114 150 1176; x_wconf 76' lang='lat' dir='ltr'><strong>exercitu</strong></span> <span class='ocrx_word' id='word_1_45' title='bbox 190 1110 455 1178; x_wconf 85' lang='lat' dir='ltr'><strong>Christianorum</strong></span> <span class='ocrx_word' id='word_1_46' title='bbox 508 1135 547 1178; x_wconf 92' lang='lat' dir='ltr'><strong>ac</strong></span> <span class='ocrx_word' id='word_1_47' title='bbox 593 1115 744 1200; x_wconf 80' lang='lat' dir='ltr'><strong>principe</strong></span> <span class='ocrx_word' id='word_1_48' title='bbox 782 1113 924 1205; x_wconf 87' lang='lat' dir='ltr'><strong>Anglico</strong></span> <span class='ocrx_word' id='word_1_49' title='bbox 964 1113 1121 1178; x_wconf 78' lang='lat' dir='ltr'><strong>Eduardo</strong></span> 
     </span>
     <span class='ocr_line' id='line_1_8' title="bbox 29 1207 1123 1297; baseline 0.006 -28"><span class='ocrx_word' id='word_1_50' title='bbox 29 1207 206 1274; x_wconf 87' lang='lat' dir='ltr'><strong>Ptolomaide</strong></span> <span class='ocrx_word' id='word_1_51' title='bbox 228 1213 264 1274; x_wconf 92' lang='lat' dir='ltr'><strong>in</strong></span> <span class='ocrx_word' id='word_1_52' title='bbox 288 1209 385 1296; x_wconf 85' lang='lat' dir='ltr'><strong>Syria</strong></span> <span class='ocrx_word' id='word_1_53' title='bbox 410 1211 595 1297; x_wconf 81' lang='lat' dir='ltr'><strong>degentem,</strong></span> <span class='ocrx_word' id='word_1_54' title='bbox 627 1214 767 1277; x_wconf 87' lang='lat' dir='ltr'><strong>virtutes</strong></span> <span class='ocrx_word' id='word_1_55' title='bbox 791 1234 906 1276; x_wconf 85' lang='lat' dir='ltr'><strong>acres</strong></span> <span class='ocrx_word' id='word_1_56' title='bbox 929 1221 998 1276; x_wconf 90' lang='lat' dir='ltr'><strong>tum</strong></span> <span class='ocrx_word' id='word_1_57' title='bbox 1024 1213 1123 1276; x_wconf 83' lang='lat' dir='ltr'><strong>antea</strong></span> 
     </span>
    </p>

    <p class='ocr_par' dir='ltr' id='par_1_3' title="bbox 28 1307 1131 1493">
     <span class='ocr_line' id='line_1_9' title="bbox 28 1307 1122 1394; baseline 0.006 -27"><span class='ocrx_word' id='word_1_58' title='bbox 28 1322 79 1368; x_wconf 81' lang='lat' dir='ltr'><strong>tum</strong></span> <span class='ocrx_word' id='word_1_59' title='bbox 100 1307 143 1371; x_wconf 93' lang='lat' dir='ltr'><strong>ibi</strong></span> <span class='ocrx_word' id='word_1_60' title='bbox 166 1330 224 1394; x_wconf 91' lang='lat' dir='ltr'><strong>pro</strong></span> <span class='ocrx_word' id='word_1_61' title='bbox 250 1307 448 1373; x_wconf 83' lang='lat' dir='ltr'><strong>Christianis</strong></span> <span class='ocrx_word' id='word_1_62' title='bbox 471 1319 582 1393; x_wconf 84' lang='lat' dir='ltr'><strong>gestae</strong></span> <span class='ocrx_word' id='word_1_63' title='bbox 611 1308 900 1375; x_wconf 86' lang='lat' dir='ltr'><strong>commendabant.</strong></span> <span class='ocrx_word' id='word_1_64' title='bbox 947 1309 1046 1374; x_wconf 84' lang='lat' dir='ltr'><strong>Anno</strong></span> <span class='ocrx_word' id='word_1_65' title='bbox 1076 1311 1122 1373; x_wconf 89' lang='lat' dir='ltr'><strong>in-</strong></span> 
     </span>
     <span class='ocr_line' id='line_1_10' title="bbox 28 1385 1131 1493; baseline 0.007 -29"><span class='ocrx_word' id='word_1_66' title='bbox 28 1417 158 1489; x_wconf 77' lang='lat' dir='ltr'><strong>sequente</strong></span> <span class='ocrx_word' id='word_1_67' title='bbox 180 1408 318 1470; x_wconf 84' lang='lat' dir='ltr'><strong>veniens</strong></span> <span class='ocrx_word' id='word_1_68' title='bbox 341 1409 375 1472; x_wconf 91' lang='lat' dir='ltr'><strong>in</strong></span> <span class='ocrx_word' id='word_1_69' title='bbox 399 1407 533 1472; x_wconf 86' lang='lat' dir='ltr'><strong>ltaliam</strong></span> <span class='ocrx_word' id='word_1_70' title='bbox 557 1406 745 1472; x_wconf 89' lang='lat' dir='ltr'><strong>Viterbium</strong></span> <span class='ocrx_word' id='word_1_71' title='bbox 777 1430 812 1472; x_wconf 91' lang='lat' dir='ltr'><strong>se</strong></span> <span class='ocrx_word' id='word_1_72' title='bbox 836 1406 976 1471; x_wconf 90' lang='lat' dir='ltr'><strong>contulit</strong></span> <span class='ocrx_word' id='word_1_73' title='bbox 1005 1430 1044 1471; x_wconf 89' lang='lat' dir='ltr'><strong>ac</strong></span> <span class='ocrx_word' id='word_1_74' title='bbox 1068 1385 1131 1493; x_wconf 32' lang='lat' dir='ltr'><strong>pol</strong></span> 
     </span>
    </p>

    <p class='ocr_par' dir='ltr' id='par_1_4' title="bbox 27 1503 1123 1887">
     <span class='ocr_line' id='line_1_11' title="bbox 28 1503 1121 1585; baseline 0.006 -23"><span class='ocrx_word' id='word_1_75' title='bbox 28 1516 79 1563; x_wconf 78' lang='lat' dir='ltr'><strong>oca</strong></span> <span class='ocrx_word' id='word_1_76' title='bbox 98 1503 242 1585; x_wconf 84' lang='lat' dir='ltr'><strong>Romam,</strong></span> <span class='ocrx_word' id='word_1_77' title='bbox 272 1505 330 1569; x_wconf 89' lang='lat' dir='ltr'><strong>ubi</strong></span> <span class='ocrx_word' id='word_1_78' title='bbox 363 1503 417 1569; x_wconf 88' lang='lat' dir='ltr'><strong>die</strong></span> <span class='ocrx_word' id='word_1_79' title='bbox 441 1506 502 1569; x_wconf 78' lang='grc' dir='ltr'><strong>27ο</strong></span> <span class='ocrx_word' id='word_1_80' title='bbox 526 1505 638 1570; x_wconf 86' lang='lat' dir='ltr'><strong>Martii</strong></span> <span class='ocrx_word' id='word_1_81' title='bbox 671 1507 751 1570; x_wconf 89' lang='lat' dir='ltr'><strong>anni</strong></span> <span class='ocrx_word' id='word_1_82' title='bbox 778 1507 864 1570; x_wconf 90' lang='grc'><strong>1272</strong></span> <span class='ocrx_word' id='word_1_83' title='bbox 887 1506 1043 1570; x_wconf 80' lang='lat' dir='ltr'><strong>Pontifex</strong></span> <span class='ocrx_word' id='word_1_84' title='bbox 1074 1507 1121 1569; x_wconf 89' lang='lat' dir='ltr'><strong>in-</strong></span> 
     </span>
     <span class='ocr_line' id='line_1_12' title="bbox 27 1601 1122 1690; baseline 0.006 -30"><span class='ocrx_word' id='word_1_85' title='bbox 27 1613 180 1682; x_wconf 81' lang='lat' dir='ltr'><strong>auguratus</strong></span> <span class='ocrx_word' id='word_1_86' title='bbox 204 1613 237 1666; x_wconf 87' lang='lat' dir='ltr'><strong>ct</strong></span> <span class='ocrx_word' id='word_1_87' title='bbox 264 1601 435 1690; x_wconf 69' lang='lat' dir='ltr'><strong>Gregorius</strong></span> <span class='ocrx_word' id='word_1_88' title='bbox 458 1605 493 1667; x_wconf 86' lang='lat' dir='ltr'><strong><em>X</em></strong></span> <span class='ocrx_word' id='word_1_89' title='bbox 520 1603 705 1690; x_wconf 87' lang='lat' dir='ltr'><strong>appellatus</strong></span> <span class='ocrx_word' id='word_1_90' title='bbox 736 1614 794 1670; x_wconf 89' lang='lat' dir='ltr'><strong>est.</strong></span> <span class='ocrx_word' id='word_1_91' title='bbox 842 1603 941 1668; x_wconf 90' lang='lat' dir='ltr'><strong>Nulla</strong></span> <span class='ocrx_word' id='word_1_92' title='bbox 972 1605 1062 1688; x_wconf 88' lang='lat' dir='ltr'><strong>prior</strong></span> <span class='ocrx_word' id='word_1_93' title='bbox 1092 1605 1122 1667; x_wconf 90' lang='lat' dir='ltr'><strong>ei</strong></span> 
     </span>
     <span class='ocr_line' id='line_1_13' title="bbox 29 1700 1122 1788; baseline 0.005 -28"><span class='ocrx_word' id='word_1_94' title='bbox 29 1700 172 1785; x_wconf 63' lang='lat' dir='ltr'><strong>patiorque</strong></span> <span class='ocrx_word' id='word_1_95' title='bbox 202 1721 281 1765; x_wconf 87' lang='lat' dir='ltr'><strong>cura</strong></span> <span class='ocrx_word' id='word_1_96' title='bbox 311 1702 383 1782; x_wconf 90' lang='lat' dir='ltr'><strong>fuit,</strong></span> <span class='ocrx_word' id='word_1_97' title='bbox 416 1724 514 1788; x_wconf 91' lang='lat' dir='ltr'><strong>quam</strong></span> <span class='ocrx_word' id='word_1_98' title='bbox 549 1714 588 1765; x_wconf 88' lang='lat' dir='ltr'><strong>ut</strong></span> <span class='ocrx_word' id='word_1_99' title='bbox 620 1701 819 1766; x_wconf 85' lang='lat' dir='ltr'><strong>Christianis</strong></span> <span class='ocrx_word' id='word_1_100' title='bbox 850 1711 955 1766; x_wconf 88' lang='lat' dir='ltr'><strong>terrae</strong></span> <span class='ocrx_word' id='word_1_101' title='bbox 988 1709 1122 1766; x_wconf 85' lang='lat' dir='ltr'><strong>sanctae</strong></span> 
     </span>
     <span class='ocr_line' id='line_1_14' title="bbox 28 1799 1123 1887; baseline 0.005 -29"><span class='ocrx_word' id='word_1_102' title='bbox 28 1809 207 1881; x_wconf 66' lang='lat' dir='ltr'><strong>csrupararet</strong></span> <span class='ocrx_word' id='word_1_103' title='bbox 229 1799 425 1880; x_wconf 79' lang='lat' dir='ltr'><strong>subsidium,</strong></span> <span class='ocrx_word' id='word_1_104' title='bbox 449 1809 548 1887; x_wconf 86' lang='lat' dir='ltr'><strong>atque</strong></span> <span class='ocrx_word' id='word_1_105' title='bbox 565 1802 600 1864; x_wconf 90' lang='lat' dir='ltr'><strong>in</strong></span> <span class='ocrx_word' id='word_1_106' title='bbox 616 1800 705 1864; x_wconf 92' lang='lat' dir='ltr'><strong>hunc</strong></span> <span class='ocrx_word' id='word_1_107' title='bbox 730 1801 876 1865; x_wconf 84' lang='lat' dir='ltr'><strong>maxime</strong></span> <span class='ocrx_word' id='word_1_108' title='bbox 900 1822 1047 1886; x_wconf 90' lang='lat' dir='ltr'><strong>scopum,</strong></span> <span class='ocrx_word' id='word_1_109' title='bbox 1072 1809 1123 1863; x_wconf 93' lang='lat' dir='ltr'><strong>ut-</strong></span> 
     </span>
    </p>

    <p class='ocr_par' dir='ltr' id='par_1_5' title="bbox 27 1896 1123 2160">
     <span class='ocr_line' id='line_1_15' title="bbox 27 1896 1122 1984; baseline 0.009 -32"><span class='ocrx_word' id='word_1_110' title='bbox 27 1913 73 1974; x_wconf 84' lang='lat' dir='ltr'><strong>que</strong></span> <span class='ocrx_word' id='word_1_111' title='bbox 93 1899 244 1960; x_wconf 89' lang='lat' dir='ltr'><strong>unionem</strong></span> <span class='ocrx_word' id='word_1_112' title='bbox 270 1896 477 1962; x_wconf 89' lang='lat' dir='ltr'><strong>Graecorum</strong></span> <span class='ocrx_word' id='word_1_113' title='bbox 507 1919 584 1961; x_wconf 90' lang='lat' dir='ltr'><strong>cum</strong></span> <span class='ocrx_word' id='word_1_114' title='bbox 608 1897 760 1963; x_wconf 78' lang='lat' dir='ltr'><strong>Ecclesia</strong></span> <span class='ocrx_word' id='word_1_115' title='bbox 783 1897 905 1962; x_wconf 91' lang='lat' dir='ltr'><strong>Latina</strong></span> <span class='ocrx_word' id='word_1_116' title='bbox 940 1897 1122 1984; x_wconf 88' lang='lat' dir='ltr'><strong>perficeret,</strong></span> 
     </span>
     <span class='ocr_line' id='line_1_16' title="bbox 28 1993 1123 2082; baseline 0.004 -28"><span class='ocrx_word' id='word_1_117' title='bbox 28 1993 185 2057; x_wconf 67' lang='lat' dir='ltr'><strong>“oucilium</strong></span> <span class='ocrx_word' id='word_1_118' title='bbox 219 1994 372 2079; x_wconf 87' lang='lat' dir='ltr'><strong>generale</strong></span> <span class='ocrx_word' id='word_1_119' title='bbox 395 1995 519 2059; x_wconf 87' lang='lat' dir='ltr'><strong>indixit</strong></span> <span class='ocrx_word' id='word_1_120' title='bbox 542 1995 710 2079; x_wconf 86' lang='lat' dir='ltr'><strong>Lugduni,</strong></span> <span class='ocrx_word' id='word_1_121' title='bbox 745 1995 823 2060; x_wconf 84' lang='lat' dir='ltr'><strong>inda</strong></span> <span class='ocrx_word' id='word_1_122' title='bbox 852 2018 871 2058; x_wconf 99' lang='lat' dir='ltr'><strong>a</strong></span> <span class='ocrx_word' id='word_1_123' title='bbox 903 1995 957 2059; x_wconf 89' lang='lat' dir='ltr'><strong>die</strong></span> <span class='ocrx_word' id='word_1_124' title='bbox 983 1995 1018 2059; x_wconf 89' lang='lat'><strong>1⁰</strong></span> <span class='ocrx_word' id='word_1_125' title='bbox 1041 1995 1123 2082; x_wconf 87' lang='lat' dir='ltr'><strong>Maji</strong></span> 
     </span>
     <span class='ocr_line' id='line_1_17' title="bbox 27 2091 1123 2160; baseline 0.007 -12"><span class='ocrx_word' id='word_1_126' title='bbox 27 2091 191 2154; x_wconf 75' lang='lat' dir='ltr'><strong>roui1274</strong></span> <span class='ocrx_word' id='word_1_127' title='bbox 216 2091 462 2160; x_wconf 90' lang='lat' dir='ltr'><strong>celebrandum.</strong></span> <span class='ocrx_word' id='word_1_128' title='bbox 509 2092 647 2157; x_wconf 85' lang='lat' dir='ltr'><strong>Interim</strong></span> <span class='ocrx_word' id='word_1_129' title='bbox 671 2116 723 2158; x_wconf 86' lang='lat' dir='ltr'><strong>rea</strong></span> <span class='ocrx_word' id='word_1_130' title='bbox 747 2092 897 2157; x_wconf 86' lang='lat' dir='ltr'><strong>turbatas</strong></span> <span class='ocrx_word' id='word_1_131' title='bbox 921 2093 1123 2157; x_wconf 79' lang='lat' dir='ltr'><strong>Germaniae</strong></span> 
     </span>
    </p>

    <p class='ocr_par' dir='ltr' id='par_1_6' title="bbox 27 2187 1125 2276">
     <span class='ocr_line' id='line_1_18' title="bbox 27 2187 1125 2276; baseline 0.011 -32"><span class='ocrx_word' id='word_1_132' title='bbox 27 2199 48 2244; x_wconf 69' lang='lat' dir='ltr'><strong>et</strong></span> <span class='ocrx_word' id='word_1_133' title='bbox 65 2187 189 2272; x_wconf 81' lang='lat' dir='ltr'><strong>Imperii</strong></span> <span class='ocrx_word' id='word_1_134' title='bbox 217 2188 356 2254; x_wconf 84' lang='lat' dir='ltr'><strong>feliciter</strong></span> <span class='ocrx_word' id='word_1_135' title='bbox 380 2193 579 2276; x_wconf 88' lang='lat' dir='ltr'><strong>composuit,</strong></span> <span class='ocrx_word' id='word_1_136' title='bbox 612 2191 690 2255; x_wconf 91' lang='lat' dir='ltr'><strong>dum</strong></span> <span class='ocrx_word' id='word_1_137' title='bbox 715 2193 882 2276; x_wconf 87' lang='lat' dir='ltr'><strong>principes</strong></span> <span class='ocrx_word' id='word_1_138' title='bbox 905 2190 1053 2274; x_wconf 84' lang='lat' dir='ltr'><strong>induxit,</strong></span> <span class='ocrx_word' id='word_1_139' title='bbox 1088 2201 1125 2256; x_wconf 91' lang='lat' dir='ltr'><strong>ut</strong></span> 
     </span>
    </p>

    <p class='ocr_par' dir='ltr' id='par_1_7' title="bbox 29 2279 1236 2472">
     <span class='ocr_line' id='line_1_19' title="bbox 29 2279 1236 2374; baseline 0.011 -32"><span class='ocrx_word' id='word_1_140' title='bbox 29 2303 126 2348; x_wconf 77' lang='lat' dir='ltr'><strong>rovum</strong></span> <span class='ocrx_word' id='word_1_141' title='bbox 149 2309 261 2371; x_wconf 90' lang='lat' dir='ltr'><strong>regem</strong></span> <span class='ocrx_word' id='word_1_142' title='bbox 285 2300 384 2374; x_wconf 89' lang='lat' dir='ltr'><strong>atque</strong></span> <span class='ocrx_word' id='word_1_143' title='bbox 409 2291 640 2373; x_wconf 89' lang='lat' dir='ltr'><strong>imperatorem</strong></span> <span class='ocrx_word' id='word_1_144' title='bbox 658 2288 870 2374; x_wconf 88' lang='lat' dir='ltr'><strong>Rudolpbum</strong></span> <span class='ocrx_word' id='word_1_145' title='bbox 888 2288 1124 2374; x_wconf 88' lang='lat' dir='ltr'><strong>Habsburgen·</strong></span> <span class='ocrx_word' id='word_1_146' title='bbox 1230 2279 1236 2289; x_wconf 58' lang='grc'>’</span> 
     </span>
     <span class='ocr_line' id='line_1_20' title="bbox 29 2385 732 2472; baseline 0.01 -26"><span class='ocrx_word' id='word_1_147' title='bbox 29 2403 75 2445; x_wconf 76' lang='lat' dir='ltr'><strong>rein</strong></span> <span class='ocrx_word' id='word_1_148' title='bbox 98 2385 160 2468; x_wconf 89' lang='lat' dir='ltr'><strong>(die</strong></span> <span class='ocrx_word' id='word_1_149' title='bbox 185 2387 247 2450; x_wconf 83' lang='grc' dir='ltr'><strong>29ο</strong></span> <span class='ocrx_word' id='word_1_150' title='bbox 270 2386 359 2472; x_wconf 90' lang='lat' dir='ltr'><strong>Sept.</strong></span> <span class='ocrx_word' id='word_1_151' title='bbox 384 2409 413 2454; x_wconf 90' lang='lat' dir='ltr'><strong>a.</strong></span> <span class='ocrx_word' id='word_1_152' title='bbox 440 2389 540 2469; x_wconf 84' lang='grc'><strong>1273)</strong></span> <span class='ocrx_word' id='word_1_153' title='bbox 564 2386 732 2472; x_wconf 85' lang='lat' dir='ltr'><strong>eligerent.</strong></span> 
     </span>
    </p>

    <p class='ocr_par' dir='ltr' id='par_1_8' title="bbox 26 2483 1293 3157">
     <span class='ocr_line' id='line_1_21' title="bbox 96 2483 1293 2573; baseline -0.003 -27"><span class='ocrx_word' id='word_1_154' title='bbox 96 2483 165 2550; x_wconf 86' lang='grc'><strong>120.</strong></span> <span class='ocrx_word' id='word_1_155' title='bbox 219 2483 391 2549; x_wconf 73' lang='lat' dir='ltr'><strong>Concilium</strong></span> <span class='ocrx_word' id='word_1_156' title='bbox 419 2489 644 2549; x_wconf 73' lang='lat' dir='ltr'><strong>oecumenicum</strong></span> <span class='ocrx_word' id='word_1_157' title='bbox 667 2486 874 2573; x_wconf 67' lang='lat' dir='ltr'><strong>Lugduncaae</strong></span> <span class='ocrx_word' id='word_1_158' title='bbox 898 2487 937 2550; x_wconf 91' lang='lat' dir='ltr'><strong>II</strong></span> <span class='ocrx_word' id='word_1_159' title='bbox 964 2484 1124 2550; x_wconf 84' lang='lat' dir='ltr'><strong>celebrari</strong></span> <span class='ocrx_word' id='word_1_160' title='bbox 1135 2496 1223 2538; x_wconf 54' lang='lat' dir='ltr'>00³0st</span> <span class='ocrx_word' id='word_1_161' title='bbox 1233 2495 1293 2543; x_wconf 71' lang='lat' dir='ltr'><strong>bua-</strong></span> 
     </span>
     <span class='ocr_line' id='line_1_22' title="bbox 29 2558 1285 2668; baseline 0.007 -29"><span class='ocrx_word' id='word_1_162' title='bbox 29 2592 155 2663; x_wconf 78' lang='lat' dir='ltr'><strong>coeptum</strong></span> <span class='ocrx_word' id='word_1_163' title='bbox 186 2589 247 2645; x_wconf 83' lang='lat' dir='ltr'><strong>cst</strong></span> <span class='ocrx_word' id='word_1_164' title='bbox 270 2583 323 2647; x_wconf 90' lang='lat' dir='ltr'><strong>die</strong></span> <span class='ocrx_word' id='word_1_165' title='bbox 347 2583 385 2648; x_wconf 90' lang='lat'><strong>8⁰</strong></span> <span class='ocrx_word' id='word_1_166' title='bbox 408 2583 489 2668; x_wconf 84' lang='lat' dir='ltr'><strong>Maji</strong></span> <span class='ocrx_word' id='word_1_167' title='bbox 529 2585 608 2647; x_wconf 92' lang='lat' dir='ltr'><strong>anni</strong></span> <span class='ocrx_word' id='word_1_168' title='bbox 635 2583 731 2666; x_wconf 77' lang='grc'><strong>1274,</strong></span> <span class='ocrx_word' id='word_1_169' title='bbox 771 2595 804 2647; x_wconf 85' lang='lat' dir='ltr'><strong>et</strong></span> <span class='ocrx_word' id='word_1_170' title='bbox 830 2605 889 2647; x_wconf 88' lang='lat' dir='ltr'><strong>sex</strong></span> <span class='ocrx_word' id='word_1_171' title='bbox 922 2583 1125 2648; x_wconf 87' lang='lat' dir='ltr'><strong>sessionibus</strong></span> <span class='ocrx_word' id='word_1_172' title='bbox 1140 2559 1241 2599; x_wconf 52' lang='grc' dir='ltr'><strong>ΜΝ</strong></span> <span class='ocrx_word' id='word_1_173' title='bbox 1255 2558 1285 2597; x_wconf 76' lang='lat'><strong>¹¹&#39;</strong></span> 
     </span>
     <span class='ocr_line' id='line_1_23' title="bbox 29 2669 1125 2769; baseline 0.009 -35"><span class='ocrx_word' id='word_1_174' title='bbox 29 2669 124 2742; x_wconf 61' lang='lat' dir='ltr'><strong>labilis</strong></span> <span class='ocrx_word' id='word_1_175' title='bbox 146 2679 202 2744; x_wconf 91' lang='lat' dir='ltr'><strong>die</strong></span> <span class='ocrx_word' id='word_1_176' title='bbox 229 2680 383 2745; x_wconf 80' lang='lat' dir='ltr'><strong>ll⁰Julii</strong></span> <span class='ocrx_word' id='word_1_177' title='bbox 408 2679 495 2744; x_wconf 90' lang='lat' dir='ltr'><strong>illius</strong></span> <span class='ocrx_word' id='word_1_178' title='bbox 518 2683 597 2745; x_wconf 86' lang='lat' dir='ltr'><strong>anni</strong></span> <span class='ocrx_word' id='word_1_179' title='bbox 622 2680 819 2747; x_wconf 86' lang='lat' dir='ltr'><strong>absolutum.</strong></span> <span class='ocrx_word' id='word_1_180' title='bbox 861 2682 1021 2746; x_wconf 77' lang='lat' dir='ltr'><strong>Numerus</strong></span> <span class='ocrx_word' id='word_1_181' title='bbox 1030 2705 1125 2769; x_wconf 83' lang='lat' dir='ltr'><strong>prac-</strong></span> 
     </span>
     <span class='ocr_line' id='line_1_24' title="bbox 28 2767 1125 2866; baseline 0.004 -28"><span class='ocrx_word' id='word_1_182' title='bbox 28 2767 136 2840; x_wconf 78' lang='lat' dir='ltr'><strong>ltlorum</strong></span> <span class='ocrx_word' id='word_1_183' title='bbox 165 2781 224 2864; x_wconf 79' lang='lat' dir='ltr'><strong>qai</strong></span> <span class='ocrx_word' id='word_1_184' title='bbox 251 2779 466 2866; x_wconf 75' lang='lat' dir='ltr'><strong>iuterfuerunt</strong></span> <span class='ocrx_word' id='word_1_185' title='bbox 493 2776 646 2861; x_wconf 68' lang='lat' dir='ltr'><strong>Concdite,</strong></span> <span class='ocrx_word' id='word_1_186' title='bbox 672 2778 745 2863; x_wconf 79' lang='lat' dir='ltr'><strong>fuit</strong></span> <span class='ocrx_word' id='word_1_187' title='bbox 775 2781 1013 2866; x_wconf 70' lang='lat' dir='ltr'><strong>quingentorum</strong></span> <span class='ocrx_word' id='word_1_188' title='bbox 1044 2780 1125 2864; x_wconf 80' lang='lat' dir='ltr'><strong>cpio-</strong></span> 
     </span>
     <span class='ocr_line' id='line_1_25' title="bbox 26 2875 1125 2964; baseline 0.005 -31"><span class='ocrx_word' id='word_1_189' title='bbox 26 2891 155 2958; x_wconf 71' lang='lat' dir='ltr'><strong>coporum,</strong></span> <span class='ocrx_word' id='word_1_190' title='bbox 180 2875 332 2940; x_wconf 80' lang='lat' dir='ltr'><strong>abbatum</strong></span> <span class='ocrx_word' id='word_1_191' title='bbox 355 2878 566 2963; x_wconf 67' lang='lat' dir='ltr'><strong>septuaginta,</strong></span> <span class='ocrx_word' id='word_1_192' title='bbox 598 2876 735 2941; x_wconf 79' lang='lat' dir='ltr'><strong>aliorum</strong></span> <span class='ocrx_word' id='word_1_193' title='bbox 751 2879 974 2964; x_wconf 83' lang='lat' dir='ltr'><strong>praelatorum</strong></span> <span class='ocrx_word' id='word_1_194' title='bbox 997 2875 1092 2943; x_wconf 80' lang='lat' dir='ltr'><strong>mille.</strong></span> <span class='ocrx_word' id='word_1_195' title='bbox 1100 2875 1125 2963; x_wconf 86' lang='lat'><strong>¹)</strong></span> 
     </span>
     <span class='ocr_line' id='line_1_26' title="bbox 26 2963 1125 3060; baseline 0.005 -28"><span class='ocrx_word' id='word_1_196' title='bbox 26 2963 171 3036; x_wconf 71' lang='lat' dir='ltr'><strong>Praecedit</strong></span> <span class='ocrx_word' id='word_1_197' title='bbox 188 2972 339 3038; x_wconf 82' lang='lat' dir='ltr'><strong>Concilio</strong></span> <span class='ocrx_word' id='word_1_198' title='bbox 355 2975 392 3040; x_wconf 92' lang='lat' dir='ltr'><strong>B.</strong></span> <span class='ocrx_word' id='word_1_199' title='bbox 410 2972 589 3057; x_wconf 83' lang='lat' dir='ltr'><strong>Gregorius</strong></span> <span class='ocrx_word' id='word_1_200' title='bbox 603 2975 648 3055; x_wconf 90' lang='lat' dir='ltr'><strong>X,</strong></span> <span class='ocrx_word' id='word_1_201' title='bbox 673 2974 953 3060; x_wconf 86' lang='lat' dir='ltr'><strong>quemadmodum</strong></span> <span class='ocrx_word' id='word_1_202' title='bbox 978 2996 1021 3038; x_wconf 83' lang='lat' dir='ltr'><strong>ex</strong></span> <span class='ocrx_word' id='word_1_203' title='bbox 1031 2973 1125 3038; x_wconf 88' lang='lat' dir='ltr'><strong>Actis</strong></span> 
     </span>
     <span class='ocr_line' id='line_1_27' title="bbox 27 3063 1125 3157; baseline 0.008 -32"><span class='ocrx_word' id='word_1_204' title='bbox 27 3063 141 3134; x_wconf 77' lang='lat' dir='ltr'><strong>Concilii</strong></span> <span class='ocrx_word' id='word_1_205' title='bbox 167 3071 349 3156; x_wconf 82' lang='lat' dir='ltr'><strong>colligitur3</strong></span> <span class='ocrx_word' id='word_1_206' title='bbox 375 3094 455 3136; x_wconf 88' lang='lat' dir='ltr'><strong>cura</strong></span> <span class='ocrx_word' id='word_1_207' title='bbox 478 3083 590 3137; x_wconf 85' lang='lat' dir='ltr'><strong>tamen</strong></span> <span class='ocrx_word' id='word_1_208' title='bbox 615 3072 781 3157; x_wconf 90' lang='lat' dir='ltr'><strong>dirigendi</strong></span> <span class='ocrx_word' id='word_1_209' title='bbox 806 3075 938 3157; x_wconf 88' lang='lat' dir='ltr'><strong>negotia</strong></span> <span class='ocrx_word' id='word_1_210' title='bbox 962 3083 995 3136; x_wconf 87' lang='lat' dir='ltr'><strong>et</strong></span> <span class='ocrx_word' id='word_1_211' title='bbox 1017 3073 1125 3157; x_wconf 91' lang='lat' dir='ltr'><strong>provi·</strong></span> 
     </span>
    </p>

    <p class='ocr_par' dir='ltr' id='par_1_9' title="bbox 26 3161 1266 4137">
     <span class='ocr_line' id='line_1_28' title="bbox 27 3161 1125 3256; baseline 0.006 -31"><span class='ocrx_word' id='word_1_212' title='bbox 27 3161 105 3230; x_wconf 64' lang='lat' dir='ltr'><strong>‘leudi</strong></span> <span class='ocrx_word' id='word_1_213' title='bbox 128 3191 214 3254; x_wconf 86' lang='lat' dir='ltr'><strong>quae</strong></span> <span class='ocrx_word' id='word_1_214' title='bbox 238 3180 347 3234; x_wconf 80' lang='lat' dir='ltr'><strong>essent</strong></span> <span class='ocrx_word' id='word_1_215' title='bbox 359 3170 585 3256; x_wconf 87' lang='lat' dir='ltr'><strong>proponenda,</strong></span> <span class='ocrx_word' id='word_1_216' title='bbox 603 3193 623 3234; x_wconf 89' lang='lat' dir='ltr'><strong>a</strong></span> <span class='ocrx_word' id='word_1_217' title='bbox 639 3169 775 3236; x_wconf 86' lang='lat' dir='ltr'><strong>Summo</strong></span> <span class='ocrx_word' id='word_1_218' title='bbox 790 3170 952 3234; x_wconf 91' lang='lat' dir='ltr'><strong>Pontifice</strong></span> <span class='ocrx_word' id='word_1_219' title='bbox 975 3179 1125 3256; x_wconf 87' lang='lat' dir='ltr'><strong>exparte</strong></span> 
     </span>
     <span class='ocr_line' id='line_1_29' title="bbox 26 3263 1266 3334; baseline 0.004 -8"><span class='ocrx_word' id='word_1_220' title='bbox 26 3281 43 3322; x_wconf 74' lang='grc' dir='ltr'><strong>ε.</strong></span> <span class='ocrx_word' id='word_1_221' title='bbox 65 3263 312 3332; x_wconf 74' lang='lat' dir='ltr'><strong>bonaventurae</strong></span> <span class='ocrx_word' id='word_1_222' title='bbox 343 3265 515 3332; x_wconf 87' lang='lat' dir='ltr'><strong>Cardinali</strong></span> <span class='ocrx_word' id='word_1_223' title='bbox 549 3267 750 3332; x_wconf 82' lang='lat' dir='ltr'><strong>demandata</strong></span> <span class='ocrx_word' id='word_1_224' title='bbox 781 3268 898 3334; x_wconf 87' lang='lat' dir='ltr'><strong>fuerat.</strong></span> <span class='ocrx_word' id='word_1_225' title='bbox 946 3267 1012 3334; x_wconf 86' lang='lat' dir='ltr'><strong>Sed</strong></span> <span class='ocrx_word' id='word_1_226' title='bbox 1043 3267 1126 3332; x_wconf 89' lang='lat' dir='ltr'><strong>obiit</strong></span> <span class='ocrx_word' id='word_1_227' title='bbox 1226 3291 1230 3298; x_wconf 93' lang='lat'>·</span> <span class='ocrx_word' id='word_1_228' title='bbox 1261 3274 1266 3284; x_wconf 93' lang='lat'>&#39;</span> 
     </span>
     <span class='ocr_line' id='line_1_30' title="bbox 27 3353 1126 3451; baseline 0.005 -28"><span class='ocrx_word' id='word_1_229' title='bbox 27 3353 66 3422; x_wconf 86' lang='lat' dir='ltr'><strong>lic</strong></span> <span class='ocrx_word' id='word_1_230' title='bbox 86 3362 239 3449; x_wconf 88' lang='lat' dir='ltr'><strong>Lugduni</strong></span> <span class='ocrx_word' id='word_1_231' title='bbox 270 3367 341 3450; x_wconf 89' lang='lat' dir='ltr'><strong>ipso</strong></span> <span class='ocrx_word' id='word_1_232' title='bbox 367 3363 508 3430; x_wconf 86' lang='lat' dir='ltr'><strong>Concilii</strong></span> <span class='ocrx_word' id='word_1_233' title='bbox 539 3373 687 3451; x_wconf 89' lang='lat' dir='ltr'><strong>tempore</strong></span> <span class='ocrx_word' id='word_1_234' title='bbox 716 3366 771 3431; x_wconf 91' lang='lat' dir='ltr'><strong>die</strong></span> <span class='ocrx_word' id='word_1_235' title='bbox 806 3365 864 3431; x_wconf 83' lang='lat'><strong>15⁰</strong></span> <span class='ocrx_word' id='word_1_236' title='bbox 887 3365 980 3432; x_wconf 88' lang='lat' dir='ltr'><strong>Julii.</strong></span> <span class='ocrx_word' id='word_1_237' title='bbox 1011 3403 1054 3413; x_wconf 84' lang='lat'><strong>—-</strong></span> <span class='ocrx_word' id='word_1_238' title='bbox 1084 3365 1126 3429; x_wconf 89' lang='lat' dir='ltr'><strong>In</strong></span> 
     </span>
     <span class='ocr_line' id='line_1_31' title="bbox 27 3453 1127 3550; baseline 0.006 -31"><span class='ocrx_word' id='word_1_239' title='bbox 27 3453 151 3526; x_wconf 70' lang='lat' dir='ltr'><strong>Concilio</strong></span> <span class='ocrx_word' id='word_1_240' title='bbox 168 3464 333 3548; x_wconf 89' lang='lat' dir='ltr'><strong>imprimis</strong></span> <span class='ocrx_word' id='word_1_241' title='bbox 349 3461 529 3547; x_wconf 86' lang='lat' dir='ltr'><strong>Gregorius</strong></span> <span class='ocrx_word' id='word_1_242' title='bbox 545 3463 579 3527; x_wconf 92' lang='lat' dir='ltr'>X</span> <span class='ocrx_word' id='word_1_243' title='bbox 602 3463 771 3528; x_wconf 87' lang='lat' dir='ltr'><strong>ferventer</strong></span> <span class='ocrx_word' id='word_1_244' title='bbox 792 3466 959 3550; x_wconf 89' lang='lat' dir='ltr'><strong>promovit</strong></span> <span class='ocrx_word' id='word_1_245' title='bbox 969 3465 1127 3550; x_wconf 75' lang='lat' dir='ltr'><strong>capotium</strong></span> 
     </span>
     <span class='ocr_line' id='line_1_32' title="bbox 32 3553 1126 3648; baseline 0.005 -29"><span class='ocrx_word' id='word_1_246' title='bbox 32 3553 124 3623; x_wconf 67' lang='lat' dir='ltr'><strong>ferrae</strong></span> <span class='ocrx_word' id='word_1_247' title='bbox 151 3572 292 3641; x_wconf 81' lang='lat' dir='ltr'><strong>sanctae,</strong></span> <span class='ocrx_word' id='word_1_248' title='bbox 328 3583 367 3624; x_wconf 87' lang='lat' dir='ltr'><strong>ac</strong></span> <span class='ocrx_word' id='word_1_249' title='bbox 397 3559 552 3646; x_wconf 86' lang='lat' dir='ltr'><strong>praelatis</strong></span> <span class='ocrx_word' id='word_1_250' title='bbox 585 3563 757 3647; x_wconf 88' lang='lat' dir='ltr'><strong>proposuit</strong></span> <span class='ocrx_word' id='word_1_251' title='bbox 783 3562 826 3626; x_wconf 89' lang='lat' dir='ltr'><strong>ab</strong></span> <span class='ocrx_word' id='word_1_252' title='bbox 851 3562 958 3648; x_wconf 91' lang='lat' dir='ltr'><strong>iisque</strong></span> <span class='ocrx_word' id='word_1_253' title='bbox 981 3561 1126 3626; x_wconf 89' lang='lat' dir='ltr'><strong>obtinuit</strong></span> 
     </span>
     <span class='ocr_line' id='line_1_33' title="bbox 29 3649 1125 3742; baseline 0.01 -31"><span class='ocrx_word' id='word_1_254' title='bbox 29 3649 148 3721; x_wconf 77' lang='lat' dir='ltr'><strong>decimas</strong></span> <span class='ocrx_word' id='word_1_255' title='bbox 169 3658 362 3723; x_wconf 89' lang='lat' dir='ltr'><strong>reddituum</strong></span> <span class='ocrx_word' id='word_1_256' title='bbox 387 3657 687 3732; x_wconf 84' lang='lat' dir='ltr'><strong>ecclesiasticorum</strong></span> <span class='ocrx_word' id='word_1_257' title='bbox 712 3659 755 3723; x_wconf 87' lang='lat' dir='ltr'><strong>ad</strong></span> <span class='ocrx_word' id='word_1_258' title='bbox 779 3681 839 3723; x_wconf 88' lang='lat' dir='ltr'><strong>sex</strong></span> <span class='ocrx_word' id='word_1_259' title='bbox 862 3680 976 3742; x_wconf 88' lang='lat' dir='ltr'><strong>annos,</strong></span> <span class='ocrx_word' id='word_1_260' title='bbox 1002 3661 1037 3724; x_wconf 91' lang='lat' dir='ltr'><strong>in</strong></span> <span class='ocrx_word' id='word_1_261' title='bbox 1052 3659 1125 3722; x_wconf 89' lang='lat' dir='ltr'><strong>sub·</strong></span> 
     </span>
     <span class='ocr_line' id='line_1_34' title="bbox 29 3749 1126 3842; baseline 0.009 -32"><span class='ocrx_word' id='word_1_262' title='bbox 29 3749 125 3819; x_wconf 63' lang='lat' dir='ltr'><strong>sidium</strong></span> <span class='ocrx_word' id='word_1_263' title='bbox 148 3756 227 3822; x_wconf 90' lang='lat' dir='ltr'><strong>belli</strong></span> <span class='ocrx_word' id='word_1_264' title='bbox 246 3760 329 3821; x_wconf 88' lang='lat' dir='ltr'><strong>sacri</strong></span> <span class='ocrx_word' id='word_1_265' title='bbox 355 3766 387 3821; x_wconf 91' lang='lat' dir='ltr'><strong>et</strong></span> <span class='ocrx_word' id='word_1_266' title='bbox 410 3756 453 3821; x_wconf 85' lang='lat' dir='ltr'><strong>ad</strong></span> <span class='ocrx_word' id='word_1_267' title='bbox 477 3757 739 3842; x_wconf 84' lang='lat' dir='ltr'><strong>prosequendam</strong></span> <span class='ocrx_word' id='word_1_268' title='bbox 765 3768 870 3822; x_wconf 88' lang='lat' dir='ltr'><strong>terrae</strong></span> <span class='ocrx_word' id='word_1_269' title='bbox 893 3768 1027 3821; x_wconf 86' lang='lat' dir='ltr'><strong>sanctae</strong></span> <span class='ocrx_word' id='word_1_270' title='bbox 1051 3779 1126 3820; x_wconf 89' lang='lat' dir='ltr'><strong>cau·</strong></span> 
     </span>
     <span class='ocr_line' id='line_1_35' title="bbox 30 3853 1127 3938; baseline 0.005 -24"><span class='ocrx_word' id='word_1_271' title='bbox 30 3869 80 3914; x_wconf 69' lang='lat' dir='ltr'><strong>sem</strong></span> <span class='ocrx_word' id='word_1_272' title='bbox 100 3878 136 3918; x_wconf 85' lang='lat' dir='ltr'><strong>ac</strong></span> <span class='ocrx_word' id='word_1_273' title='bbox 159 3857 396 3922; x_wconf 87' lang='lat' dir='ltr'><strong>defensionem.</strong></span> <span class='ocrx_word' id='word_1_274' title='bbox 413 3855 584 3919; x_wconf 84' lang='lat' dir='ltr'><strong>-Etiam</strong></span> <span class='ocrx_word' id='word_1_275' title='bbox 608 3857 765 3938; x_wconf 72' lang='lat' dir='ltr'><strong>negotium</strong></span> <span class='ocrx_word' id='word_1_276' title='bbox 786 3858 915 3921; x_wconf 79' lang='lat' dir='ltr'><strong>unionis</strong></span> <span class='ocrx_word' id='word_1_277' title='bbox 934 3853 1127 3919; x_wconf 76' lang='lat' dir='ltr'><strong>Graecorum</strong></span> 
     </span>
     <span class='ocr_line' id='line_1_36' title="bbox 31 3947 1126 4037; baseline 0.006 -28"><span class='ocrx_word' id='word_1_278' title='bbox 31 3947 114 4014; x_wconf 76' lang='lat' dir='ltr'><strong>risum</strong></span> <span class='ocrx_word' id='word_1_279' title='bbox 145 3966 193 4017; x_wconf 87' lang='lat' dir='ltr'><strong>est</strong></span> <span class='ocrx_word' id='word_1_280' title='bbox 225 3953 354 4018; x_wconf 90' lang='lat' dir='ltr'><strong>felicem</strong></span> <span class='ocrx_word' id='word_1_281' title='bbox 386 3953 509 4017; x_wconf 90' lang='lat' dir='ltr'><strong>habere</strong></span> <span class='ocrx_word' id='word_1_282' title='bbox 533 3955 670 4019; x_wconf 84' lang='lat' dir='ltr'><strong>exitum.</strong></span> <span class='ocrx_word' id='word_1_283' title='bbox 719 3953 852 4018; x_wconf 82' lang='lat' dir='ltr'><strong>Etenim</strong></span> <span class='ocrx_word' id='word_1_284' title='bbox 876 3955 986 4017; x_wconf 85' lang='lat' dir='ltr'><strong>missis</strong></span> <span class='ocrx_word' id='word_1_285' title='bbox 1008 3951 1126 4037; x_wconf 86' lang='lat' dir='ltr'><strong>legatis</strong></span> 
     </span>
     <span class='ocr_line' id='line_1_37' title="bbox 31 4045 1126 4137; baseline 0.005 -30"><span class='ocrx_word' id='word_1_286' title='bbox 31 4061 53 4102; x_wconf 77' lang='lat' dir='ltr'><strong>u</strong></span> <span class='ocrx_word' id='word_1_287' title='bbox 70 4045 172 4114; x_wconf 82' lang='lat' dir='ltr'><strong>litteris</strong></span> <span class='ocrx_word' id='word_1_288' title='bbox 196 4051 382 4137; x_wconf 85' lang='lat' dir='ltr'><strong>Imperator</strong></span> <span class='ocrx_word' id='word_1_289' title='bbox 397 4049 541 4114; x_wconf 73' lang='lat' dir='ltr'><strong>Michael</strong></span> <span class='ocrx_word' id='word_1_290' title='bbox 556 4049 774 4136; x_wconf 87' lang='lat' dir='ltr'><strong>Palaeologus</strong></span> <span class='ocrx_word' id='word_1_291' title='bbox 797 4063 829 4115; x_wconf 92' lang='lat' dir='ltr'><strong>et</strong></span> <span class='ocrx_word' id='word_1_292' title='bbox 852 4051 990 4137; x_wconf 86' lang='lat' dir='ltr'><strong>praelati</strong></span> <span class='ocrx_word' id='word_1_293' title='bbox 1014 4053 1126 4134; x_wconf 86' lang='lat' dir='ltr'><strong>graeci</strong></span> 
     </span>
    </p>
   </div>
   <div class='ocr_carea' id='block_1_3' title="bbox 87 4261 765 4328">
    <p class='ocr_par' dir='ltr' id='par_1_10' title="bbox 87 4261 765 4328">
     <span class='ocr_line' id='line_1_38' title="bbox 87 4261 765 4328; baseline -0.006 -8"><span class='ocrx_word' id='word_1_294' title='bbox 87 4265 103 4328; x_wconf 68' lang='lat'><strong>¹)</strong></span> <span class='ocrx_word' id='word_1_295' title='bbox 119 4267 230 4322; x_wconf 87' lang='lat' dir='ltr'><strong>Ptolom.</strong></span> <span class='ocrx_word' id='word_1_296' title='bbox 252 4265 363 4318; x_wconf 87' lang='lat' dir='ltr'><strong>Luceus.</strong></span> <span class='ocrx_word' id='word_1_297' title='bbox 383 4264 416 4316; x_wconf 90' lang='lat' dir='ltr'><strong>H.</strong></span> <span class='ocrx_word' id='word_1_298' title='bbox 436 4263 506 4317; x_wconf 84' lang='lat' dir='ltr'><strong>Eccl.</strong></span> <span class='ocrx_word' id='word_1_299' title='bbox 525 4263 555 4316; x_wconf 91' lang='lat' dir='ltr'><strong>L.</strong></span> <span class='ocrx_word' id='word_1_300' title='bbox 575 4261 680 4319; x_wconf 83' lang='lat' dir='ltr'>XXIII.</span> <span class='ocrx_word' id='word_1_301' title='bbox 699 4279 720 4317; x_wconf 93' lang='lat' dir='ltr'><strong>c.</strong></span> <span class='ocrx_word' id='word_1_302' title='bbox 740 4265 765 4316; x_wconf 85' lang='grc'><strong>3.</strong></span> 
     </span>
    </p>
   </div>
   <div class='ocr_carea' id='block_1_4' title="bbox 0 0 1420 4844">
    <p class='ocr_par' dir='ltr' id='par_1_11' title="bbox 0 0 1420 4844">
     <span class='ocr_line' id='line_1_39' title="bbox 0 0 1420 4844; baseline 0 2"><span class='ocrx_word' id='word_1_303' title='bbox 0 0 1420 4844; x_wconf 95' lang='lat' dir='ltr'><strong> </strong></span> 
     </span>
    </p>
   </div>
  </div>
 </body>
</html>
