2902 4848
419 426 460 480 De
477 425 584 492 Synodo
603 423 768 480 mororum
1103 425 1157 480 370

46 568 268 656 exspectandis
290 570 365 635 aliis
389 569 574 656 praefixum
591 588 735 632 vacuum
756 566 951 649 elaberetur,
977 567 1156 650 (desideru-

47 668 95 732 bat
117 667 311 754 Imperator,
345 677 382 730 ut
411 677 557 731 oratores
587 667 776 752 principum
808 675 841 728 et
870 663 981 750 plures
1007 667 1156 750 episcopi

45 769 330 852 exspectarentur),
355 767 522 844 convenit,
548 775 585 827 ut
606 765 807 850 praecipuae
831 765 1042 847 quaestiones
1056 761 1156 828 Grae·

45 885 92 926 cos
114 865 201 928 inter
223 875 256 928 et
270 864 408 927 Latinos
431 873 674 942 controversae,
700 862 857 924 nimirum
882 860 923 925 de
947 863 1157 946 processione

42 959 178 1044 Spiritus
200 964 318 1041 saneti,
341 962 383 1026 de
406 983 493 1047 pane
507 959 750 1039 Eucharistico,
773 958 816 1023 de
831 961 946 1042 poenis
963 961 1155 1044 purgatorii.

41 1071 70 1121 et
98 1059 140 1123 de
171 1062 315 1145 primatu
338 1059 479 1123 Romam
507 1057 681 1123 Pontificis
714 1065 1004 1141 pertractarentur.
1050 1056 1156 1121 Eleeti

41 1167 112 1220 sunt
143 1177 186 1220 ex
209 1167 348 1242 utraque
380 1169 473 1242 parte
504 1156 681 1220 duodecim
706 1156 786 1236 viri,
818 1157 875 1240 qui
901 1154 1011 1220 bisin
1035 1155 1157 1221 hebdo·

41 1255 133 1319 made
157 1257 403 1334 convenientes,
427 1257 462 1319 in
486 1255 609 1342 templo
633 1277 658 1320 s.
675 1254 845 1317 Francisci
870 1252 912 1316 de
936 1257 1158 1319 conuorersis

39 1353 184 1416 articulis
207 1352 424 1438 disputarent.

122 1505 178 1570 40.
207 1503 320 1590 Elapsi
345 1517 423 1569 sunt
445 1503 555 1590 plures
579 1525 719 1584 menses,
743 1525 783 1566 ae
809 1499 1023 1566 vehementer
1046 1502 1156 1590 displi-
1188 1512 1312 1561 Nauium

36 1605 102 1666 cuit
115 1603 268 1688 Eugenio
293 1604 416 1686 negotii
433 1601 559 1684 dilatio,
583 1603 775 1686 praesertim
793 1621 897 1686 quum
920 1611 1055 1686 propter
1069 1599 1157 1668 bella
1197 1574 1301 1613 ''m''

35 1713 65 1763 et
97 1699 283 1765 discordias
313 1700 477 1764 adventus
508 1701 699 1785 principum
731 1699 785 1764 vel
818 1713 984 1768 oratorum
1010 1703 1156 1788 ipsorum

28 1799 99 1883 jam
125 1799 311 1883 exspectari
335 1819 401 1863 non
426 1807 554 1884 posset3
586 1797 736 1883 adeoque
769 1802 897 1866 monuit
919 1801 1155 1887 Imperatorem

34 1895 245 1982 reliquosque
269 1893 425 1976 Graecos,
457 1917 560 1982 quum
585 1897 656 1980 ipse
680 1893 846 1978 Pontifex,
880 1897 1074 1984 Imperator,
1099 1897 1157 1962 Pa-

34 1994 198 2075 triarcba,
235 2015 276 2057 ao
308 1992 441 2080 plurimi
480 1991 618 2078 praelati
656 1991 751 2057 latini
783 2005 817 2057 et
845 1998 957 2080 graeci
993 1996 1156 2076 adessent,

33 2090 116 2156 nibil
134 2090 277 2172 obstare,
301 2093 479 2178 quominus
496 2089 683 2156 Concilium
700 2091 839 2158 solemni
856 2094 954 2160 modo
969 2091 1157 2174 haberetur,

33 2201 67 2254 ut
90 2192 264 2274 negotium
288 2189 332 2254 ad
355 2187 485 2254 felicem
510 2190 610 2254 finem
636 2191 734 2254 citius
759 2189 1004 2276 perduceretur.
1051 2191 1157 2277 Impe-

30 2290 152 2352 ratoris
186 2309 278 2352 mens
301 2310 340 2351 ea
363 2298 443 2366 erat,
480 2298 516 2351 ut
546 2289 790 2352 controversiae
814 2299 846 2354 et
870 2289 1091 2354 dissensiones
1116 2287 1157 2352 de

29 2386 191 2470 dogmate
201 2396 362 2471 quantum
376 2385 446 2449 fieri
471 2397 581 2471 posset
603 2397 851 2472 seponerentur,
876 2399 909 2452 et
924 2385 1075 2452 formulis
1087 2389 1157 2473 qui·

29 2483 178 2548 busdam
203 2485 297 2568 vagis
321 2494 354 2548 et
376 2481 598 2568 generalibus,
623 2485 712 2564 uuio,
737 2483 979 2570 adjuvantibus
1002 2487 1157 2571 principi-

31 2581 112 2662 bus,
148 2580 364 2648 obtineretur.
411 2581 478 2646 Sed
511 2581 575 2646 tale
607 2581 823 2647 simulacrum
854 2587 987 2649 unionis
1011 2585 1158 2671 profecto

27 2681 147 2746 Latini
172 2678 347 2744 admittere
372 2703 438 2745 non
461 2691 624 2767 poteraut.
671 2679 850 2766 Propterea
874 2680 1087 2764 insistebant,
1123 2693 1159 2746 ut

25 2780 146 2864 capita
170 2777 385 2844 dissensionis
409 2780 691 2844 examinarentur.
724 2777 798 2859 Qus
823 2781 857 2843 in
882 2802 917 2844 re
941 2780 1018 2844 dein
1036 2777 1156 2844 Graeci

25 2884 212 2942 cesserunt.
259 2875 377 2942 Visum
415 2889 525 2942 autem
557 2891 620 2956 est,
659 2899 728 2942 rem
767 2874 1047 2963 disputationibus
1086 2901 1157 2942 esse

22 2973 210 3060 agendam,
235 2983 268 3036 et
291 2995 333 3037 ex
357 2985 495 3060 utraque
519 2985 613 3061 parte
639 2973 752 3040 decem
771 2975 835 3039 viri
852 2975 939 3040 docti
957 2975 1053 3040 electi
1070 2989 1157 3058 sunt,

23 3076 81 3160 qui
111 3072 359 3158 disputantium
384 3086 495 3157 partes
518 3084 664 3158 agerent.
713 3071 896 3138 EGraeois
920 3073 1055 3160 quidem
1081 3095 1157 3138 cum

20 3171 101 3236 aliis
130 3167 281 3254 deputati
307 3169 441 3235 fuerunt
455 3172 588 3236 Marcus
600 3171 793 3257 Eugenicus
818 3172 1026 3258 metropolita
1051 3171 1157 3257 Ephe-

21 3269 139 3348 si'uus,
164 3265 312 3330 Isidorus
335 3267 487 3350 Russiae,
516 3268 693 3334 Bessarion
719 3269 886 3333 Nicaenus
918 3269 1157 3356 metropolitae,

20 3362 179 3430 blicbattl
216 3362 391 3428 Balsamon
431 3387 571 3449 magnus
610 3364 827 3446 Scriniarius,
873 3365 1031 3431 Silvester
1061 3366 1157 3450 Syro-

19 3462 129 3547 pulus
156 3483 297 3546 magnus
320 3461 568 3544 Ecclesiarcba,
600 3476 633 3527 et
664 3463 720 3527 alii
746 3465 892 3549 quinque
917 3463 1074 3550 praelati,
1115 3486 1156 3527 ex

21 3559 166 3626 Latinis
201 3579 278 3622 vero
312 3560 408 3624 electi
441 3572 518 3625 sunt
551 3560 708 3626 Nicolaus
735 3560 907 3645 Albergati
943 3573 976 3626 et
1001 3562 1159 3628 Julianus

19 3649 207 3724 Caesarini
246 3655 456 3739 cardinales,
496 3658 649 3725 Andreas
687 3659 956 3746 archiepiscopus
995 3659 1155 3736 Rhodius,

15 3757 39 3824 J
42 3777 183 3823 oannes
199 3753 420 3820 Prouincialis
436 3755 552 3822 Italiae
570 3756 610 3822 Ο.
622 3755 654 3824 S.
665 3757 719 3838 1),
743 3757 892 3822 doannes
904 3757 1158 3822 Turrecremata

16 3857 59 3922 Ο.
88 3854 129 3918 S.
158 3853 201 3917 D.
228 3852 363 3940 aliique.

115 3996 177 4062 41.
225 3995 378 4080 Longum
408 4007 494 4060 esset
524 4007 625 4061 totam
659 4018 769 4060 rerum
794 3998 911 4060 seriem
937 3996 1041 4060 fusius
1065 4020 1155 4063 enar·

13 4117 117 4176 rare3
163 4091 241 4158 hinc
272 4092 418 4158 breviter
447 4105 577 4159 tantum
608 4117 693 4180 quae
724 4103 816 4178 gesta
847 4103 880 4158 et
909 4093 1042 4161 decreta
1079 4107 1159 4160 sunt

13 4195 232 4278 referemus,
264 4213 304 4255 ac
334 4191 412 4256 dein
444 4193 606 4278 quasdam
639 4190 843 4277 objectiones
874 4190 927 4255 vel
961 4191 1156 4275 calumnias,
