2916 4842
305 469 357 522 132
465 469 564 522 XXlV.
585 470 623 524 De
641 470 760 524 dissidiis
778 449 909 525 Friderici
928 470 942 523 1
960 485 1019 524 cum
1039 473 1070 526 R.
1091 471 1274 526 Pontificibus.

299 612 492 698 jungendis,
508 613 595 697 ,data
619 613 873 699 dispensatione,
898 625 1145 680 consenserunt.
1154 615 1178 700 ¹)
1225 615 1322 680 Tunc
1340 617 1427 680 Hen-

304 713 393 774 ricus
423 733 443 774 a
471 710 607 775 consilio
639 720 797 796 concepto
830 710 964 794 destitit,
998 719 1030 776 et
1060 735 1080 776 a
1111 713 1237 797 synodo
1261 713 1431 779 Tolosana

304 807 497 872 Alexander
520 808 570 872 III
593 820 630 873 ut
652 807 819 892 legitimus
839 807 995 873 Pontifex
1017 812 1150 894 agnitus
1173 820 1231 878 est.
1267 811 1429 877 Cardine-

302 906 350 970 les
381 909 437 992 qui
470 929 545 971 cum
570 907 761 971 Alexandro
786 905 961 992 Anagniae
989 918 1096 985 erant,
1135 907 1222 973 banc
1260 912 1430 975 rationem

304 1005 424 1088 agendi
449 1006 550 1067 trium
566 1003 794 1069 Cardinalium
819 1007 875 1090 qui
892 1004 1028 1070 adfuere
1044 1006 1183 1089 synodo,
1208 1007 1430 1093 reprehende·

304 1111 398 1184 runt;
430 1100 486 1166 sed
511 1102 649 1188 epistola
672 1103 715 1167 ad
740 1101 811 1172 illos
841 1105 963 1188 scripta
987 1103 1183 1189 Arnulphus
1205 1105 1432 1170 Lexoviensis

304 1201 488 1285 episcopus,
523 1201 578 1286 qui
603 1203 729 1287 etipse
754 1200 891 1264 multum
918 1223 975 1286 pro
1000 1200 1184 1266 Alexandri
1214 1225 1313 1267 causa
1338 1203 1430 1268 labo·

304 1307 444 1380 reverat,
476 1319 531 1363 eos
561 1300 719 1364 defendit.
766 1299 926 1384 Exposita
957 1321 1065 1362 rerum
1097 1300 1303 1385 discrimine,
1341 1303 1452 1366 inter¹

303 1395 368 1459 alia
399 1395 532 1461 scribit:
568 1395 652 1471 Quia
682 1399 781 1484 igitur
812 1397 850 1461 de
879 1395 1013 1460 arbitrio
1043 1399 1126 1484 repis
1149 1398 1326 1484 Aegle-rum
1363 1411 1431 1464 tota

304 1517 400 1557 causa
426 1493 596 1580 pendebat,
626 1495 845 1559 eoeaudieadus
876 1505 945 1558 erat
968 1495 1093 1579 potius,
1122 1518 1215 1580 quom
1245 1499 1431 1562 actoritatis

304 1592 440 1681 alicujus
470 1594 655 1656 austeritate
686 1593 859 1670 terrendus,
895 1592 932 1655 de
960 1594 1049 1679 cujus
1080 1593 1219 1678 simplici
1239 1593 1362 1678 facore
1397 1597 1452 1658 in*

303 1702 454 1778 momento
486 1691 692 1770 Francorum,
731 1689 914 1775 Apulorum,
954 1689 1147 1774 Hispaniae,
1188 1689 1367 1756 Hiberniae
1402 1705 1431 1756 et

301 1789 468 1852 aooisaime
499 1789 593 1851 etiam
618 1789 804 1872 Norroepiue
834 1809 931 1873 reque
962 1787 1130 1873 cepistis.’)
1176 1788 1246 1852 Nec
1268 1790 1435 1854 videntur

303 1907 420 1950 revera
443 1885 605 1971 arguendi
630 1886 675 1950 illi
702 1883 905 1962 CardinaleS,
939 1885 1027 1970 quod
1056 1885 1099 1949 ad
1123 1884 1352 1951 redimendam
1384 1891 1431 1952 in-

297 1985 422 2070 justam
437 1984 659 2065 vexationem,
676 1994 708 2047 et
723 1984 766 2047 ad
783 1982 1025 2064 conciliandam
1041 1985 1127 2067 regis
1144 1983 1431 2068 benevolentiam,
1451 2033 1452 2050 r

303 2081 393 2147 illam
418 2082 695 2167 dispensationem
720 2083 755 2146 in
779 2103 814 2146 se
837 2080 962 2145 licitam
987 2084 1216 2147 concesserint.

143 2211 280 2316 ,ffi‘izr
392 2215 445 2280 34.
493 2215 630 2278 Interim
654 2214 846 2278 Alexander
873 2215 934 2296 Ill,
973 2216 1164 2278 convocatis
1203 2237 1290 2278 anno
1333 2218 1427 2282 1160

140 2304 285 2379 rnosuum.
303 2313 391 2398 apud
423 2314 613 2396 Anagniam
646 2311 881 2378 Cardinalibus
916 2323 948 2377 et
983 2314 1159 2397 episcopis,
1200 2311 1452 2396 Octavianum¹

303 2411 440 2496 ejusque
455 2411 599 2474 fautores
614 2409 824 2474 anathemate
840 2410 997 2497 perculit;
1014 2412 1047 2474 in
1057 2411 1295 2496 Imperatorem
1310 2413 1429 2496 etiam,
1451 2413 1452 2444 ³

303 2529 400 2594 quem
434 2508 555 2572 frustra
583 2508 625 2572 ad
651 2506 786 2572 meliora
809 2509 989 2595 perducere
1013 2510 1165 2590 tentavit,
1199 2513 1431 2574 excommuni-

303 2607 442 2670 cationis
465 2605 541 2669 tulit
563 2609 769 2673 sententiam.
798 2607 987 2672 Fridericus
1004 2607 1107 2691 copiis
1132 2608 1239 2670 missis
1264 2607 1452 2672 ditionem

303 2702 398 2769 Sedis
428 2702 639 2789 Apostolieae
677 2703 856 2786 infestavit,
895 2725 1064 2790 quumque
1100 2705 1170 2789 jam
1206 2703 1356 2790 plurimis
1394 2710 1430 2770 in

302 2801 453 2888 partibus
477 2801 586 2866 hostes
609 2802 849 2888 praevalerent,
876 2802 1066 2868 Alexander
1090 2803 1233 2867 vicarias
1258 2805 1348 2866 vices
1365 2803 1433 2866 Ro-

304 2921 377 2964 mae
401 2901 566 2965 commisit
590 2898 759 2964 Cardinali
782 2901 1007 2979 Praenestino,
1033 2909 1066 2963 et
1087 2899 1230 2963 navibus
1255 2901 1433 2966 Sicilianis

303 2998 480 3083 profectus,
505 2998 654 3083 confugit
677 2999 822 3064 ianuam
848 3001 911 3082 (21.
929 2999 1005 3063 Jan.
1033 2997 1132 3080 1162)
1157 2997 1270 3084 ibique
1294 2998 1452 3068 duobus

303 3095 473 3160 mensibus
502 3106 646 3160 moratus
683 3108 742 3161 est.
804 3097 870 3162 Sed
908 3118 1011 3183 quum
1049 3096 1242 3181 Imperator,
1282 3095 1432 3159 devictis

302 3194 534 3279 Longobardis
568 3217 748 3281 eversaque
772 3193 1012 3260 Mediolanensi
1045 3195 1195 3272 civitate,
1225 3194 1297 3278 jam
1321 3195 1430 3259 Jann-

304 3292 438 3357 ensibus
470 3295 666 3378 immineret,
702 3293 858 3359 Pontifex
892 3292 1041 3376 confugit
1064 3294 1097 3356 in
1123 3290 1282 3374 Galliam,
1313 3291 1372 3355 ubi
1407 3315 1431 3354 a

378 3515 397 3578 ¹)
416 3513 572 3582 Exoptsbat
590 3514 745 3583 nuptiarum
764 3515 961 3579 conclusionem
985 3513 1159 3570 vehementer
1177 3513 1310 3569 Henricus
1330 3514 1366 3574 Π.
1394 3531 1431 3570 eo

303 3595 380 3662 quod,
399 3594 530 3650 conclusis
549 3595 660 3664 nuptiis,
680 3595 770 3650 dotem
779 3596 884 3663 aliquot
897 3595 1069 3650 castellorum
1083 3594 1109 3649 ei
1122 3593 1255 3649 afferebat
1264 3596 1431 3664 Margareta

303 3690 337 3744 ex
363 3680 442 3743 parte
469 3676 556 3742 patris
583 3677 632 3730 sui.
670 3675 702 3729 ld
727 3675 853 3730 videlicet
881 3676 909 3728 in
933 3681 1076 3729 contractu
1103 3675 1262 3743 sponsalitio
1287 3681 1429 3729 statutum

303 3761 371 3811 crat.
409 3755 566 3824 Margareta
593 3761 653 3810 orat
679 3757 841 3823 desponsata
860 3753 983 3822 ilenrico,
1012 3761 1041 3809 et
1062 3755 1144 3823 Juxta
1171 3768 1272 3808 rnorem
1295 3755 1452 3822 temporis,

300 3835 357 3905 jam
375 3836 493 3904 degebat
520 3837 550 3890 in
568 3837 643 3890 curia
661 3836 735 3906 regis
754 3835 879 3904 Angliaa
916 3835 1004 3890 Inscio
1029 3840 1121 3889 autem
1138 3834 1275 3890 Lndovico
1293 3835 1349 3890 VH
1377 3835 1430 3889 illa

302 3916 469 3984 ffispensatio
487 3916 599 3971 obtenta
617 3923 668 3972 cst.
705 3917 761 3972 Nec
779 3917 851 3972 enim
869 3916 913 3972 hic
930 3916 960 3971 in
978 3915 1068 3970 animo
1092 3914 1218 3982 habebat,
1242 3921 1275 3970 nt
1289 3921 1350 3971 tam
1370 3916 1432 3970 cito

302 3996 352 4050 illa
369 3996 482 4050 castella
500 3996 528 4051 in
548 3997 721 4062 Normanuia,
740 3998 773 4052 de
791 4013 903 4064 quorum
920 3995 1090 4065 possessione
1108 3995 1331 4062 contendebatur,
1351 3996 1427 4050 Hen-

302 4075 358 4154 rioo
376 4075 405 4130 II
423 4077 537 4132 cederet.
568 4077 645 4132 Unde
663 4084 726 4146 post
743 4078 854 4146 nuptias
872 4077 956 4132 etiam
974 4077 1100 4132 simultas
1119 4083 1149 4130 et
1165 4075 1265 4131 bellun
1285 4077 1359 4131 inter
1372 4077 1427 4130 Lu-

303 4155 426 4210 dovicum
437 4157 493 4210 VII
511 4163 540 4212 et
557 4156 705 4212 Henricnm
722 4159 751 4212 11
769 4158 869 4212 iterum
886 4163 1054 4222 exarserunt,
1073 4156 1138 4216 licet
1156 4156 1191 4210 ad
1209 4156 1290 4212 breve
1309 4163 1425 4226 tempus.

376 4254 397 4322 ¹)
415 4256 448 4308 V.
468 4255 545 4324 epist.
565 4271 608 4323 ap.
627 4253 835 4322 Watterich,11
864 4257 924 4312 510.
