2828 4842
268 502 307 556 De
326 503 513 558 dissidiosum
532 503 638 557 Joanue
656 502 866 572 Anglicerege.
1082 501 1135 553 269

105 645 160 710 52.
203 645 280 710 Post
302 645 461 710 Richardi
501 657 639 711 mortem
680 647 721 710 de
747 648 823 732 jure
856 646 1076 710 successionis
1099 645 1247 707 inJommes
1258 665 1310 696 m.

35 743 158 826 angliae
180 765 317 827 regnum
342 744 550 830 ditionesquc
574 747 748 809 universas
771 743 1025 825 contentiosnis
1048 744 1136 806 inter

33 841 180 922 dormiam,
218 838 375 906 Richardi
408 843 552 924 fratrem,
593 865 612 906 a
644 842 810 906 Richardo
844 843 878 905 iu
912 861 1134 906 successorem

32 935 222 1019 destinatum,
247 948 281 1003 et
303 929 498 1022 Arthurum,
533 942 686 1004 comitem
710 940 913 1020 Britanniae,
942 939 1013 1024 ejus
1036 959 1134 1022 nepo·

30 1053 91 1114 tem,
120 1039 154 1100 in
183 1056 283 1122 quem
308 1037 464 1102 Gaufridi
495 1040 608 1124 patris,
638 1038 708 1126 (qui
733 1040 828 1123 regni
857 1038 983 1124 absque
1007 1046 1134 1100 contro·

30 1137 121 1198 versia
143 1135 258 1198 haeres
278 1135 395 1200 fuisset
418 1138 445 1200 si
469 1146 633 1221 superstes
656 1138 795 1201 vixisset
818 1135 996 1214 Richardo,
1021 1143 1135 1218 utpote

28 1246 92 1294 natu
115 1233 218 1318 major
233 1234 363 1298 Joanne
383 1233 511 1319 'fratre,)
530 1234 609 1320 jura
631 1234 798 1298 transfusa
821 1233 1033 1298 videbantur.
1061 1231 1133 1296 Bel-

28 1329 80 1393 lum
111 1341 261 1395 exortum
294 1341 359 1414 est,
399 1343 498 1419 atque
529 1331 656 1395 Arthur
688 1334 723 1397 in
755 1333 984 1418 captivitatem
1015 1329 1136 1394 incidit

26 1428 163 1510 Josunis3
190 1429 327 1514 juribus
350 1438 459 1494 umen
485 1431 553 1494 suis
576 1431 767 1494 renuntiare
789 1431 966 1494 recusavit.
1013 1427 1133 1492 Retho-

27 1549 143 1608 magum
167 1526 333 1591 abductus
356 1538 415 1606 est,
454 1528 512 1591 ubi
542 1526 739 1614 paulopost
765 1529 907 1604 interiit3
947 1529 1135 1591 communis

25 1639 118 1688 sutem
150 1624 213 1688 fuit
243 1623 332 1688 illius
361 1627 480 1689 aetatis
510 1627 631 1711 opinio,
668 1649 688 1689 a
711 1626 842 1691 Joanne
871 1647 948 1709 rege
976 1649 993 1689 e
1023 1625 1136 1689 medio

24 1745 85 1785 sum
108 1722 276 1787 sublatum
300 1723 410 1790 fuisse.
448 1722 532 1787 lnde
555 1723 732 1809 Philippus
756 1722 884 1788 Galliae
907 1744 966 1787 rex
990 1725 1133 1788 occasio-

24 1843 84 1883 nem
108 1820 257 1905 arripuit,
283 1829 320 1883 ut
343 1821 524 1886 debellaret
537 1823 721 1903 Joannem,
739 1831 771 1886 et
794 1824 948 1907 quamvis
971 1823 1131 1886 Innocen-

23 1921 74 1980 tius
96 1919 158 1999 111,
182 1926 316 2002 petente
339 1918 479 2001 Joanne,
504 1921 730 2000 interveniret,
759 1929 797 1983 ut
818 1919 861 1984 ad
885 1919 1055 1984 Ecclesiae
1079 1923 1133 1984 tri—

21 2013 108 2079 bunal
132 2017 361 2080 accusationes
385 2019 420 2081 in
444 2039 554 2101 regem
578 2017 695 2082 allatas
717 2017 866 2099 deferret,
890 2019 1132 2082 Normanniam

19 2113 154 2199 aliasque
190 2116 381 2198 provincias
409 2113 584 2200 Philippus
615 2114 662 2178 illi
696 2117 827 2201 eripuit.
873 2114 1019 2179 Domum
1043 2138 1135 2180 anno

22 2211 93 2274 1206
121 2211 279 2276 induciae
309 2215 395 2276 inter
422 2234 516 2297 reges
547 2211 723 2278 conclusae
754 2225 839 2295 sunt,
872 2223 905 2276 et
931 2235 1019 2278 anno
1045 2213 1134 2278 1208

18 2321 197 2375 renovatae.

93 2409 147 2472 53.
195 2409 333 2471 Interim
357 2410 590 2491 gravissimum
625 2408 798 2472 dissidium
823 2409 947 2472 exarsit
969 2411 1056 2472 inter
1078 2409 1131 2472 Iu-

19 2508 196 2570 nocentinm
208 2504 403 2570 Poutilieem
429 2515 461 2570 et
475 2505 640 2571 Joanuem
665 2525 787 2590 regem,
805 2509 978 2571 occasione
1001 2505 1131 2570 electio-

20 2603 57 2665 nis
72 2603 329 2688 archipraesulis
343 2602 602 2670 Cantuariensis.
620 2641 662 2652 -——
680 2605 792 2684 Quum
808 2605 907 2668 iidem
924 2607 957 2668 iu
971 2603 1129 2688 Angliam

19 2701 214 2765 invexissent
245 2703 437 2786 praesertim
462 2702 671 2767 Benedictini
706 2702 871 2784 monachi,
902 2703 980 2767 iude
1003 2704 1130 2766 factum

19 2809 63 2878 est,
85 2811 121 2863 ut
145 2798 308 2863 ecclesiae
332 2799 539 2864 cathedrales
564 2823 622 2864 seu
647 2800 851 2887 episcopales
874 2800 1057 2885 Auglorum
1083 2803 1135 2866 ita

19 2899 293 2977 constituerentur,
318 2907 354 2960 ut
377 2897 531 2962 monaehi
557 2900 590 2962 in
607 2898 764 2985 adjuncto
789 2899 947 2963 coenobio
973 2898 1134 2982 degentes

18 2994 112 3059 cilicia
135 2995 264 3060 ibidem
282 3007 485 3081 peragerent,
511 2995 731 3082 capitulorum
743 2997 821 3082 jura
836 2996 1008 3078 habereut,
1032 2996 1128 3062 adeo·

18 3096 191 3176 quostiam
218 3095 389 3178 episcopos
412 3092 581 3178 eligerent.
614 3095 740 3160 Verum
763 3117 842 3158 mox
859 3094 1002 3179 Angliae
1024 3117 1128 3180 reges,

18 3191 54 3252 nti
76 3201 106 3254 ct
128 3191 205 3254 aliis
230 3193 264 3254 in
289 3193 480 3275 regionibus
504 3193 637 3274 accidit,
662 3213 696 3257 se
720 3191 937 3258 electionibus
961 3195 1127 3279 episcopo·

17 3309 76 3352 rum
112 3290 377 3354 immiscuerunt.
424 3291 594 3355 Influxum
634 3314 729 3356 suum
770 3313 808 3355 eo
834 3293 938 3375 magis
975 3291 1009 3355 hi
1034 3313 1133 3376 reges

18 3385 202 3452 studuerunt
225 3407 388 3467 exercere,
414 3388 501 3474 quod
525 3388 683 3453 baroniae
704 3388 949 3474 episcopatibus
964 3412 1127 3472 annexae,

17 3486 212 3568 praesulibus
237 3507 392 3569 magnam
417 3488 450 3550 in
471 3487 570 3551 rebus
586 3486 729 3573 politicis
753 3497 786 3550 et
809 3486 965 3551 civilibus
988 3490 1128 3551 auctori-

17 3593 102 3648 tatem
126 3581 354 3664 conciliarent,
380 3594 413 3648 et
436 3585 575 3671 proinde
599 3587 760 3672 principis
784 3587 964 3666 interesset,
989 3595 1026 3648 ut
1049 3605 1127 3649 non-

19 3683 68 3745 uisi
96 3684 124 3745 ei
158 3681 265 3746 dediti
290 3682 353 3746 viri
378 3683 421 3746 ad
445 3684 654 3769 episcopatus
683 3692 965 3768 promoverentur.
1014 3681 1128 3761 Quum

20 3799 81 3844 sero
103 3780 376 3866 archiepiscopus
401 3779 660 3863 cantuariensis,
685 3803 751 3868 qua
774 3783 898 3867 primas
913 3779 1066 3865 Anglise,
1091 3783 1126 3846 in

20 3877 149 3942 ecclesiis
173 3876 317 3961 Angliae
342 3889 374 3942 et
398 3880 431 3943 in
455 3877 628 3965 republica
651 3881 867 3965 praecipuum
900 3879 1070 3963 dignitatis
1095 3888 1133 3942 et.

20 3978 208 4040 auctoritatis
240 3975 382 4059 gradum
411 3977 584 4060 obtineret,
617 3981 651 4042 in
677 3978 748 4064 ejus
778 3979 971 4042 electionem
996 3987 1129 4062 praeter

21 4093 112 4156 regem
136 4077 239 4138 etiam
263 4075 409 4160 episcopi
434 4097 509 4138 suas
540 4076 603 4140 sibi
635 4086 744 4162 partes
777 4075 1004 4141 vindicabant.
1052 4076 1127 4140 Hac

21 4173 127 4236 atione
145 4170 226 4257 jura
250 4172 487 4237 monachorum
503 4170 791 4238 (lantuarieusium
813 4174 1027 4239 vehementer
1050 4195 1129 4238 con—

22 4270 260 4354 stringebantur.
298 4291 401 4356 quum
434 4270 629 4358 plerumque
660 4271 776 4336 electio
814 4294 881 4336 nou
912 4273 975 4338 nisi
1014 4273 1129 4358 quoad
