2902 4848
338 463 392 517 326
464 463 577 516 XXXV.
596 465 636 517 De
654 463 755 520 Concil.
774 463 925 518 Basileensi
944 480 976 517 ac
994 465 1027 518 de
1046 464 1153 532 syuodo
1172 465 1334 521 Florentius

338 605 524 688 adhibitas,
549 608 605 670 sed
631 606 766 692 publica
791 619 824 670 et
848 608 989 692 pacifica
1012 608 1133 693 agendi
1158 608 1324 690 libertate,
1351 618 1426 671 totuu

337 705 472 769 unionis
501 707 671 789 negotium
703 705 893 769 Florentiae
923 706 1025 770 fuisse
1054 718 1246 792 peractum,
1282 717 1313 770 et
1336 715 1442 769 contro¹¹

340 823 452 866 versas
476 805 685 889 quaestiones
708 805 856 887 graviter
878 813 912 867 et
935 803 1064 868 erudite
1090 806 1259 889 utrimque
1282 805 1368 868 fuisse
1386 814 1442 866 tre-1

339 911 454 966 ctatas.
500 901 656 966 Pontifex
679 923 759 964 vcro
792 915 825 966 et
848 903 995 987 episcopi
1020 901 1116 966 latini
1140 901 1343 966 Graecorum
1370 919 1442 966 ron-1

339 997 491 1062 meditati
521 1009 683 1085 quantum
706 1011 859 1084 poterant
889 1002 1039 1085 impense
1070 999 1312 1085 providebant,
1341 993 1442 1082 coquel

338 1095 437 1160 valde
469 1097 649 1161 honorifice
680 1107 713 1160 et
736 1095 898 1162 benevole
926 1097 1124 1162 tractabant.
1173 1098 1287 1161 Mores
1314 1095 1442 1190 nectebat¹

339 1195 511 1258 Ferrarius
542 1196 688 1258 maxime
712 1197 913 1280 Imperator3
945 1195 1000 1259 hic
1024 1197 1132 1277 enim,
1161 1197 1211 1258 uti
1235 1196 1442 1277 testaturque*

339 1291 522 1377 Syropulus
544 1293 742 1356 Latinorum
772 1293 1000 1374 adversarius,
1037 1295 1211 1357 venationi
1236 1293 1375 1365 deditus,
1401 1294 1430 1352 iu·

339 1390 547 1454 choationem
573 1388 714 1455 Concilii
740 1394 897 1456 continuo
922 1390 1117 1472 differebat,
1142 1390 1257 1478 plures
1281 1393 1428 1477 principun

338 1498 483 1552 oratores
515 1499 547 1551 et
577 1490 750 1574 episcopos
781 1489 896 1553 adesse
930 1489 1133 1554 desiderans.
1185 1487 1348 1554 Taedium
1373 1498 1428 1548 reru

339 1586 507 1672 quoddam
531 1583 669 1650 Graecis
704 1608 747 1650 ex
770 1585 923 1651 absentia
958 1609 1019 1651 sua
1042 1610 1061 1650 a
1087 1589 1195 1673 patria
1219 1589 1301 1651 oriri
1331 1597 1427 1671 poterut

338 1683 395 1748 sed
425 1688 576 1770 ineptum
607 1683 705 1769 plane
738 1693 804 1764 est,
844 1685 922 1749 inde
946 1695 1094 1770 repetere
1124 1705 1326 1750 consensum
1352 1701 1428 1746 eoruu

337 1781 381 1846 ad
406 1783 576 1848 unionem.

85 1873 95 1888 “
175 1901 328 1942 seruere·
426 1881 482 1945 50.
511 1881 564 1944 Ex
589 1890 676 1944 statu
699 1901 809 1944 rerum
833 1881 931 1944 facile
955 1881 1160 1966 intelligitur,
1187 1873 1427 1966 quomodonrlr·

176 1967 229 2006 ‘¹¹¹¹
243 1977 426 2061 maroli,
452 2001 592 2064 quorum
617 1977 727 2064 plures
750 1989 846 2043 erant
868 1981 1061 2064 praesertim
1086 2001 1128 2042 ex
1153 1977 1288 2042 clericis
1312 1973 1422 2040 inferiori-

339 2075 419 2158 bus,
457 2079 569 2140 omnia
605 2078 639 2138 in
675 2075 797 2139 malam
832 2087 960 2160 partem
996 2087 1125 2140 vertere
1162 2086 1312 2161 possent
1356 2073 1421 2152 Qum

339 2173 526 2241 Orientales
557 2195 665 2237 rerum
690 2183 835 2257 egestate
866 2182 1112 2259 premerentur,
1145 2173 1323 2257 Eugenius
1345 2169 1380 2235 IV
1394 2187 1424 2226 rr-

338 2295 459 2358 pensas
483 2293 598 2336 omnes
621 2271 797 2349 adventus,
822 2274 1091 2336 commorationis
1115 2281 1149 2335 et
1166 2271 1299 2336 reditus
1323 2269 1428 2350 terpu-

339 2389 505 2451 sonarum,
530 2371 754 2455 Imperatoris,
771 2369 994 2452 Patriarcbae,
1018 2370 1263 2455 Episcoporum
1282 2389 1355 2433 cum
1367 2363 1430 2428 coul·

339 2468 428 2533 tibus
458 2468 586 2533 solvere
610 2465 771 2546 debebat,
808 2478 909 2553 etque
933 2470 1003 2553 ipse
1036 2469 1069 2532 in
1094 2469 1227 2553 magnis
1250 2467 1430 2552 pecuniarum

339 2568 502 2651 angustiis
533 2567 732 2628 constitutus
762 2577 849 2647 erat,
876 2566 965 2630 'dum
1003 2569 1191 2630 necessaria
1223 2561 1369 2630 subsidia
1390 2577 1432 2620 utu

340 2687 470 2750 semper
492 2664 656 2728 adessent.
703 2663 743 2728 Id
768 2662 886 2727 velex
911 2684 949 2727 eo
975 2663 1086 2746 vides,
1110 2662 1199 2749 quod
1226 2684 1347 2749 quum,
1368 2669 1433 2743 pet

308 2767 312 2776 '
339 2761 441 2826 lentia
465 2763 637 2826 Ferrariee
661 2771 833 2846 grassante
868 2759 1066 2848 (Syropulus
1089 2783 1121 2846 p.
1145 2761 1245 2840 144),
1284 2755 1434 2824 Concilium

338 2863 367 2926 F
369 2861 542 2926 lotentiam
567 2860 743 2924 transferre
769 2857 884 2940 vellet,
920 2857 1021 2944 idque
1045 2859 1244 2946 Imperatori
1270 2855 1432 2942 displiceret

339 2945 1432 3043 EugeniushuicetiamexposuitFlorentinospuratosessecoruur

339 3059 419 3123 dare
436 3078 590 3142 magnam
609 3056 771 3140 pecuniae
793 3076 958 3118 summum
978 3055 1061 3120 adeo
1079 3077 1138 3140 pro
1151 3056 1311 3139 expensis
1323 3069 1428 3116 necessi

339 3159 433 3221 riam
481 3155 525 3218 Et
559 3155 713 3240 quamvis
747 3151 903 3216 Pontifex
937 3163 1036 3217 antea
1071 3163 1239 3233 censeret,
1275 3145 1435 3214 evitantur

339 3277 410 3320 esse
441 3253 699 3341 publicationem
725 3249 1006 3334 indulgentiarum
1040 3260 1076 3314 ut
1099 3249 1251 3315 subsidia
1281 3247 1436 3312 obtinere:-

312 3365 410 3434 .tur,
446 3364 555 3417 tamen
590 3371 692 3436 quum
717 3347 904 3413 Concilium
929 3347 1142 3412 inchoaretur
1174 3347 1209 3411 id
1233 3347 1330 3428 fecit,
1363 3357 1436 3424 usqu«

339 3450 454 3516 fideles
477 3449 705 3530 eleemosynas
736 3445 780 3510 ad
805 3448 974 3528 negotium
998 3445 1080 3511 illud
1105 3447 1198 3531 pium
1224 3437 1436 3512 conficiendum

340 3548 538 3630 conferrent,
562 3546 711 3610 hortatus
734 3555 792 3610 est.
834 3544 904 3608 Nec
927 3555 1057 3608 tantum
1080 3541 1313 3630 praesentibus
1329 3535 1437 3606 Grau-ri:

339 3646 490 3711 subsidia
514 3645 609 3727 data,
633 3642 815 3707 sedetiam
841 3640 1163 3727 Constantinopolim
1189 3641 1288 3704 missa
1312 3648 1396 3702 sunt.
1415 3644 1436 3689 n

340 3746 460 3810 civitas
485 3753 599 3808 contra
613 3741 740 3806 Turcas
765 3743 959 3805 muniretur.
976 3777 1020 3786 -—
1044 3739 1168 3804 Graeci
1193 3739 1348 3802 continno
1371 3753 1435 3806 urtu-

342 3843 433 3925 bant,
458 3851 495 3906 ut
518 3840 669 3906 subsidia
692 3840 886 3925 pecuniaria
909 3840 1070 3924 promissa
1094 3836 1308 3917 solverentur,
1331 3855 1367 3896 ac
1388 3829 1435 3932 eijr

340 3941 459 4006 solutio
484 3939 619 4004 doretru
648 3940 720 4002 sive
744 3937 1007 4023 protraheretur,
1042 3935 1121 4002 iude
1145 3931 1297 4000 malevoli
1323 3949 1435 3996 occasu

340 4061 416 4103 nem
450 4035 649 4122 carpebant,
686 4045 723 4098 ut
745 4034 800 4098 vel
832 4034 1076 4098 devexatione
1106 4031 1159 4096 vel
1192 4030 1233 4096 de
1256 4027 1435 4110 corruption<

340 4145 631 4224 conquererentur.
672 4133 765 4197 idem
789 4131 901 4212 fiebat,
926 4131 1006 4196 dum
1031 4129 1281 4216 pauperioribus
1296 4124 1436 4206 aliisque

340 4257 406 4321 que
430 4233 525 4298 donis
548 4231 790 4295 subveniretur.
839 4230 1015 4294 Caeterum
1036 4227 1220 4312 Imperator
1241 4219 1429 4308 hospitalite-
