2916 4842
306 463 359 516 112
484 457 584 513 xxvi
603 457 644 512 De
661 457 781 539 dissidiis
799 457 929 513 Friderici
948 457 962 511 Ι
986 473 1046 512 cum
1065 457 1097 514 R.
1117 457 1302 512 Pontificibus.

302 615 427 670 caetera
450 605 566 668 dictnm
580 601 689 689 fnisse
712 611 909 689 acceperant,
933 602 1102 688 dipsitatis
1125 611 1155 666 et
1176 600 1305 667 donaris
1322 602 1445 689 pleni·

303 703 442 767 tudinem
472 701 535 765 sibi
567 724 588 765 a
611 702 754 765 Romano
780 700 929 785 Pontiflee
961 697 1112 764 collatam
1134 711 1163 764 et
1185 701 1309 785 insipne
1331 703 1445 787 impe-

301 800 397 866 riclis
427 823 560 866 coronae
594 799 633 863 de
661 822 758 862 monn
790 801 856 886 ejas
885 797 1110 884 Imperatdrem
1148 800 1333 885 suscepisse,
1381 823 1445 863 osec

302 899 404 985 ipsam
429 899 595 986 poenitere
629 899 658 960 si
687 901 812 987 majora
834 895 1027 981 „beneficia“
1055 897 1093 961 de
1116 919 1213 961 mann
1236 901 1304 986 ejns
1327 919 1444 962 mesce-

296 998 410 1084 pisset,
434 995 544 1059 debita
567 995 830 1073 consideratione,
855 1005 976 1080 quanta
998 995 1159 1059 Ecclesiae
1182 997 1350 1064 Romanae
1375 1019 1447 1081 per

304 1096 409 1181 ipssm
428 1104 559 1180 possent
582 1093 775 1157 incrementa
797 1103 828 1157 et
851 1093 1012 1158 commoda
1033 1093 1213 1179 prevenire.
1258 1092 1367 1178 Atque
1394 1094 1445 1156 ad

303 1194 411 1257 domm
439 1192 601 1256 verborum
633 1192 776 1256 strictam
807 1193 1035 1277 expositionem
1065 1215 1103 1254 ac
1131 1191 1300 1276 praefatae
1331 1191 1444 1254 inter·

298 1292 494 1376 pretationis
510 1288 607 1373 sidem
630 1289 794 1353 auditores
815 1288 998 1371 indnaeerat,
1028 1289 1110 1375 qnod
1134 1312 1155 1352 a
1177 1285 1341 1353 nosinnllis
1371 1291 1443 1354 Ra·

303 1411 469 1453 manorum
484 1398 595 1451 temere
611 1386 772 1473 affirmari
784 1399 948 1466 noverant,
972 1389 1138 1473 imperinm
1152 1386 1241 1450 urbis
1257 1395 1286 1448 et
1300 1409 1444 1469 reynnm

303 1479 450 1550 Italicum
479 1485 650 1549 donatione
675 1485 859 1569 Pontificum
889 1507 977 1570 repes
1006 1494 1130 1549 nostros
1152 1485 1301 1548 hactenns
1320 1507 1444 1569 posse·

304 1584 399 1665 disse,
423 1584 516 1670 idque
539 1605 604 1646 non
627 1580 729 1646 solnm
752 1583 861 1661 dictis,
886 1583 941 1647 sed
965 1592 994 1646 ct
1019 1584 1146 1669 scriptis
1178 1592 1269 1669 otone
1289 1583 1443 1668 picturis

304 1692 544 1770 repraesentare
568 1691 598 1744 et
622 1680 666 1744 ad
682 1691 829 1768 posteros
854 1682 1075 1746 transmittere.
1116 1680 1204 1745 Unde
1227 1680 1265 1744 de
1289 1681 1444 1766 Impera·

305 1789 371 1844 tore
394 1779 545 1844 Lotlsorio
569 1780 604 1843 in
622 1776 752 1866 palatio
777 1778 988 1842 lateranensi
1009 1801 1104 1865 snper
1126 1778 1306 1870 lnjnsmodi
1323 1781 1443 1864 pictu-

303 1901 373 1942 ram
397 1879 547 1964 scriptum
570 1888 636 1942 est:

411 1976 484 2039 Rea
508 1977 592 2038 venit
615 1987 689 2040 ante
713 1975 809 2054 fores,
826 1978 946 2064 jurans
963 1977 1060 2062 prins
1082 1974 1171 2039 urbis
1193 1975 1335 2056 tonores,

412 2073 488 2137 Post
508 2073 596 2137 domo
611 2073 654 2158 fit
673 2074 793 2160 Papae,
818 2074 911 2136 snmit
934 2095 993 2158 qno
1017 2073 1113 2138 dante
1136 2094 1291 2136 coronam.

307 2170 399 2236 Talis
424 2172 554 2258 pictore
587 2171 721 2256 talisqne
757 2171 981 2258 superscriptio
1009 2170 1168 2257 principi,
1202 2167 1330 2254 qnando
1367 2169 1442 2234 alio

305 2292 389 2333 anno
420 2271 505 2332 circa
539 2259 651 2332 Urbem
672 2267 801 2354 suerat,
833 2292 895 2355 per
916 2267 1031 2352 fideles
1060 2269 1191 2356 imperii
1221 2265 1330 2331 delato
1365 2294 1442 2334 cnm

304 2367 495 2430 vehementer
517 2365 742 2452 displicuisset,
774 2367 878 2429 amica
895 2367 990 2452 prins
1015 2367 1187 2429 invectione
1203 2365 1438 2452 praecedente,

306 2464 544 2528 laudamentum
570 2487 592 2526 a
619 2463 712 2550 Papa
735 2463 882 2527 Adriano
913 2465 1070 2549 accepisse
1101 2474 1303 2541 memoratur,
1335 2475 1378 2528 ut
1412 2477 1445 2529 et

306 2562 467 2648 scriptore
487 2563 613 2646 pariter
636 2573 728 2648 atque
747 2563 879 2648 pictura
902 2561 977 2624 talis
1001 2562 1040 2625 de
1064 2561 1164 2625 medio
1189 2559 1366 2640 tolleretur,
1399 2589 1442 2629 ne

308 2671 373 2724 tarn
394 2682 480 2722 vanc
502 2681 552 2722 res
575 2662 702 2724 momnis
724 2661 759 2723 in
783 2658 856 2724 orbe
879 2661 957 2723 ciris
982 2659 1133 2745 litipandi
1164 2670 1195 2722 et
1223 2659 1447 2726 discordandi

303 2757 458 2843 praebere
477 2767 587 2843 posset
609 2757 816 2838 materiam.¹)

159 2923 278 2965 Rohndn
401 2906 452 2971 13.
498 2909 710 2993 Imperatoris
740 2917 773 2971 et
795 2928 970 2994 procerum
993 2909 1043 2971 irs
1066 2916 1099 2971 et
1121 2907 1306 2992 indignatio
1331 2910 1443 2972 etiam

184 2984 252 3028 Μ’
310 3013 408 3069 sucis
447 3013 509 3088 est,
549 3027 652 3091 quum
679 3005 850 3070 Rolsndus
884 3003 982 3070 Cerd.
1019 3004 1258 3088 cancellarius,
1297 3007 1444 3070 nativae

309 3103 546 3187 significationi
579 3105 671 3168 vocis
704 3103 898 3185 „beneficii“
936 3105 1100 3180 insistens,
1133 3113 1165 3168 et
1194 3105 1319 3169 mirans
1342 3105 1444 3190 quod

308 3210 438 3266 tantum
462 3200 639 3266 tumultum
665 3205 825 3267 excitaret
848 3201 1001 3287 epistole,
1032 3203 1139 3287 (cujus
1163 3201 1244 3266 forle
1268 3201 1338 3286 ipse
1366 3214 1444 3266 erat

308 3302 507 3386 praecipuus
531 3302 668 3382 auctor),
701 3300 873 3364 subderet:
906 3301 1019 3387 Aqno
1049 3322 1121 3385 erpo
1144 3299 1245 3378 labet,
1270 3301 1300 3362 si
1324 3323 1344 3363 a
1371 3301 1442 3365 Do·

309 3400 393 3462 mino
418 3399 511 3484 Papa
533 3399 721 3477 non-habet,
744 3400 933 3485 imperinm?
955 3399 1057 3462 Hisce
1079 3398 1213 3480 auditis,
1237 3395 1315 3462 Otto
1339 3396 1442 3462 Pels-

308 3499 416 3578 tinus,
456 3507 569 3568 exerto
605 3495 716 3581 gladio
761 3499 883 3561 cervici
922 3496 1022 3580 legati
1067 3505 1205 3560 mortem
1244 3496 1441 3560 intentavit.

309 3593 501 3658 Fridericus
525 3603 603 3658 tunc
628 3595 761 3680 quidem
786 3595 965 3659 tumultum
990 3597 1205 3681 compescuit3
1230 3593 1286 3658 sed
1307 3593 1442 3680 legatos

310 3695 389 3757 satis
413 3693 633 3776 ignominiose
657 3693 783 3758 dimisit
806 3703 838 3757 et
861 3702 951 3758 recta
963 3695 1019 3757 vis
1031 3693 1171 3757 Romam
1190 3693 1290 3778 jussit
1312 3691 1440 3758 redire.

339 3875 524 3884 -—-—..

386 4007 405 4070 ¹)
425 4006 458 4060 V.
479 4004 641 4070 walterich,
660 4003 697 4058 H.
716 4004 778 4059 360.
812 4035 837 4044 -
868 4003 931 4058 Jsm
955 4002 1130 4068 advertimus,
1158 4001 1305 4057 hominium
1332 4003 1360 4057 in
1386 4002 1441 4056 ilia

312 4086 490 4153 inscriptione
507 4092 743 4146 commemoratum
760 4084 859 4148 reterri
869 4084 1096 4153 adjuramentum
1107 4083 1227 4147 hominii,
1246 4082 1316 4149 quod
1333 4082 1441 4138 Lotis-

312 4167 369 4221 rius
386 4168 527 4244 praestitit
553 4184 602 4235 pro
621 4166 752 4224 concessis
775 4165 803 4219 in
826 4164 938 4222 feudum
961 4163 1172 4233 possessionibus
1190 4162 1343 4228 diethildis,
1379 4177 1439 4216 non

314 4262 379 4302 vero
398 4248 433 4301 sd
451 4247 622 4302 collationem
640 4262 754 4300 coronae
772 4245 927 4313 imperialis.
