2814 4848
315 419 369 471 426
512 417 641 471 XXVIII.
663 417 701 471 De
720 423 794 470 statu
814 417 950 471 societatis
969 417 1061 474 christ.
1081 435 1151 474 saec.
1171 420 1247 475 XIII.

315 561 440 646 ejulatu
464 559 577 642 flebili,
603 560 658 623 hic
681 561 797 641 femur,
830 560 884 624 hio
914 571 1029 646 pectus
1060 565 1095 626 in
1124 563 1283 628 iudicium
1313 563 1396 628 dolori

315 662 545 747 percutientes,
575 659 634 722 vix
657 683 677 723 a
700 659 864 745 profluvio
888 658 1111 744 lacrymarum
1136 683 1171 724 se
1194 665 1396 740 continuerunt

314 759 359 822 Et
382 759 429 821 ait
453 760 613 840 magister
627 757 828 822 Thaddaeue
853 767 1069 822 memoratus:
1092 760 1172 822 Dies
1186 763 1260 839 ista,
1276 761 1396 844 diesirm

314 855 508 922 calamitatis
532 867 561 920 et
583 858 738 919 miseriae.
786 857 951 920 Dominus
982 857 1084 940 igitur
1106 857 1208 943 Papa,
1240 872 1272 922 et
1294 855 1396 934 Praelal

314 954 497 1018 assidentes
523 952 682 1031 Concilio,
715 952 863 1017 candelis
887 955 1038 1017 accensis
1071 955 1104 1017 in
1137 955 1264 1020 dictum
1293 955 1396 1042 Imperi

314 1061 417 1116 torem
442 1051 661 1133 Fridericum,
693 1053 749 1137 qui
776 1051 917 1137 jamjam
941 1051 1126 1137 Imperator
1158 1075 1223 1117 non
1255 1065 1303 1116 est
1332 1051 1396 1126 nomi

313 1149 454 1231 naudus,
479 1149 680 1230 terribiliter,
708 1149 940 1214 recedentibus
964 1160 998 1213 et
1020 1151 1166 1215 confusis
1190 1152 1262 1237 ejus
1286 1169 1396 1252 procurp

312 1247 448 1330 toribus,
467 1247 739 1333 fulguraruut.“¹)

1395 1313 1396 1340 l

401 1357 455 1419 44.
481 1354 617 1419 Studuit
640 1354 775 1440 quidem
800 1379 824 1421 s.
849 1355 1043 1419 Ludovicus
1067 1355 1117 1419 IX
1146 1355 1257 1442 aliquo
1282 1353 1396 1440 tempori

313 1457 418 1538 spatio
449 1453 617 1517 adducere
641 1455 873 1517 Innocentium
898 1453 957 1532 IV,
991 1465 1028 1516 ut
1052 1453 1260 1518 Fridericum
1286 1437 1396 1518 exsucti

312 1562 420 1615 ratum
446 1553 480 1615 in
503 1554 644 1634 gratiam
668 1573 782 1615 rursus
801 1553 972 1636 reciperet.
1019 1549 1243 1614 Permovebat
1266 1552 1393 1635 religiosi

313 1652 433 1713 simum
457 1651 643 1735 principem
672 1649 962 1713 instaurandsrum
986 1647 1103 1732 Syriae
1127 1671 1237 1713 rerum
1263 1651 1393 1735 cupidita

314 1769 415 1834 quum
440 1748 696 1832 prudentissime
730 1749 946 1832 praesagiret,
978 1747 1197 1811 ordinandam
1223 1771 1243 1811 a
1268 1771 1303 1812 se
1326 1751 1396 1912 irrep

314 1847 512 1910 tentissimos
550 1845 659 1910 hostes
694 1867 820 1909 sacram
859 1845 1105 1930 expeditionem
1142 1868 1260 1930 parum
1300 1846 1396 1940 felicit¹

268 2009 270 2012 ,
313 1945 500 2008 confectum
534 1945 589 2024 iri,
626 1945 651 2007 si
682 1943 848 2009 Occidens
879 1942 1036 2007 civilibus
1066 1943 1249 2028 Imperium
1286 1946 1363 2008 inter
1392 1949 1396 2030 l

313 2043 498 2107 Ecclesiam
531 2042 626 2106 bellis
661 2041 801 2106 arderet.
860 2039 925 2105 Sed
959 2043 1113 2127 quamvis
1143 2041 1241 2126 plura
1275 2033 1396 2126 colloqui

312 2164 388 2204 cum
404 2140 567 2206 Pontifice
591 2141 653 2206 ista
677 2139 717 2203 de
734 2161 769 2202 re
786 2139 940 2203 habuerit
963 2161 987 2205 s.
1001 2138 1203 2218 Ludovicus,
1229 2141 1349 2204 effectu
1363 2141 1385 2223 ej

311 2241 510 2304 interventio
536 2239 650 2302 caruit.
698 2237 768 2302 Nec
792 2235 931 2301 dubium
957 2247 1015 2315 est,
1040 2235 1203 2300 Friderici
1224 2237 1258 2302 ll
1283 2236 1396 2322 superb

309 2337 434 2400 factum
460 2358 541 2415 esse,
566 2346 603 2398 ut
625 2333 850 2399 reconciliatio
882 2335 1023 2399 obtineri
1055 2356 1120 2398 non
1152 2347 1275 2420 posset.
1324 2337 1396 2422 Quat

309 2437 398 2499 enim
423 2435 578 2499 Pontifex
602 2433 796 2520 postularet,
829 2443 864 2496 ut
887 2437 958 2497 siue
982 2433 1057 2497 ullis
1082 2433 1333 2499 conditionibus
1362 2423 1396 2518 ip'

308 2555 378 2597 sese
403 2532 575 2597 Ecclesiae
599 2530 816 2613 submitteret,
849 2532 1038 2596 Frideri'cus
1070 2541 1199 2596 tantum
1232 2533 1364 2618 salvisj
1395 2603 1396 2610 χ

307 2630 369 2694 bus
393 2631 529 2716 imperii
555 2641 588 2694 et
610 2651 786 2715 regnorum
811 2651 955 2712 suorum,
985 2627 1119 2715 „quibas
1143 2641 1273 2694 auctore
1297 2611 1396 2694 Douril

303 2729 542 2814 praesidebat“,
567 2729 726 2793 offerebat
749 2729 1006 2792 satisfactionem
1028 2726 1175 2792 debitam
1193 2741 1370 2814 praestare.
1391 2715 1396 2794 l

306 2827 376 2911 ipse
410 2829 444 2891 in
476 2827 614 2913 epistola
644 2827 686 2891 ad
720 2826 863 2910 Angliae
893 2847 1003 2910 regem
1036 2825 1192 2912 scribit.²)
1239 2827 1322 2892 Jam
1354 2795 1396 2894 roi

305 2925 466 3009 ejusmodi
492 2927 652 3012 principis
677 2924 788 2988 callidi
813 2926 1083 3010 propositionem,
1114 2947 1217 3010 quum
1236 2925 1313 3010 jam
1339 2919 1396 3000 totil

304 3025 331 3086 is
355 3023 551 3088 Pontificem
576 3035 608 3086 et
632 3023 816 3086 Ecclesiam
842 3023 1036 3107 decepisset,
1062 3025 1281 3088 Innocentius
1306 3023 1353 3088 lv
1374 3015 1396 3118 ³i

303 3123 431 3184 mittere
458 3144 522 3185 uon
548 3131 687 3206 poterat.
735 3119 912 3185 Caeterum
943 3120 1127 3185 testabatur
1156 3122 1226 3205 ipse
1261 3125 1331 3208 regi
1355 3121 1396 3210 Θή

301 3218 376 3300 liae,
402 3241 566 3284 summam
590 3241 723 3305 operam
748 3243 783 3283 se
808 3241 937 3305 semper
963 3219 1166 3297 adhibuisse,
1191 3232 1228 3282 ut
1253 3213 1396 3298 conflicti

302 3338 377 3379 cum
395 3316 566 3381 Friderico
582 3329 843 3404 componeretur.
879 3320 990 3382 Varum
1006 3319 1085 3381 scira
1101 3329 1129 3380 tc
1144 3316 1300 3397 volumus,
1317 3309 1396 3396 scrili

301 3417 335 3477 in
360 3414 499 3500 epistola
530 3415 573 3479 ad
597 3415 809 3480 Ludovicum
834 3417 895 3498 IX,
929 3417 1012 3502 parad
1034 3439 1093 3480 aas
1116 3427 1146 3479 et
1166 3415 1298 3500 fratres
1330 3401 1396 3492 uasti

300 3512 340 3576 ab
360 3537 395 3576 co
420 3523 567 3594 tempore,
595 3538 654 3599 quo
672 3515 798 3600 fuimus
821 3539 919 3601 supra
946 3517 1084 3600 repimca
1106 3515 1302 3579 uniuersalis
1328 3511 1396 3576 Eri-li

299 3614 365 3674 siae
389 3613 561 3688 coristituti,
594 3637 689 3697 aspice
719 3614 763 3676 ad
792 3625 911 3699 tempus
938 3612 1073 3677 Caecilii
1097 3611 1329 3697 chprlrsacasis,
1363 3617 1396 3676 tol

1395 3803 1396 3856 l

372 3887 392 3946 't
412 3886 452 3939 sd
472 3903 495 3940 a.
519 3887 622 3940 12451.
642 3903 662 3940 c
690 3917 723 3926 —
749 3887 857 3940 Natalis
876 3885 1030 3940 Alexander
1053 3901 1101 3952 pro
1120 3885 1246 3951 opinione
1271 3903 1323 3940 sua
1342 3877 1396 3956 Gall

297 3979 364 4018 cana
383 3965 520 4030 dimicans,
540 3966 617 4018 inani
636 3965 726 4019 labore
752 3966 853 4019 nititur
872 3965 1013 4020 ostendere
1032 3964 1061 4018 iu
1080 3965 1149 4018 Diis.
1169 3965 1194 4018 V
1213 3966 1242 4018 iu
1261 3981 1331 4020 saec.
1345 3959 1396 4018 xui

297 4044 341 4097 Dc
363 4045 486 4098 Concilio
508 4047 694 4114 Imprluuausi
715 4048 737 4110 I,
756 4047 888 4112 synodum
907 4052 1012 4114 partem
1031 4061 1084 4098 uon
1103 4043 1230 4098 habuisse
1249 4046 1277 4099 in
1298 4047 1345 4100 illa
1363 4053 1396 4100 set

193 4145 195 4150 ·
297 4125 395 4180 tentia.

371 4207 392 4274 t)
412 4204 445 4259 V.
465 4220 507 4272 ap.
529 4205 659 4271 Rayuald.
680 4206 714 4258 ad
732 4222 757 4258 a.
780 4207 848 4259 1246
866 4221 892 4258 n.
914 4207 955 4258 27.
