2902 4848
381 508 422 562 De
440 507 662 562 condemnatione
680 507 783 564 Hussii.
926 532 930 542 ·
1061 533 1064 540 ·
1105 509 1157 562 337

44 651 217 735 judicatam
243 651 414 716 custodiae
437 651 578 715 traditus
602 664 701 732 esset,
736 661 769 716 et
792 674 894 738 quum
919 649 1039 716 absens
1062 663 1156 736 esset,

48 748 101 811 hac
130 749 173 812 de
206 770 241 813 re
272 770 331 834 per
361 749 494 812 nuntios
527 759 727 834 conquestus
758 759 816 814 est.
870 749 999 814 Pariter
1030 748 1157 815 nobiles

45 844 174 910 Bohemi
224 848 478 932 protestationes
531 857 646 911 contra
694 847 989 912 incarcerationem
1042 845 1156 914 Hussii

45 946 224 1012 amiserunt.
273 943 340 1010 Sed
363 944 479 1008 aderat
502 945 664 1008 motivum
685 944 885 1031 ¹juridicum,
920 954 958 1009 ut
987 944 1176 1028 custodiae

44 1041 229 1122 traderetur,
254 1063 291 1106 eo
316 1041 405 1128 quod
429 1051 546 1106 contra
569 1045 819 1128 suspensionem
843 1066 863 1106 a
886 1043 1017 1108 Ioanne
1034 1041 1156 1108 XXIII

41 1141 95 1224 ipsi
120 1139 283 1205 inflictam
309 1139 424 1204 divina
448 1150 629 1225 perageret,
654 1149 687 1204 et
702 1163 767 1206 non
785 1140 996 1205 obstantibus
1022 1141 1156 1234 monitis

40 1239 180 1323 episcopi
211 1235 493 1320 constantiensis,
532 1231 789 1302 allocutionibus
827 1247 859 1301 et
893 1237 1156 1302 discussionibus

39 1337 99 1398 sais
132 1335 252 1400 multos
285 1345 496 1420 perverteret.
546 1334 642 1400 Certe
674 1335 813 1420 legitimi
839 1347 871 1400 et
895 1335 1053 1400 ordinarii
1085 1335 1156 1420 ejus
1237 1359 1241 1368 ·

32 1431 160 1516 jndices
192 1432 290 1496 talem
322 1433 431 1496 virum
460 1433 681 1517 periculosum
715 1443 747 1496 et
777 1433 818 1498 de
850 1432 978 1498 haeresi
1010 1433 1155 1498 maxime

36 1542 234 1618 suspectum,
258 1540 296 1594 nt
312 1529 482 1594 custodiae
499 1531 657 1596 honestae
675 1531 881 1612 mandarent,
902 1532 958 1616 jus
974 1529 1152 1596 habebant.

36 1627 139 1716 quue
163 1633 261 1695 etiam
288 1649 366 1692 mox
390 1627 625 1712 Sigismundus
650 1631 833 1715 Imperator
857 1631 1003 1714 agnovit.

118 1747 175 1811 58.
224 1743 347 1809 Contra
372 1747 568 1809 sententiam
592 1744 732 1810 Consilii
760 1745 919 1810 Hussium
943 1742 1154 1830 persalsum

27 2430 193 2496 Hussium
218 2429 352 2515 publice
376 2430 548 2518 alloquens
572 2430 715 2513 dicebat,
741 2453 774 2496 se
799 2430 927 2495 salvum
953 2430 1152 2494 conductum

27 2531 53 2591 ci
79 2531 298 2608 concessisse,
324 2538 361 2591 ut
383 2528 759 2595 securusConstantiam
785 2529 973 2615 perveniret
996 2537 1095 2613 atque
1120 2529 1154 2592 in

24 2627 167 2711 publica
200 2625 371 2690 audientia
404 2627 445 2690 de
478 2627 543 2692 fide
575 2651 634 2692 sua
665 2630 825 2693 rationem
859 2625 996 2690 reddere
1028 2637 1152 2710 posset;

23 2727 79 2789 sed
117 2748 155 2788 se
189 2723 373 2789 declarasse
410 2725 567 2790 membris
603 2727 855 2806 commissionis,
896 2746 930 2787 se
966 2721 1153 2787 nullatenus

22 2821 235 2888 haereticum
261 2822 346 2886 velle
372 2824 560 2906 defendere,
585 2835 619 2889 at
643 2824 696 2888 vel
721 2823 825 2888 solum
852 2821 935 2886 velle
960 2819 1153 2885 comburere

21 2921 139 3000 talem,
164 2921 221 3006 qui
243 2909 431 2986 ¹obstinatus
455 2923 489 2986 iu
515 2922 641 2987 haeresi
666 2921 970 3008 perseve1·avcrit.¹)
1011 2919 1153 2984 Hussius

19 3031 144 3083 contra
168 3017 252 3081 haec
276 3018 366 3082 nullo
392 3020 489 3084 modo
520 3031 717 3108 protestatus
742 3030 800 3086 est.
832 3058 874 3066 -
905 3017 1019 3082 Mense
1044 3015 1152 3102 Aprili

17 3142 47 3182 a.
78 3117 171 3181 1415
205 3116 448 3201 Sigismundus,
482 3140 545 3204 quo
579 3142 694 3183 omnes
725 3127 856 3204 cogeret
879 3125 916 3180 ut
940 3113 1152 3179 Constantine

14 3223 248 3292 remanerent,
275 3217 407 3279 nemine
432 3217 677 3281 contradicente
703 3239 816 3282 omnes
839 3214 948 3278 salvos
969 3211 1153 3276 conductus

16 3311 256 3394 annihilavit,
289 3335 332 3376 ex
367 3335 431 3399 quo
469 3323 568 3400 patet,
604 3313 687 3379 nihil
723 3314 815 3379 aliud
851 3312 922 3378 illos
958 3310 1057 3373 fuisse
1087 3309 1151 3374 nisi

14 3411 155 3476 litteras
192 3411 378 3474 securitatis
414 3433 471 3496 pro
507 3413 634 3478 itinere.
674 3451 717 3460 —
757 3412 811 3476 Ad
836 3408 964 3476 nobiles
987 3406 1152 3472 Bohemos

16 3507 246 3574 Constantiae
277 3521 467 3593 praesentes
499 3511 588 3596 quod
621 3513 755 3592 attinet,
796 3533 837 3574 ex
870 3505 1021 3594 pluribus
1056 3504 1153 3569 factis

11 3607 211 3692 colligitur,
251 3607 348 3670 etiam
389 3609 477 3693 ipsos
508 3608 635 3672 salvum
669 3608 871 3672 conductum
903 3603 1018 3670 eodem
1055 3602 1151 3666 modo

12 3704 267 3770 considerasse.
311 3705 366 3770 Sic
391 3695 488 3791 aegre
513 3705 669 3788 ferentes,
701 3705 789 3794 quod
814 3705 957 3769 Hussius
981 3700 1151 3767 custodiae

11 3804 238 3886 mancipatus
274 3815 367 3884 esset,
407 3803 545 3890 epistola
569 3827 683 3869 mense
708 3805 889 3869 Februario
925 3825 954 3865 a.
988 3797 1072 3864 1415
1107 3797 1148 3861 ad

96 3981 122 4044 ¹)
140 3977 255 4036 Fabella
273 3986 368 4047 postea
385 3980 442 4035 luit
459 3997 561 4050 spansa,
581 3981 718 4047 Hussinm,
738 3997 820 4048 quum
838 3980 883 4034 die
895 3981 927 4034 6⁰
938 3977 1007 4032 Julii
1027 3973 1151 4028 condem·

11 4069 148 4126 naretnr.
165 4061 321 4129 adspexisse
339 4061 400 4116 fixis
419 4063 503 4118 oculis
512 4063 723 4131 sigismundum,
742 4067 771 4116 et
789 4061 861 4115 hunc
877 4057 1025 4115 erubuisse.
1046 4084 1078 4093 —
1099 4053 1150 4106 Sed

11 4143 105 4198 testi·
124 4141 250 4196 oculatus
267 4141 367 4196 Hussio
386 4143 517 4208 addictus,
547 4144 645 4198 Petrus
664 4145 697 4198 de
715 4141 908 4198 lllsdcnowicz
935 4137 964 4192 in
992 4133 1151 4202 amplastra

11 4221 151 4278 Historia
170 4223 203 4275 cle
226 4221 298 4287 sotis
327 4230 353 4275 ot
377 4225 449 4278 actis
471 4224 511 4276 M.
532 4225 614 4278 Jours.
635 4225 700 4278 Has
725 4222 793 4278 nihil
812 4223 863 4276 hae
882 4221 914 4274 de
934 4233 962 4272 re
981 4213 1055 4270 dicit.
1094 4213 1149 4266 Nec

11 4319 62 4370 ner
87 4317 121 4355 se
140 4307 334 4371 argumentum
352 4303 414 4358 inde
433 4303 490 4371 peti
509 4309 609 4372 potest.

65 4403 222 4453 Jungrnsnn,
239 4403 426 4443 Dissertatlones.
441 4405 506 4444 Tem.
523 4405 562 4444 Vl.
954 4393 989 4447 22

33 1845 236 1908 conductum
261 1841 467 1927 &gismundi
504 1847 604 1908 etiam
637 1845 775 1928 Pf⁰legl‚
808 1866 904 1908 nemo
929 1842 985 1907 illo
1009 1795 1315 1928 temporecdffv'dffi.

32 1944 112 2006 serio
148 1939 397 2027 praetendebat.
446 1939 502 2006 Sic
535 1941 741 2026 Arragoniae
773 1965 832 2005 rex
862 1942 915 2006 dle
946 1941 1005 2005 28ο
1029 1940 1156 2025 Aprilis

30 2063 57 2104 a.
85 2041 176 2104 1415
200 2037 368 2102 scribebat
391 2038 621 2124 Sigismundo,
653 2042 821 2104 neminem
846 2062 905 2127 per
927 2037 1057 2103 salvum
1082 2059 1154 2102 con-

31 2136 169 2201 ductum
195 2161 215 2200 a
239 2159 345 2222 poena
370 2159 469 2223 quarn
494 2137 683 2202 merebatur
706 2137 839 2202 liberari
863 2159 969 2223 posse,
994 2147 1027 2199 et
1046 2146 1154 2222 postu·

31 2233 143 2314 labat,
181 2246 217 2297 ut
250 2256 365 2299 severe
404 2259 504 2300 causa
538 2235 653 2301 Hussii
687 2245 849 2321 ageretur.
904 2227 1154 2320 Sigis'muudum

29 2336 158 2416 pariter
182 2333 228 2396 ita
245 2333 421 2414 censuisse,
447 2335 525 2398 inde
541 2334 657 2413 elucet,
684 2333 772 2420 quod
790 2333 843 2397 die
861 2334 897 2397 7⁰
910 2333 1004 2398 Junii
1020 2355 1049 2396 a.
1070 2323 1154 2398 1'415
