2850 4834
137 877 269 967 3,ξοοζᾞῖ
286 885 392 950 forma
416 885 559 970 quadam
584 885 754 971 peculiari,
779 886 934 952 videlicet
958 909 1023 952 non
1041 909 1099 973 per
1114 888 1314 953 definitivam
1329 909 1383 950 sen·
1402 922 1403 960 1

285 427 337 484 136
499 429 599 484 XXXI.
620 431 659 485 lle
678 431 824 487 abolitione
843 431 952 488 Ordinis
971 433 1193 502 Templuriornm.

1401 478 1402 512 l

289 571 427 653 „Bibere
459 583 495 636 nt
528 573 774 659 Templur·ius“;
813 585 845 639 et
875 577 909 640 in
941 576 1065 660 Anglia
1103 580 1196 663 pueri
1231 589 1380 641 narrantur

286 670 459 735 clamasse:
486 671 631 754 „Cavete
655 672 697 738 ab
723 673 842 738 osculis
860 674 1194 760 Templariorum.“¹)

249 815 263 842 o
375 787 429 852 49.
476 787 671 874 Suppressio
709 788 972 873 Templariorum
1019 790 1108 855 facta
1154 802 1310 876 postremo
1346 805 1382 852 est

287 983 421 1046 tentiam
448 982 489 1046 de
513 985 628 1048 reitate
652 985 752 1048 totius
768 983 905 1050 Ordinis
921 1008 988 1072 qna
1003 986 1088 1066 talis,
1114 987 1172 1050 sed
1190 1009 1249 1073 per
1270 985 1383 1050 modum

283 1082 484 1165 provisionis
515 1103 573 1146 seu
608 1081 825 1147 ordinationis
849 1083 1070 1169 Apostolioae.
1124 1085 1164 1150 Id
1196 1107 1273 1170 prae
1301 1081 1386 1148 oculis

284 1177 475 1262 habendum
514 1189 579 1259 est,
627 1189 664 1243 nt
700 1190 829 1266 pateat,
876 1181 961 1246 nihil
999 1180 1161 1247 Clementi
1202 1182 1265 1246 hac
1299 1183 1328 1245 in
1360 1201 1386 1243 re

284 1277 365 1342 vitio
397 1279 481 1341 verti
513 1299 618 1363 posse,
655 1278 712 1342 sed
741 1300 816 1342 eum
842 1279 932 1364 juste
960 1289 992 1344 et
1021 1281 1201 1366 prudenter
1224 1281 1334 1366 egisse.
1353 1250 1404 1324 -l

285 1376 395 1461 Atque
419 1377 583 1461 imprimis
607 1375 852 1440 observandum
881 1389 945 1459 est,
977 1380 1035 1442 toti
1062 1375 1212 1443 Concilio
1244 1377 1276 1443 id
1301 1377 1387 1460 magis

285 1475 392 1537 visum
418 1474 586 1559 expedire,
612 1497 709 1560 quam
735 1475 904 1558 negotium
928 1474 1039 1539 adhuc
1063 1476 1255 1562 protrahere
1279 1473 1386 1561 perde

284 1573 448 1636 sanniones
466 1571 630 1656 juridicus
646 1570 792 1637 Ordinis.
822 1571 875 1636 Ex
891 1571 1100 1657 processibus
1117 1572 1274 1638 videlicet
1289 1571 1387 1656 majori
1404 1636 1405 1660 p

284 1671 369 1754 parti
394 1669 541 1734 nondum
563 1671 642 1733 satis
658 1681 808 1734 constare
826 1670 1012 1752 videbatur,
1037 1681 1142 1734 totum
1158 1669 1318 1736 Ordinem
1333 1661 1405 1740 esaei

283 1767 411 1831 haeresi
437 1768 595 1831 infectum
620 1790 659 1833 aa
683 1790 786 1835 reum.
835 1769 924 1833 Hinc
948 1791 1051 1854 quum
1075 1770 1225 1854 quaestio
1250 1787 1405 1854 propone¹

283 1875 387 1946 retur,
427 1877 536 1929 utrum
567 1888 627 1951 per
658 1865 865 1930 definitivam
898 1867 1096 1930 senteutiam
1129 1865 1221 1931 Ordo
1257 1865 1388 1928 damnari

284 1976 403 2050 posset,
443 1987 485 2028 an
511 1985 588 2028 vero
613 1962 723 2028 adhuc
748 1964 882 2028 ulterior
905 1965 1053 2030 defensio
1078 1961 1293 2028 concedenda
1311 1974 1406 2052 esset}

284 2071 492 2146 censuerunt,
518 2061 678 2128 Ordinem
703 2071 807 2127 totum
823 2085 883 2148 per
897 2063 1104 2127 definitivam
1123 2063 1319 2126 sententiam
1337 2081 1387 2122 non
1405 2065 1406 2118 i

283 2183 378 2246 posse
402 2160 552 2224 damnari
577 2170 613 2224 ut
635 2182 739 2242 reum,
768 2171 801 2224 et
824 2160 902 2224 huic
921 2161 1050 2245 judicio
1074 2162 1175 2224 etiam
1200 2161 1271 2245 ipse
1297 2157 1389 2221 Ponti·

284 2258 340 2321 fex
363 2257 523 2324 adhaesit.
559 2257 624 2324 Sed
649 2281 752 2344 quum
775 2261 998 2343 prorogationi
1025 2259 1147 2342 negotii
1174 2257 1279 2322 multa
1302 2254 1388 2320 obsta·

283 2367 365 2434 rent,
399 2357 461 2442 ipsi
494 2355 608 2421 utilius
639 2377 710 2420 esse
734 2358 906 2442 magisque
931 2356 1028 2421 saluti
1053 2355 1224 2420 Ecclesiae
1248 2351 1389 2438 expedire

285 2455 392 2517 visum
417 2463 475 2532 est,
500 2453 660 2518 Ordinem
685 2456 756 2518 sine
780 2454 953 2518 definitiva
977 2455 1190 2518 damnatione
1211 2451 1323 2516 tollere
1345 2465 1407 2533 pern

285 2551 418 2615 modurn
453 2553 661 2637 provisionis.
709 2553 825 2638 Neque
841 2552 1064 2632 censendum,
1096 2551 1159 2615 hac
1184 2552 1218 2615 in
1242 2571 1279 2614 re
1308 2567 1389 2632 oppo·

284 2651 362 2712 sitos
394 2671 467 2714 enm
499 2648 655 2714 habuisse
680 2649 818 2714 Concilii
855 2650 1031 2736 praesules.
1078 2649 1149 2714 lmo
1173 2650 1274 2712 etiam
1303 2647 1391 2730 mnjor

284 2745 339 2810 illa
363 2769 438 2832 pars
463 2749 585 2832 pariter
608 2748 779 2812 decentius
803 2771 873 2812 esse
890 2758 922 2812 et
938 2749 1044 2831 magis
1058 2746 1217 2832 expedire
1227 2745 1390 2832 judicavit,

285 2847 452 2930 negotium
477 2846 540 2909 hoc
564 2846 660 2910 modo
684 2847 790 2926 linire,
820 2869 918 2932 quam
943 2845 1080 2910 ulterius
1105 2843 1186 2909 illud
1211 2865 1271 2929 per
1288 2839 1390 2928 juridi-

284 2964 360 3007 cum
385 2964 574 3028 processum
598 2944 798 3030 protrahere.
836 2945 874 3008 ld
899 2945 1063 3030 expressis
1088 2942 1199 3006 verbis
1224 2935 1343 3006 dicitur
1364 2941 1389 3000 in

284 3041 379 3105 Bulla
396 3042 494 3122 „Vox
511 3043 544 3106 in
561 3041 730 3107 excelso“:
759 3041 843 3117 Quia
859 3053 889 3104 et
903 3043 1020 3132 majori
1041 3042 1132 3128 parti
1154 3041 1306 3104 dictor-nn
1330 3035 1388 3100 Car·

283 3139 442 3203 diocliam
472 3150 501 3204 et
525 3141 764 3227 praedictorum
793 3165 815 3204 a
845 3151 908 3204 toto
945 3137 1085 3206 Concilio
1117 3139 1284 3203 electorum
1314 3185 1321 3200 .
1351 3184 1357 3197 .
1384 3181 1390 3194 .

283 3237 382 3300 nisum
405 3249 451 3302 eat
473 3239 632 3302 decentius
655 3248 684 3301 et
707 3237 926 3324 expedientius
950 3248 979 3300 at
1002 3237 1113 3300 utilius
1134 3257 1196 3322 pro
1214 3236 1278 3299 Dei
1290 3235 1390 3296 honore

284 3345 313 3398 et
331 3357 394 3420 pro
419 3337 652 3400 conservatione
674 3336 751 3414 fidei
773 3337 974 3411 christianae,
1009 3384 1016 3399 .
1043 3385 1050 3399 .
1075 3383 1082 3398 .
1117 3333 1306 3419 sentiendam
1326 3330 1390 3416 fore

278 3434 390 3517 potitis
420 3434 503 3496 niano
539 3433 753 3496 ordinationis
783 3443 813 3495 et
841 3433 1033 3519 proniaioonis
1072 3431 1165 3495 Sedis
1194 3427 1389 3518 Apennino.

288 3531 440 3596 Ordinem
462 3553 555 3616 saepe
571 3531 681 3617 fatam
706 3529 854 3610 tollendo,
887 3580 893 3595 .
920 3579 927 3594 .
955 3587 959 3596 .
991 3553 1085 3616 quant
1107 3527 1303 3614 defensionis
1317 3525 1391 3615 juris

359 3807 380 3873 ¹)
398 3807 431 3861 ln
445 3805 547 3876 Anglia
565 3811 652 3861 testes
664 3806 751 3872 multi,
770 3805 881 3861 Fratres
893 3805 1018 3870 Minores,
1037 3803 1216 3860 Dominicsni.
1236 3799 1390 3857 Carmelitae.

284 3885 489 3956 Augustiniani
508 3885 578 3952 laici,
591 3885 676 3941 variis
688 3885 904 3941 accusationibus
915 3885 1081 3954 Temptatios
1093 3880 1389 3940 commutentur.

284 3966 376 4036 Magn.
396 3967 465 4022 Brit
492 3966 545 4036 (ed.
558 3965 689 4036 Willrins)
707 3965 744 4020 11.
763 3981 788 4034 p.
805 3967 857 4021 329
872 3981 928 4033 sqq.
961 3965 1054 4033 Quoad
1072 3963 1254 4033 Templarinm
1272 3962 1389 4016 suanm

284 4047 317 4102 de
335 4047 426 4102 Hetou
444 4046 545 4102 dicitur
563 4047 591 4100 in
611 4045 669 4115 ejus
687 4047 824 4102 examine:
845 4046 931 4112 „Dum
950 4051 1011 4102 eret
1019 4044 1130 4115 juvenis
1142 4043 1295 4106 seeculsris.
1312 4051 1390 4095 ornnes

284 4127 362 4194 pueri
381 4125 535 4182 clamabant
553 4125 657 4194 publice
685 4133 715 4180 et
741 4126 896 4195 vulgariter
923 4141 992 4181 unns
1020 4126 1054 4180 ad
1078 4125 1208 4180 ultorum:
1238 4118 1391 4178 Oustodiuis

284 4206 361 4260 vobis
380 4206 414 4260 eb
432 4206 522 4260 osculo
539 4205 775 4276 remoraremur
