2868 4844
168 473 174 482 ·
225 445 267 498 De
284 443 533 506 Reservationibns,
553 443 678 508 metu,
697 441 873 498 commentis
1081 442 1130 496 ssi

29 603 134 654 nutem
157 609 323 654 summam
348 598 498 652 mutuam
523 586 602 652 dore
627 596 659 652 st
683 585 805 652 deinde
830 607 903 650 eam
927 585 991 651 sibi
1009 585 1132 650 remitti

30 709 106 772 posse
127 687 364 752 existimarim
380 686 403 768 ¹)

100 793 151 858 84.
180 792 241 858 lllo
266 794 366 857 etiam
391 801 540 876 tompore
565 793 600 855 iu
616 790 800 855 Germania
825 792 929 855 vitam
954 790 1133 856 multorum
1162 791 1284 894 ‘'hm“

27 891 203 956 clericorum
228 891 327 956 valde
350 890 524 976 protanam
549 889 661 962 fuisso,
698 892 853 975 ipsosque
887 887 1024 954 clericos
1055 888 1134 955 dila·
1171 863 1212 904 'm
1271 881 1276 893 ’

26 989 141 1074 pidssse
165 987 254 1054 bons
265 989 447 1065 Ecclesiae,
472 987 638 1072 colligitur
661 989 768 1071 exiis,
792 1009 878 1072 quae
901 999 1042 1072 egerunt
1064 1000 1134 1052 tum

26 1089 224 1153 Innocentius
255 1088 305 1154 VI
341 1099 412 1152 tum
445 1085 583 1152 Carolus
606 1087 653 1150 lv
687 1107 747 1171 pro
778 1085 1012 1150 reformatione
1044 1084 1133 1152 cleri.

28 1185 174 1268 Urgentes
204 1186 337 1271 scripsit
368 1186 584 1250 Innocentius
614 1207 643 1250 a.
680 1183 766 1250 1359
801 1183 927 1248 litteras
957 1183 1001 1248 ad
1029 1183 1135 1250 archi·

23 1285 180 1368 episcopos
204 1283 450 1367 Moguntiuu'm,
485 1281 718 1347 Colonisnsenr
742 1293 776 1346 et
797 1281 889 1362 alios,
914 1281 1036 1368 quibus
1059 1305 1135 1350 con·

23 1383 167 1464 queritur,
191 1382 275 1466 qnod
283 1378 446 1458 ‚nonnulli
469 1378 537 1444 solo
554 1379 703 1445 uocabulo
723 1380 831 1446 elerici
852 1393 882 1446 et
905 1381 1135 1447 ecclesiastices

19 1501 172 1562 personas,
195 1501 261 1542 non
285 1477 385 1554 solnm
406 1480 442 1542 in
465 1479 641 1544 minoribns
661 1478 814 1564 proditos
838 1481 1050 1560 annonem,
1078 1480 1136 1544 sed

24 1579 105 1638 elimo
127 1577 356 1662 adfertiqium
369 1577 540 1661 dipnitotis
550 1577 733 1663 pastoralis
745 1579 850 1654 sooeti,
875 1625 883 1640 .
900 1627 907 1641 .
926 1627 933 1642 .
959 1576 1134 1664 effraenato

22 1674 146 1757 qudam
173 1675 301 1740 uisendi
333 1697 416 1738 mors
451 1673 575 1738 libitum
599 1697 664 1762 pro
682 1673 813 1740 licentio
843 1677 1004 1761 capientes
1025 1687 1056 1740 st
1076 1698 1136 1762 per

22 1771 230 1836 dissolutionis
253 1772 408 1836 lubricum
430 1773 500 1836 sine
521 1770 588 1836 ullo
611 1774 751 1838 raienis
780 1775 913 1858 irnperio
943 1773 1134 1857 prodientes,

22 1870 149 1952 moisem
180 1868 339 1936 clement&
371 1871 546 1936 honestatis
577 1871 782 1936 ohserncnstia
804 1881 834 1934 et
855 1873 1012 1958 pronitate
1042 1871 1134 1936 cosle

21 1969 319 2032 sacracramenta
342 1967 480 2057 objectu,
511 1970 610 2032 sitem
640 1991 730 2033 suom
753 1971 822 2033 Deo
854 1979 885 2034 et
913 1969 1136 2035 ecclesiasticis

21 2067 165 2148 mysteriis
195 2067 377 2130 dedicatum
406 2065 595 2152 quibusdum
626 2067 844 2135 samseloribus
871 2069 995 2132 notibus
1023 2079 1135 2134 contra

20 2183 170 2226 senorum
200 2186 356 2228 conorsum
380 2164 614 2250 prohibitiones
643 2164 826 2242 immiscent,
857 2166 1011 2248 inludis,
1042 2168 1135 2230 hosti·

20 2257 117 2339 ludim,
142 2263 368 2326 torneamentis
390 2273 421 2325 st
444 2260 521 2325 oliis
543 2260 738 2326 militaribus
760 2274 791 2326 et
808 2262 981 2348 prohibitis
1004 2263 1135 2341 ostibm,

20 2379 128 2423 necnon
149 2361 186 2422 in
208 2359 392 2445 deferendis
407 2361 606 2426 olonnensis
621 2359 835 2446 fuselloribns
858 2373 888 2425 et
911 2360 988 2426 oliis
1011 2361 1135 2447 ossibus.-

19 2453 82 2518 ‹hnn
102 2482 124 2521 a
140 2461 216 2546 jure
228 2457 399 2543 prohibitis
415 2459 611 2522 ornamentis
626 2457 847 2544 dilapidantes
863 2457 946 2522 bono
954 2481 1135 2545 postponam

18 2562 43 2612 st
57 2556 288 2638 potr-insoniunt
310 2555 392 2620 Jssu
418 2553 539 2620 Christi
559 2557 594 2619 in
616 2557 681 2620 Dcs'
704 2554 869 2642 offensum,
897 2559 1055 2642 propriae
1085 2581 1135 2622 so-

18 2646 85 2714 latis
113 2651 319 2738 dispendium
349 2664 380 2716 st
405 2654 624 2738 perniciosum
653 2653 769 2739 popnli
798 2655 881 2720 talin
912 2655 1135 2741 conspicientes

17 2749 227 2835 sesmplnm2)
274 2749 413 2816 Carolus
435 2751 485 2816 lv
517 2753 589 2836 ipso
619 2754 765 2817 minatus
787 2763 838 2818 cst
860 2774 1024 2838 occepere
1048 2752 1137 2818 bona

17 2843 215 2930 clericorum,
253 2859 291 2912 ut
325 2869 380 2914 eos
415 2861 548 2933 cogeret
575 2851 678 2914 vitem
704 2861 848 2932 mutarc;
887 2861 921 2916 et
955 2853 990 2914 in
1025 2850 1136 2916 diaeta

17 2941 208 3026 Mogentiua
245 2967 274 3012 a.
318 2946 402 3012 1359
439 2945 658 3012 vehementer
696 2958 896 3035 conquestus
935 2959 985 3013 est
1023 2971 1135 3016 coram

16 3044 125 3106 nuntio
149 3042 322 3108 Pontibois
353 3043 567 3108 (lenioribus
600 3043 679 3110 cleri
703 3055 737 3109 et
760 3047 864 3110 nimia
895 3047 956 3128 (nti
981 3045 1134 3132 putebat)

17 3135 180 3204 Poutiticis
205 3163 298 3205 mora
319 3141 363 3205 sd
387 3163 463 3206 eum
487 3141 747 3209 reformandum.
785 3145 968 3229 Praecipue
994 3166 1135 3231 conque·

15 3235 143 3302 rebatur
165 3238 207 3302 de
232 3240 412 3303 effraenato
436 3241 711 3306 vestimentorum
734 3241 827 3319 luxu,
859 3253 959 3328 atque
987 3242 1052 3307 sibi
1077 3244 1135 3307 im·

16 3353 135 3417 ponens
167 3337 239 3422 ipse
275 3337 418 3402 biretum
451 3336 646 3422 galerumve
676 3337 824 3404 Cononis
852 3338 895 3404 de
919 3341 946 3404 F
948 3339 1133 3405 alkeustein

16 3433 162 3496 muouiei
174 3433 374 3519 moguntini,
399 3435 489 3522 quod
512 3457 592 3500 euro
606 3445 676 3501 erat
688 3437 957 3522 splendidissime
970 3447 1134 3517 ornatum,

15 3529 228 3596 exclamavit:
269 3531 322 3596 An
352 3535 484 3618 suentem
515 3534 581 3597 isto
611 3535 780 3600 ostendunt
811 3535 860 3600 vel
892 3535 1135 3618 socerdotsml⁵l

15 3625 86 3692 Post
108 3629 236 3696 litteras
258 3641 371 3696 tamen
394 3631 566 3696 Pontifiois
598 3634 779 3718 acquievit,
804 3643 838 3698 et
860 3633 1032 3699 Ecclesiae
1056 3635 1136 3719 jure

14 3725 113 3790 tuitus
137 3738 185 3794 est
208 3739 241 3794 et
264 3728 485 3794 confirmavit.
531 3728 599 3796 Sed
622 3752 726 3816 quum
750 3730 865 3796 lelium
898 3734 1135 3798 canonicorum

16 3824 274 3906 praelatorumve
302 3829 530 3914 querimoniae
561 3829 713 3894 feruntur
742 3830 784 3894 de
815 3829 947 3894 tributis
980 3829 1135 3895 Pontifici

63 3981 222 3990 -.-.--...·--.

82 4068 105 4132 ¹)
125 4065 295 4123 Autiiebrou,
316 4067 345 4120 P.
367 4065 415 4120 111.
436 4083 457 4124 c.
478 4069 502 4123 6.
523 4085 548 4136 p.
568 4069 629 4126 sos.
650 4070 689 4122 ed.
711 4069 775 4122 Lov.
796 4085 819 4122 a.
841 4069 919 4124 1829,

81 4145 106 4211 ¹)
126 4145 257 4214 Itsynsld.
277 4163 302 4203 a.
324 4146 392 4200 1359
411 4163 437 4203 n.
460 4150 498 4204 12,

82 4226 104 4273 't
125 4225 157 4281 V.
175 4226 272 4282 Hetele
291 4226 323 4284 B.
344 4226 391 4282 Vl.
412 4227 438 4296 ξ,
458 4230 518 4282 710.
