3000 4838
376 468 417 522 De
435 467 580 523 schismate
598 467 674 522 Petri
692 467 799 524 Leonis.
1131 469 1166 523 59

81 609 155 672 variis
175 609 379 676 documentis
403 610 524 676 obiisse
541 610 595 676 die
615 611 690 676 13¹0.
715 609 945 698 Subsequente
960 610 1088 676 hoodie
1101 611 1166 676 13¹⁰
1181 634 1184 646 ·

81 727 103 766 se
114 709 330 774 continuerunt
346 708 540 774 Cardinales
555 711 702 796 quinque
719 731 762 772 ex
778 708 842 774 illis
859 718 931 774 octo
947 731 1024 773 oum
1042 707 1117 773 aliis
1132 710 1167 773 in

79 807 241 870 munasterio
264 830 290 872 s.
307 805 479 891 Gregorii,
504 806 562 870 sed
586 807 703 870 Petrus
723 806 842 871 Leonis
866 827 942 870 cum
967 806 1097 872 duobus
1120 828 1168 870 re·

77 897 151 983 liquis
170 902 364 970 electoribus
388 905 431 969 ad
447 927 511 986 eos,
536 905 689 990 quamvis
714 904 754 968 de
770 903 833 969 boc
857 907 1076 986 convenisset,
1100 924 1168 968 nou

76 995 159 1079 rediit,
180 1011 212 1064 at
233 1001 468 1067 conventicula
491 1011 643 1087 separata
666 1003 754 1067 fecit.
778 1039 821 1049 -
845 1003 963 1067 Postea
982 1001 1117 1090 quidem
1133 1000 1168 1064 hi

77 1091 237 1163 Cardinales
252 1099 504 1178 contenderunt,
529 1122 561 1163 sc
585 1122 649 1163 non
666 1123 759 1164 crisos
784 1123 848 1164 csse
864 1101 978 1164 redi-re.
1017 1099 1171 1164 Refertur

76 1191 201 1261 videlicet
222 1199 376 1263 incitata
400 1197 538 1283 epistola
562 1197 641 1262 cleri
657 1198 798 1262 Romani
823 1199 865 1263 ad
882 1196 1169 1282 archiepiscopum

76 1287 295 1378 Conpostellae,
321 1298 438 1359 missos
454 1318 523 1360 esse
539 1295 594 1360 die
614 1296 672 1359 12⁰
688 1294 861 1360 Februarii
877 1295 959 1360 duos
976 1292 1170 1359 Cardinales

75 1389 116 1471 qui
130 1394 320 1458 munitiones
344 1391 387 1458 ad
403 1391 577 1457 ecclesiam
602 1416 627 1457 s.
642 1392 806 1457 Hadriani
823 1395 1009 1478 reciperent
1025 1402 1058 1456 et
1076 1413 1170 1456 occu-

74 1499 174 1567 parent,
205 1501 241 1555 ut
265 1491 391 1556 ibidem
416 1490 530 1555 electio
556 1493 634 1555 novi
659 1491 830 1556 Pontificis
854 1491 925 1555 fieri
949 1498 1078 1575 posset3
1112 1487 1171 1552 sed

73 1581 120 1646 luc
140 1587 169 1651 in
189 1611 223 1652 re
246 1611 303 1654 eos
327 1588 499 1654 obstacula
530 1610 572 1652 ex
597 1599 690 1674 parte
719 1589 845 1675 aliquot
869 1590 1098 1674 episcoporum
1123 1589 1170 1650 in·

74 1683 186 1748 venisse.
230 1685 271 1750 Id
297 1709 353 1750 eos
385 1685 541 1750 habuisse
571 1696 608 1750 ut
639 1686 803 1751 indicium
834 1687 941 1751 malae
972 1687 1102 1766 mentis,
1139 1693 1172 1748 et

74 1788 133 1842 tuuc
154 1805 232 1867 pore
255 1787 360 1872 major
382 1795 412 1847 et
435 1786 545 1867 sanior
569 1783 737 1871 (fratrum)
762 1779 813 1848 ‘od
831 1784 1034 1870 praedictum
1065 1805 1171 1846 mono·

73 1879 175 1942 roffam
203 1885 240 1964 (s.
267 1881 436 1965 Gregorii)
467 1905 531 1946 non
564 1892 637 1947 sunt
669 1882 809 1968 amplias
838 1885 912 1946 ausi
943 1882 1058 1946 redire.
1105 1880 1172 1946 Sed

73 1975 163 2040 nerito
185 2000 369 2062 censemus,
402 1989 610 2065 praetextum
635 1979 725 2044 hunc
749 1988 878 2044 tantum
903 1980 1018 2060 fuisse,
1044 1989 1076 2042 et
1100 1977 1172 2042 illos

74 2077 239 2141 remansisse
272 2088 455 2162 separatos,
490 2086 527 2141 ut
556 2081 762 2142 evectionem
791 2078 880 2142 Petri
907 2078 1030 2142 Leonis
1064 2075 1171 2161 dispo-

76 2183 174 2236 nerem.

142 2305 187 2370 73.
233 2307 349 2392 Pergit
377 2307 548 2373 Hubertus
586 2309 620 2372 in
651 2306 789 2392 epistola
821 2306 863 2371 ad
895 2331 919 2374 s.
950 2307 1344 2372 Norbertumzelocuohno·

79 2395 184 2487 „ltaque
215 2427 320 2491 quum
351 2405 435 2500 haec
465 2405 544 2470 talia
568 2407 827 2490 praesensissent
856 2406 880 2469 ii
905 2427 1044 2491 quorum
1069 2404 1170 2468 corda
1202 2383 1321 2426 mm

76 2492 144 2562 Deus
163 2505 325 2588 tetigerat,
350 2503 520 2568 Ecclesiae
544 2503 729 2589 periculum
754 2515 1013 2588 expavescentes
1036 2514 1069 2566 et
1091 2513 1172 2566 tern-

75 2601 182 2674 pestatis
211 2601 373 2688 procellas
398 2602 471 2688 jam
495 2603 769 2686 intumescentes,
804 2622 880 2664 cum
904 2600 996 2687 Papa
1020 2603 1055 2664 in
1079 2611 1173 2665 sexta

76 2687 136 2755 feria
167 2695 205 2760 de
235 2699 332 2763 initio
365 2697 649 2784 Quadrageeimae
681 2698 725 2763 ad
757 2707 866 2783 patres
898 2721 975 2764 suos
1002 2701 1173 2784 appositus

75 2805 147 2873 esset,
175 2796 348 2861 celebratis
380 2799 531 2884 exequiis
560 2819 618 2884 pro
652 2799 848 2862 necessitate
871 2795 935 2861 loci
960 2807 993 2861 et
1014 2799 1173 2882 temporie

75 2904 125 2950 nou
145 2901 249 2958 tamon
274 2916 317 2958 ex
340 2917 431 2960 more
455 2897 541 2960 sicut
564 2894 746 2981 oportebat,
771 2917 847 2959 cum
872 2894 1070 2958 calamitatis
1093 2905 1172 2958 tem-

75 2997 161 3064 pestas
187 2992 364 3077 instaret¹),
397 2993 438 3057 de
463 3003 534 3058 octo
560 2994 709 3078 personis
746 2992 789 3056 ad
824 2991 1017 3059 electionem
1049 2990 1172 3076 electis,

75 3163 263 3182 “““·“---

134 3271 151 3323 'l
167 3274 252 3329 Juxta
270 3291 348 3329 usum
367 3280 506 3343 receptum
524 3274 655 3329 Pontifex
683 3291 736 3329 nou
765 3281 825 3330 erut
852 3276 1001 3344 eligendus,
1026 3281 1173 3344 antequam

76 3351 174 3414 seirritus
199 3361 272 3410 esset
296 3355 491 3424 praedecessor,
520 3367 602 3422 atque
631 3355 654 3410 si
682 3355 748 3410 fides
772 3355 895 3410 habenda
922 3356 1053 3424 epistolae
1071 3359 1174 3415 citatae

76 3426 123 3482 deri
139 3432 252 3500 Romani,
279 3435 361 3490 etiem
394 3450 519 3502 expresse
546 3441 717 3490 convenerat.
745 3441 778 3490 ut
805 3443 951 3502 autequam
970 3436 1105 3492 Honorius
1132 3453 1173 3493 se·

76 3509 147 3569 iiltus
163 3521 238 3574 esset,
258 3514 361 3569 mentio
380 3515 519 3569 electionis
538 3531 592 3570 nou
611 3515 697 3571 fieret
716 3516 801 3582 Quum
821 3532 885 3571 vero
904 3516 1060 3573 Cardiuales
1079 3519 1173 3585 quiin

77 3595 211 3650 monaterio
228 3613 249 3648 s.
260 3595 387 3663 Gregorii
406 3601 486 3648 eraut
504 3595 687 3664 adverterent,
706 3597 801 3651 turbas
820 3597 930 3663 instare,
950 3603 980 3651 et
988 3599 1065 3653 Petri
1074 3597 1173 3654 Leonis

78 3667 198 3729 nolentum
216 3681 244 3728 et
263 3674 471 3729 tumultuariam
484 3675 657 3730 ambitionem
671 3677 897 3744 praeveniendam
911 3693 975 3742 esse,
995 3679 1066 3732 haud
1079 3678 1172 3732 solem·

78 3746 331 3820 assumseram,
359 3755 406 3810 sed
423 3755 572 3823 provisorio
591 3757 667 3812 ruodo
686 3757 714 3811 in
733 3757 791 3825 ipso
810 3759 973 3812 monasterio
991 3757 1173 3826 deposuerunt

78 3839 152 3896 mnus
160 3833 267 3889 Houorii
279 3833 314 3899 Π,
333 3833 376 3888 uti
394 3835 505 3889 videtur
522 3850 625 3890 summo
643 3852 723 3891 mane
735 3837 789 3891 diei
801 3838 834 3891 14
843 3836 992 3904 Februarii,
1005 3845 1033 3894 et
1045 3838 1173 3905 exequias

79 3901 182 3968 lecerunt
219 3915 288 3970 Dein
306 3914 373 3969 hora
391 3915 476 3969 tertia
502 3927 591 3983 (mane
609 3914 675 3969 hora
693 3919 776 3986 nona)
805 3915 901 3971 electio
919 3918 1073 3973 iunocentii
1097 3917 1173 3972 facta

79 3995 116 4050 Ν,
130 4005 232 4062 cunque
250 3996 285 4049 ad
302 3994 469 4050 Lateranum
487 3996 674 4065 perduxerunt
692 3997 773 4052 simul
792 4014 852 4051 cnm
877 4013 987 4065 corpore
1005 3999 1118 4052 Houorii
1137 3999 1171 4066 li,
1235 4027 1238 4032 ·

79 4075 102 4117 ut
116 4085 183 4135 onan
200 4076 320 4144 pericula
334 4075 391 4144 jam
410 4091 440 4130 se
457 4077 630 4145 praevenisse
650 4084 799 4143 censerent,
828 4077 866 4132 ibi
894 4093 989 4145 corpus
1017 4079 1171 4148 sepelirent.
1224 4071 1226 4078 ⁴

80 4141 206 4234 Queruntur
223 4157 294 4212 enim
312 4155 342 4209 iu
362 4156 448 4210 citata
467 4157 583 4224 epistola
601 4157 780 4212 schismatici:
806 4158 942 4225 „Quorum
959 4158 1088 4214 laicorum
1106 4175 1173 4227 pau·

80 4233 132 4281 uus
146 4233 225 4289 subito
242 4236 276 4290 de
293 4235 434 4306 sepulchro
452 4237 620 4293 abstractum
643 4243 779 4293 momuum
796 4239 900 4306 Papam
923 4245 988 4294 ante
1010 4240 1172 4308 plasmatum
