2832 4844
293 441 346 492 441
491 437 621 490 XXVIII.
641 437 679 489 De
698 443 775 488 statu
793 434 932 489 societatis
950 434 1041 488 christ.
1060 451 1122 490 saec
1150 437 1225 493 XIII.

295 591 376 646 trmc
391 581 627 646 documentum
644 579 706 644 hoc
722 579 927 660 (confictum)
943 577 1106 662 prolatum
1127 579 1239 662 fuisse,
1266 591 1302 644 ut
1317 583 1412 668 anirni]

295 679 338 744 ad
363 678 419 742 illa
444 678 576 742 decreta
599 677 763 742 firmanda
787 675 1054 763 excitarentur.¹)

387 796 438 861 71.
486 794 690 858 Mentionem
725 792 908 857 Sanctionia
935 795 1156 878 propinatione
1193 796 1319 878 pariter
1348 794 1412 866 lieri

297 893 422 956 dixeris
446 891 535 976 apud
560 892 726 956 Ioannem
749 890 949 956 Iuvenalem
975 891 1099 972 Ursini,
1132 891 1412 977 archiepiscopum}

295 990 502 1071 Remensem,
536 989 614 1052 dum
640 991 673 1053 in
699 1011 758 1052 sua
782 989 929 1052 Historia
954 987 1063 1052 Caroli
1089 989 1156 1053 VII
1187 1013 1302 1074 regem
1333 990 1407 1053 hunc

295 1097 417 1168 monet,
438 1096 475 1150 ut
490 1085 703 1151 Sanctionem
718 1088 959 1172 pragmaticam
967 1087 1210 1151 Bituricensem
1225 1086 1412 1172 promulgetl

296 1185 420 1250 Scribit
450 1185 625 1249 videlicet:
667 1185 730 1268 „Et
754 1206 791 1248 ce
822 1183 907 1248 n’est
929 1205 988 1268 pas
1018 1182 1048 1248 13
1072 1187 1215 1269 premier
1239 1207 1301 1270 roy
1325 1187 1408 1270 quis

296 1284 357 1348 fait
379 1282 471 1346 telles
495 1283 627 1364 choses;
653 1305 709 1347 car
732 1284 788 1368 qui
813 1282 894 1347 bien
917 1283 988 1345 voit
1010 1281 1170 1346 l’histoire
1195 1283 1237 1347 de
1256 1283 1408 1367 Philippe-

296 1379 326 1444 le
347 1379 569 1466 Conquerant‚
595 1381 618 1444 il
642 1381 792 1444 ordonna
815 1379 845 1443 13
869 1383 986 1444 meme.
1023 1378 1058 1444 Si
1072 1380 1108 1443 lit
1124 1382 1212 1445 saint
1227 1381 1343 1462 Leuis,
1366 1379 1409 1465 qui

298 1489 346 1542 est
370 1481 456 1542 saint
479 1488 513 1542 ct
537 1481 706 1561 canoniae,
731 1488 764 1542 ct
786 1479 858 1542 faut
874 1477 945 1541 dire
962 1476 1041 1563 qu'll
1056 1477 1093 1541 fit
1107 1482 1173 1542 tres
1189 1478 1281 1544 bien.
1309 1479 1408 1541 Vosne

297 1576 377 1660 pere
402 1585 434 1639 et
457 1575 503 1639 les
527 1587 637 1641 autres
660 1576 708 1641 les
731 1586 789 1640 ont
812 1573 1070 1661 approuves.“²)
1104 1615 1147 1624 -
1178 1575 1308 1662 Aperte
1332 1597 1409 1661 porro

299 1673 433 1738 Sanctio
458 1673 514 1738 illa
539 1674 1117 1739 commemoraturRemonstratione
1142 1676 1184 1739 89
1208 1674 1409 1738 articulorum

298 1795 318 1835 a
342 1771 553 1836 Parlamento
577 1774 755 1837 Parisiensi
787 1793 874 1836 anno
906 1771 992 1836 1464
1023 1771 1196 1836 Ludovico
1220 1773 1277 1836 XI
1309 1771 1408 1836 obluta.

301 1879 336 1932 ut
365 1891 441 1933 eum
473 1870 678 1934 adducerent
706 1880 805 1956 atque
838 1871 999 1956 juvarent
1031 1869 1074 1933 ad
1098 1867 1316 1934 Sanctionem
1340 1871 1409 1932 Bitu-

299 1970 472 2049 ricensem,
498 1991 598 2053 quam
623 1978 849 2048 revocaverat,
882 1967 1132 2034 restituendum.
1156 2007 1199 2016 —-
1223 1969 1339 2032 Etiam
1362 1965 1410 2030 alio

299 2066 431 2130 decreto
454 2066 619 2131 Ludovici
644 2069 705 2148 XI,
731 2068 784 2132 die
812 2069 868 2131 17⁰
894 2066 1066 2130 Februarii
1090 2069 1169 2131 anni
1197 2068 1288 2131 1463
1314 2059 1410 2148 (111111

300 2163 399 2248 edito,
432 2163 591 2228 articulus
614 2165 645 2227 V
673 2164 762 2228 illius
786 2165 970 2228 Sanctionis
1002 2163 1203 2228 verbotenus
1227 2165 1409 2228 continetur.

300 2261 384 2327 Inde
408 2263 544 2349 quidam
569 2263 760 2344 intulerunt,
786 2261 967 2326 solemnem
991 2262 1092 2325 fuisse
1109 2259 1298 2325 Sanctionie
1321 2273 1410 2323 aucto

300 2363 441 2442 ritatem,
468 2362 604 2448 ejusque
615 2362 857 2446 genuinitatem
880 2360 950 2443 regi
975 2369 1008 2422 et
1022 2358 1177 2422 omnibus
1194 2360 1409 2422 certissimam.

302 2457 368 2523 Sed
392 2482 435 2524 ex
458 2460 569 2524 verbis
592 2461 758 2524 Ludovici
775 2459 826 2523 XI
850 2460 1008 2544 sequitur,
1033 2479 1108 2522 eum
1134 2479 1198 2521 non
1224 2459 1294 2520 nisi
1318 2477 1356 2518 ex
1377 2474 1410 2514 re·

300 2557 424 2622 latione
463 2559 665 2624 Parlamenti
708 2557 798 2621 illam
835 2555 1037 2620 Sanctionem
1074 2557 1282 2640 cognovisse.
1338 2551 1400 2616 Ilici

304 2658 410 2720 enim:
448 2658 646 2742 „Postquam
678 2678 793 2741 preces
817 2665 850 2718 et
873 2652 1022 2739 querelas
1047 2655 1158 2717 curiae
1181 2663 1317 2716 nostrae
1339 2648 1402 2714 audi

302 2755 412 2818 vimus
441 2765 474 2818 31
498 2776 556 2839 per
579 2776 652 2818 eam
677 2763 895 2817 memoratum
920 2751 1090 2815 decretum
1114 2775 1137 2816 s.
1154 2749 1324 2814 Ludovici
1347 2746 1402 2809 rid'

303 2857 406 2918 mus.“
415 2852 440 2935 ³)
470 2851 567 2918 Unde
591 2874 650 2937 pro
674 2853 879 2938 genuinitate
903 2849 1004 2934 liujus
1027 2849 1217 2912 documenti
1243 2847 1324 2912 inde
1346 2843 1401 2908 nib‘

303 2950 413 3034 colligi
438 2960 555 3036 potest,
588 2953 653 3014 irno
678 2951 835 3036 sequitur,
868 2950 976 3012 minus
1001 2959 1116 3011 notum
1139 2969 1178 3010 ac
1203 2946 1349 3010 solemne
1369 2939 1410 3004 ad·

303 3047 369 3112 buc
393 3060 472 3113 tunc
496 3049 578 3113 illud
602 3048 714 3114 fuisse.

394 3167 445 3230 72.
486 3166 541 3230 Ad
566 3164 767 3230 Sanctionem
785 3165 1021 3250 prupmuticam
1045 3162 1126 3226 forte
1151 3161 1251 3224 etiam
1279 3155 1410 3222 alludunt

304 3265 438 3328 comitia
461 3266 555 3348 regni
570 3263 760 3328 'Iunonibus
784 3286 813 3327 a.
838 3262 923 3325 1483
948 3261 1071 3324 habita.
1121 3257 1317 3322 Conventus
1339 3255 1408 3317 euin

305 3383 479 3447 procerum
504 3386 523 3426 a
547 3383 623 3446 rege
649 3359 766 3426 Carolo
790 3359 875 3423 VIII
898 3359 990 3444 petit,
1024 3367 1061 3421 ut
1084 3367 1117 3420 et
1140 3358 1210 3442 ipse
1233 3375 1367 3439 regnum
1387 3361 1409 3408 n

305 3461 479 3525 ecclesiam
505 3459 716 3524 Gallicanam
747 3468 889 3537 tueatur,
921 3479 960 3520 ea
990 3457 1127 3536 ratione,
1165 3455 1212 3516 uti
1238 3446 1408 3536 1313333311-

306 3562 406 3623 tarint
438 3559 509 3644 ejus
539 3557 808 3644 praedecessores
839 3553 1036 3634 Clodoveus,
1068 3575 1092 3617 e.
1117 3551 1321 3620 LudovIcus,
1353 3544 1408 3608 Phi·

306 3656 417 3743 lippus
440 3656 593 3737 Pulcher,
626 3655 783 3734 Joannes,
810 3650 948 3717 Carolus
973 3651 1016 3732 V,
1042 3648 1179 3715 Carolus
1204 3647 1253 3711 VI
1279 3659 1310 3710 et
1332 3644 1408 3707 Caro·

383 3905 404 3974 ¹)
424 3905 478 3960 Cfr.
499 3904 591 3969 Giris,
610 3903 663 3956 Les
682 3903 752 3956 deux
771 3899 991 3966 Pragmatiques,
1010 3897 1050 3950 Ch
1079 3897 1118 3950 IX

381 3985 402 4053 ²)
422 3988 472 4054 Ap.
492 3985 589 4041 ausen.
610 4001 626 4052 p
657 3987 697 4036 11.
719 4013 750 4021 -
770 3981 869 4036 Merito
889 3987 981 4032 tamen
1000 3977 1122 4031 advertit
1141 3975 1234 4040 Getis,
1254 3975 1407 4054 13133113

308 4066 422 4130 1113311,
441 4083 467 4133 p.
486 4066 545 4130 263,
572 4081 606 4117 ex
625 4069 704 4118 sextu
723 4062 794 4115 haud
821 4059 922 4127 adfigi,
947 4058 991 4111 hic
1009 4057 1057 4126 agi
1081 4057 1115 4110 de
1138 4053 1231 4120 aliqua
1254 4055 1404 4122 recursurus

308 4165 329 4206 s.
349 4146 486 4201 Ludovici.

383 4231 404 4296 ³)
424 4229 473 4294 Ap.
493 4227 591 4288 Elison,
610 4243 635 4294 p.
659 4228 698 4278 14.
