2868 4844
216 445 257 498 De
274 443 524 509 Reservationibns,
544 443 670 500 Auratis.
690 444 866 501 Commentis.
1072 445 1125 498 217

27 611 42 650 a
71 585 232 652 Ludovico
273 585 483 670 defecerunt,
530 596 563 652 et
599 610 620 650 a
658 589 805 673 quinque
834 586 1033 653 electoribus
1066 609 1126 651 rex

28 695 137 749 creatus
171 685 235 749 fuit
267 682 404 750 Carolus
435 684 484 749 IV
524 681 613 748 filius
641 685 783 750 Joannis
819 686 907 769 regis
934 684 1125 750 Bohemiae.

28 781 122 846 Altero
144 783 342 866 ann01347,
366 803 470 869 quum
493 780 617 846 bellum
642 781 742 847 civile
760 783 833 867 jam
850 784 1048 864 immineret,
1073 783 1288 848 die¹¹⁰³1=e⁶r

27 881 74 944 11⁰
94 877 242 946 Octobris
272 888 375 946 morte
404 889 454 944 est
482 890 651 965 correptus
682 879 887 963 Ludovicus,
922 891 955 945 et
989 879 1128 945 Carolus
1189 851 1244 893 ’ω’

27 977 145 1060 pacifice
156 999 296 1062 regnum
309 987 342 1042 et
351 979 532 1064 Imperium
547 975 703 1042 obtinuit.
714 973 755 1026 ‘-
767 976 904 1042 Carolus
912 977 961 1041 IV
976 980 1131 1063 regnavit

27 1098 113 1161 usque
143 1076 239 1142 ada.
266 1077 362 1142 1378.
409 1076 560 1159 Regnum
586 1066 682 1140 suum
707 1074 888 1141 Bobemiac
912 1086 1004 1140 tanta
1026 1077 1130 1140 admi·

26 1175 163 1238 nistravit
183 1173 406 1239 sollicitudine
431 1183 463 1236 et
486 1173 529 1237 ad
552 1171 653 1238 talem
683 1172 842 1260 perduxit
869 1175 1130 1260 prosperitatem,

27 1271 252 1337 utaBobernis
275 1292 392 1356 regum
416 1291 552 1336 suorum
575 1270 659 1336 forte
683 1293 832 1336 summus
855 1271 1028 1336 habeatur.
1064 1270 1130 1338 Sed

28 1367 192 1454 Imperium
217 1368 316 1453 longe
339 1368 448 1434 abfuit
470 1368 514 1432 ab
528 1370 666 1455 antiquo
680 1368 865 1454 splendore,
889 1369 1037 1434 influxus
1061 1369 1133 1455 ejus

26 1467 53 1528 in
73 1466 167 1532 ltalia
188 1467 257 1532 fere
282 1467 391 1532 nullus
423 1477 502 1546 erat,
542 1477 642 1554 atquc
678 1469 778 1532 etiam
813 1468 848 1531 in
873 1465 1054 1532 Germania
1088 1464 1132 1531 ad

26 1563 183 1629 arbitrium
207 1564 413 1651 singulorum
440 1567 627 1651 principum
652 1588 693 1629 ao
717 1566 892 1630 civitatum
915 1587 967 1628 res
982 1564 1133 1650 dispone·

28 1661 140 1744 bantur,
165 1675 197 1727 et
221 1663 344 1728 multae
368 1666 403 1728 in
420 1664 522 1727 variis
546 1661 739 1746 regionibus
761 1663 879 1729 turbae
895 1673 1030 1728 exortae
1046 1672 1134 1726 sunt.

27 1759 183 1826 Praeterea
206 1763 337 1846 magnis
361 1760 607 1826 calamitatibus
630 1759 713 1824 baec
736 1769 886 1846 tempora
909 1760 1135 1838 abundarunt,

29 1861 98 1923 inter
118 1881 201 1944 quas
216 1861 395 1945 praecipue
412 1867 603 1922 recensetur
619 1859 737 1941 ingens
754 1857 810 1923 illa
826 1857 1024 1944 pestilentia,
1048 1879 1135 1944 quae

29 1955 97 2020 ultra
120 1957 320 2021 decennium
352 1967 456 2021 totum
482 1956 549 2020 fere
573 1954 689 2020 orbem
716 1965 878 2021 terrarum
903 1957 1057 2021 vastavit.
1103 1956 1136 2019 A

30 2053 124 2118 multis
147 2053 350 2139 auctoribus,
381 2055 575 2141 praesertim
600 2051 811 2136 Germaniae,
843 2051 980 2119 Carolus
1003 2053 1052 2119 IV
1084 2075 1136 2118 ac·

30 2161 155 2232 cusator,
195 2152 284 2238 quod
317 2153 463 2237 ignavia,
503 2149 717 2235 negligentia,
756 2151 908 2216 socordia
941 2175 1000 2216 sua
1032 2150 1136 2216 dilabi

29 2247 193 2335 inperium
226 2253 331 2335 magis
355 2251 528 2334 magisque
559 2249 686 2314 iecerit.
733 2247 798 2313 Sed
830 2249 886 2314 alii
919 2251 1035 2315 merito
1059 2271 1136 2314 eum

29 2358 190 2421 excusant;
230 2347 312 2411 adeo
345 2349 436 2412 enim
473 2346 535 2412 sub
558 2347 733 2412 Ludovico
763 2348 835 2433 jam
866 2347 1032 2412 diminuta
1066 2357 1138 2412 erat

30 2445 227 2530 imperatoris
250 2455 405 2530 potestas,
437 2468 477 2510 ac
500 2467 553 2509 res
575 2445 659 2509 adeo
683 2444 905 2530 perturbatae,
937 2457 974 2510 ut
997 2444 1137 2509 difficul-

31 2553 97 2608 tates
126 2563 276 2607 summae
308 2565 351 2608 ex
380 2553 473 2629 parte
506 2543 697 2628 principum
728 2554 761 2606 et
790 2543 987 2629 populorum
1019 2541 1138 2608 Carolo

31 2639 193 2705 obstarent.
241 2639 418 2706 Caeterum
443 2663 521 2705 vero
546 2651 617 2705 erat
640 2642 711 2727 ipse
728 2640 899 2706 Ecclesiae
922 2664 962 2706 ac
984 2641 1136 2725 religioni

31 2739 178 2820 addictus,
204 2750 238 2803 et
260 2739 375 2804 saltem
400 2739 648 2824 magnificentia
672 2739 817 2824 quadam
842 2747 980 2803 externa
994 2740 1140 2823 Impera-

31 2839 94 2900 toris
117 2837 324 2923 majestatem
349 2839 433 2902 tueri
459 2837 622 2904 studebat.
660 2837 724 2900 Res
748 2847 860 2901 tamen
883 2835 1138 2916 ecclesiasticae,

31 2956 116 3018 quum
139 2935 320 3000 Pontifices
344 2935 520 3000 Avenione
543 2937 773 3000 auctoritatem
799 2957 893 3000 suam
917 2945 950 2999 et
972 2934 1140 2998 influxum

32 3035 141 3098 minore
166 3045 302 3119 possent
326 3036 438 3118 vigore
463 3032 641 3119 explicare,
674 3031 834 3119 malisque
858 3043 891 3096 et
913 3052 1043 3096 morum
1071 3051 1139 3094 cor-

30 3133 159 3216 ruptioni
186 3131 311 3196 mederi
337 3133 447 3195 minus
470 3131 629 3214 valerent,
659 3133 765 3216 magis
791 3132 963 3216 magisque
986 3128 1140 3193 turbatae

32 3239 103 3311 sunt,
119 3253 157 3294 ac
171 3228 381 3316 disciplinae,
398 3231 604 3294 reverentiae
620 3239 652 3294 et
666 3227 876 3294 obedientiae
893 3249 971 3312 erga
984 3251 1008 3292 s.
1019 3225 1142 3290 Sedem

31 3329 151 3393 vincula
175 3327 330 3392 resoluta.

544 3749 624 3814 1'V.

71 3926 128 3990 De
151 3927 533 4004 mammonas,
557 3925 739 3989 Annalis
762 3929 800 3986 ct
823 3921 1097 3988 commuuio.

111 4121 162 4188 68.
188 4121 281 4186 Inter
296 4122 533 4202 accusationes,
549 4140 634 4205 quae
651 4119 683 4181 in
698 4115 877 4180 Pontifices
890 4115 1145 4180 Avenionenses

38 4215 185 4300 seruntur,
218 4217 517 4282 considerationem
550 4215 750 4302 peculiarem
793 4223 960 4278 merentur
991 4212 1146 4300 querelae
