2916 4842
125 2411 263 2452 Rationale·

170 2485 227 2514 mus.

280 411 315 466 88
476 412 579 466 XXIII.
598 414 638 468 De
657 420 733 468 statu
752 414 851 470 Eccles.
871 414 954 483 priori
973 414 1059 468 medlo
1078 430 1146 467 saec.
1166 414 1229 467 XII.

280 557 360 620 nati,
394 593 435 602 —
470 556 646 621 orthodoxa·
670 580 800 644 quoquc
830 560 863 622 in
894 558 1043 621 diversas
1066 557 1178 621 abiere
1209 558 1408 638 sententias,

281 675 420 739 quarum
443 665 520 718 sunt
543 654 605 718 hae
630 656 715 720 duae
739 658 947 740 praecipuae.
994 655 1119 736 Altera,
1149 664 1282 719 auctore
1305 652 1406 718 Guli-

281 750 365 814 elmo
399 750 620 838 Campellensi
653 753 708 836 (de
742 753 984 838 Champeaux),
1022 752 1243 832 contentebat,
1279 773 1409 836 genera

281 858 314 912 et
336 851 462 934 species
486 871 556 914 esse
573 852 680 936 ipsam
696 853 872 916 essentiam
898 851 1148 915 individuorum
1165 849 1296 914 realiter
1320 851 1409 934 ipsis

282 968 501 1029 communem,
530 959 629 1034 atque
653 950 736 1014 adeo
760 949 937 1014 individua
968 949 1045 1014 solis
1076 947 1305 1014 accidentibus
1339 948 1410 1012 dis·

281 1046 400 1128 tingui.
448 1045 502 1110 Ab
526 1044 590 1110 hac
613 1049 672 1110 vix
697 1048 808 1113 differt
822 1048 963 1113 loannis
979 1047 1075 1113 Duns
1092 1045 1192 1128 Scoti,
1217 1067 1276 1109 111
1292 1047 1409 1131 potius

284 1140 500 1206 Scotistarum
526 1145 746 1229 quorumdam
762 1146 912 1210 doctrina
929 1145 1154 1226 statuentium,
1180 1142 1409 1207 universalem

283 1242 459 1304 essentiam
484 1243 518 1305 in
543 1243 726 1308 individuis
750 1246 947 1308 existentem
981 1265 1075 1308 suam
1099 1245 1134 1306 in
1167 1243 1247 1328 ipsis
1272 1243 1409 1305 univer-

283 1337 445 1402 salitatem
461 1361 538 1404 vere
562 1363 601 1404 ac
614 1341 745 1405 realiter
760 1344 909 1406 retinere.
930 1379 973 1388 —
997 1340 1111 1404 Altera
1127 1340 1298 1417 sententia,
1317 1361 1409 1424 quae
1456 1377 1457 1396 1

284 1438 446 1500 concinne
470 1461 488 1500 a
513 1461 537 1504 s.
563 1437 692 1502 Thoma
716 1450 795 1506 ets.
821 1439 1057 1504 Bonavcutura
1087 1439 1238 1524 exposita
1268 1447 1300 1501 et
1328 1459 1409 1500 ero·

282 1532 351 1596 luta
375 1534 446 1615 fuit,
471 1557 635 1621 quamque
666 1536 836 1601 doctorum
867 1538 1014 1600 maxima
1037 1559 1114 1622 pars
1138 1534 1281 1620 amplexi
1315 1545 1408 1611 suut,

284 1631 389 1714 docet,
428 1654 497 1697 esse
522 1634 656 1720 quidem
690 1637 725 1698 in
755 1635 1040 1715 rebusnaturam,
1066 1657 1151 1720 quae
1176 1635 1209 1697 in
1234 1633 1409 1696 11111111-

284 1728 403 1792 versali
420 1733 614 1816 concipitur,
640 1733 778 1798 sednon
796 1732 914 1797 eodem
930 1731 1027 1798 modo
1050 1755 1089 1796 ac
1107 1733 1301 1816 concipitur.
1329 1729 1410 1809 Qua

285 1848 362 1890 vero
387 1829 523 1911 ratione,
549 1841 585 1893 ut
608 1829 690 1895 haec
714 1832 878 1895 sententia
902 1831 1070 1912 clarescat,
1103 1831 1219 1893 merito
1244 1829 1410 1912 distingu-
1456 1847 1457 1854 ¹

284 1934 359 1987 atur
383 1927 569 1991 universale
585 1928 746 2010 directum,
772 1939 804 1992 et
827 1928 1016 1992 universale
1032 1929 1190 2015 reflcoeom,
1215 1925 1410 1990 universale

275 2022 522 2108 ficudumoatole
554 2036 586 2089 et
608 2027 796 2091 universale
819 2027 972 2113 formale,
1005 2026 1125 2090 docent
1156 2036 1305 2090 auctores
1334 2047 1411 2109 pro-

285 2119 396 2203 bati.¹)
443 2121 537 2186 Haec
560 2134 671 2188 autem
696 2125 876 2206 sufficiunt,
902 2134 937 2188 ut
950 2127 1193 2190 controversiae
1218 2123 1411 2207 dequibus

284 2218 381 2283 uobis
404 2221 571 2304 agendum
596 2231 645 2286 est
668 2222 903 2307 intelligantur.
1089 2224 1092 2231 '

379 2391 452 2456 113.
485 2391 580 2456 Aliae
605 2394 848 2456 coutroversiae
864 2390 942 2455 indo
966 2400 1100 2454 exortae
1116 2398 1202 2471 sunt,
1227 2388 1316 2474 quod
1337 2390 1412 2473 qui-

288 2486 363 2550 dam
389 2491 547 2573 magistri,
571 2499 603 2553 et
628 2493 771 2555 maxime
795 2488 1014 2570 Abaelardus‚
1037 2489 1175 2552 rationis
1199 2486 1348 2572 partibus
1371 2487 1412 2548 in

287 2587 419 2668 negotio
444 2586 521 2650 fidei
546 2598 579 2651 et
602 2589 636 2652 in
661 2587 869 2672 explicandis
893 2585 1104 2671 dogmatibus
1125 2585 1349 2664 abuterentur,
1376 2595 1413 2646 et

285 2683 540 2748 rationalismum
564 2685 742 2770 quemdam
766 2687 800 2749 in
817 2683 1016 2768 theologiam
1040 2682 1245 2747 inducerent.
1293 2681 1411 2744 Facile

287 2780 391 2860 vides,
416 2783 516 2846 etiam
541 2780 661 2846 talibus
685 2782 962 2862 aberrationibus,
988 2781 1141 2866 quamvis
1164 2801 1223 2865 per
1239 2776 1410 2854 accidens,
1456 2853 1457 2870 χ

286 2880 493 2944 occasionem
509 2881 700 2965 praebuisse
716 2879 908 2954 methodum
932 2877 1163 2942 scholasticam
1187 2899 1303 2962 perse
1327 2899 1411 2940 sane

287 2977 455 3060 optimam.
510 2979 641 3042 Etenim
675 2980 811 3064 quinam
848 2977 976 3044 debeat¹
1000 2999 1070 3040 esse
1098 2976 1235 3039 rationis
1265 2995 1344 3037 usus
1376 2985 1411 3036 et

287 3074 454 3160 quodnam
480 3077 625 3141 officium
651 3079 684 3140 iu
713 3075 942 3161 praeparanda
969 3074 1045 3156 fide,
1077 3072 1179 3158 aliqui
1207 3071 1298 3136 haud
1329 3073 1411 3135 satis

287 3185 536 3258 perspexerunt,
563 3175 708 3261 dumque
725 3175 814 3261 ipsas
831 3174 998 3238 doctrinas
1022 3172 1234 3257 operationis
1257 3180 1289 3233 et
1305 3169 1410 3254 philo-

288 3269 424 3357 sophiae
448 3273 603 3338 subtilius
627 3273 805 3361 explanare
830 3274 939 3336 conati
956 3281 1041 3354 sunt,
1074 3272 1196 3356 passim
1225 3293 1244 3334 a
1269 3271 1409 3333 veritate

287 3369 493 3436 aberrarunt.

379 3513 452 3578 114.
500 3516 648 3580 Primum
673 3537 731 3601 per
755 3512 1031 3578 Nominalismum
1056 3513 1090 3574 in
1115 3532 1268 3598 erroneas
1292 3509 1409 3573 doctri-

288 3634 348 3676 nas
372 3613 491 3677 incidit
522 3615 592 3700 ipse
623 3613 723 3700 hujus
754 3612 941 3693 systematis
965 3631 1085 3695 parcns
1115 3607 1321 3688 Roscelinus,
1354 3605 1408 3670 ad·

288 3711 539 3799 versariumque
562 3713 691 3776 invenit
714 3708 962 3778 111111111111.
1009 3705 1203 3772 Roscelinus
1220 3716 1291 3770 erat
1314 3726 1408 3768 cano·

288 3810 383 3872 uicus
400 3807 685 3894 Compendiensis,
711 3809 768 3894 qui
793 3806 917 3872 ibidem
940 3804 1087 3872 scholam
1112 3802 1320 3868 dialecticam
1337 3802 1408 3866 fun-

215 3894 216 3900 *
289 3908 383 3971 davit
407 3918 504 3994 atque
528 3906 673 3992 regebat.
722 3905 999 3970 Nominalismum
1015 3925 1112 3968 suum
1136 3903 1206 3987 ipse
1227 3900 1410 3986 applicavit

288 4091 501 4100 --—-—‘-—

365 4205 386 4273 ¹)
404 4203 474 4257 Vide
492 4219 561 4271 quae
580 4201 696 4256 dixImus
715 4214 757 4266 ap.
776 4194 926 4265 Tongiorgi
945 4194 1048 4263 LogIoa
1066 4209 1092 4250 1
1112 4193 1165 4248 518
1183 4209 1240 4262 sqq.
