2814 4848
303 475 357 528 384
464 473 580 528 XXVII.
599 474 639 528 De
657 473 761 529 haeres.
780 475 947 542 repressione
967 475 1049 528 aede
1068 474 1266 528 Decretalibus.
1396 549 1397 556 ἵ

305 621 339 682 in
363 618 562 682 immensum
586 619 778 698 extendens,
804 620 837 682 in
854 619 1021 683 Decretali
1040 621 1141 683 Novit
1163 617 1243 681 talia
1263 615 1397 702 principii

305 717 482 795 statuisset,
508 727 544 778 ut
562 716 634 800 jam
658 715 781 780 exinde
804 719 942 801 quaevis
967 739 1066 780 causa
1091 717 1133 781 ad
1157 715 1302 781 tribunal
1323 691 1397 776 ecclel

306 815 474 878 siasticum
499 813 612 877 referri
637 825 746 898 posset
766 838 827 900 per
850 815 1120 879 denuntiationem
1127 839 1139 895 ;
1167 812 1322 878 videlicet
1342 799 1397 876 duri

306 923 398 976 actor
422 933 541 975 causae
557 923 725 992 assereret,
746 903 878 997 peccare
894 927 1097 995 accusatum,
1122 911 1211 999 quod
1222 910 1279 996 jus
1295 909 1397 973 alterici

307 1011 410 1096 partis
434 1031 613 1092 agnoscere
638 1010 758 1090 nolit.¹)
812 1011 888 1076 dam
919 1011 1075 1092 diximus,
1108 1011 1142 1076 id
1178 1008 1335 1096 ejusmodi
1358 987 1397 1068 nel

308 1106 420 1171 cretali
446 1105 633 1170 nullatenus
649 1107 792 1188 intendi,
818 1109 1001 1172 secundum
1018 1111 1236 1173 intentionem
1260 1067 1397 1170 Pontificil

308 1207 418 1290 agitur
442 1205 480 1266 de
502 1207 595 1288 qrooi
611 1217 744 1291 peccato
763 1205 905 1292 publico,
937 1206 1026 1292 quod
1049 1227 1166 1292 pacem
1190 1203 1312 1284 turbat,
1334 1179 1397 1268 alitel

309 1325 375 1368 non
399 1303 599 1388 reprimitur,
625 1315 657 1366 et
668 1302 746 1366 Sodi
763 1303 974 1389 Apostolicae
999 1305 1222 1368 denuntiatur.
1256 1279 1397 1368 Caeterod

310 1423 389 1465 saeue
414 1421 530 1463 verum
548 1410 606 1481 est,
631 1399 815 1464 Ecclesiam
841 1423 935 1486 posse
953 1402 993 1465 de
1010 1400 1165 1465 omnibus
1181 1399 1326 1484 peccatis
1347 1371 1397 1462 mol

310 1497 446 1578 talibus,
467 1520 506 1561 ac
532 1497 572 1562 de
588 1498 731 1583 publicis
756 1501 856 1562 etiam
872 1500 907 1564 in
923 1500 993 1563 foro
1011 1509 1157 1580 externo,
1178 1497 1339 1584 judicare.
1361 1491 1392 1554 Se

312 1596 389 1660 iude
414 1618 533 1659 causae
556 1595 710 1680 publicae
735 1599 933 1682 criminosae
957 1597 1106 1661 nondum
1123 1594 1358 1659 subtrahuntur
1374 1591 1384 1672 j

313 1695 379 1758 diei
403 1693 505 1758 civili.
551 1694 637 1757 Nam
655 1697 753 1757 etiam
779 1697 804 1757 si
823 1695 973 1759 Ecclesia
996 1695 1140 1780 aliquem
1162 1696 1281 1756 citaret
1303 1702 1385 1775 piropt

313 1795 437 1856 crimen
462 1792 632 1878 publicum
657 1792 699 1855 acl
725 1814 821 1856 suum
845 1793 990 1857 tribunal
1012 1791 1192 1877 spirituale,
1218 1791 1297 1854 inde
1321 1765 1397 1872 peri

313 1914 379 1955 uon
404 1891 540 1975 derogat
570 1891 811 1975 competentiae
841 1891 1017 1955 tribunalis
1050 1890 1169 1970 civilis,
1201 1888 1292 1975 quod
1323 1859 1397 2044 secu*

314 1989 394 2053 dum
418 1988 505 2072 leges
530 1990 707 2052 existentes
736 1991 770 2052 in
794 1999 985 2053 accusatum
1011 2011 1110 2073 agere
1134 1995 1252 2072 potest.
1310 1981 1394 2063 Quod

314 2109 392 2150 vero
418 2086 526 2150 medio
551 2107 634 2150 aevo
659 2085 788 2149 facilius
810 2109 928 2150 causae
945 2088 1107 2172 quaedam
1124 2083 1310 2148 secundum
1335 2081 1395 2143 dere

315 2187 512 2250 minatioues
540 2185 626 2269 juris
651 2184 791 2249 Romani
816 2197 848 2247 et
871 2187 1024 2248 canonici
1048 2185 1089 2248 ad
1116 2181 1263 2247 tribunal
1288 2177 1392 2243 ecclesi

314 2285 433 2347 sticum
468 2283 585 2347 deferri
612 2292 772 2368 poteraut,
806 2282 840 2346 id
864 2293 974 2346 tamen
999 2280 1188 2346 nullatenus
1218 2278 1264 2342 ad
1295 2245 1397 2340 libitui

314 2381 375 2446 sub
399 2393 571 2466 praetextu
597 2383 735 2467 peccati,
771 2381 1025 2448 concedebatur.
1072 2379 1283 2464 Simulatque
1308 2355 1397 2444 dolel

314 2479 384 2543 fieri
410 2480 654 2558 ostendebatur,
681 2480 789 2564 judex
814 2480 1057 2544 ecclesiasticus
1092 2499 1225 2542 causam
1261 2475 1359 2539 talem
1380 2467 1397 2534 d

315 2575 438 2640 clinare
463 2576 645 2660 debebam)
1396 2555 1397 2598 l

408 2684 459 2748 83.
495 2683 593 2763 Quod
626 2685 760 2748 demum
792 2696 919 2769 spectat
950 2686 992 2750 acl
1017 2685 1185 2768 negotium
1218 2679 1315 2761 illud,
1346 2647 1397 2762 cujl

233 2772 266 2801 ¹¹¹'
317 2784 424 2865 gratia
440 2783 624 2846 Decretalis
642 2784 741 2846 Novit
764 2785 853 2847 edita
877 2784 948 2864 fuit,
980 2781 1116 2869 juvabit
1131 2783 1249 2866 paucis
1275 2800 1386 2842 enarre

317 2879 398 2964 quid
428 2883 461 2943 in
486 2879 541 2944 lite
566 2882 652 2944 iuter·
680 2879 871 2967 Philippum
897 2893 928 2945 et
952 2883 1114 2947 Joaunem
1146 2878 1363 2942 Innocentius

316 2975 452 3040 ulterius
476 2981 589 3060 egerit.
628 2978 742 3042 Abbas
759 2979 951 3063 Cesernarii,
974 2979 1147 3043 Pontificis
1170 2975 1313 3058 legatus,
1338 2995 1387 3058 qu¹

309 3074 380 3159 jam
405 3077 514 3140 varios
539 3087 676 3140 conatus
707 3079 798 3161 pacis
822 3077 1070 3163 componendae
1094 3076 1234 3154 fecisset,
1269 3081 1344 3158 post
1366 3091 1391 3132 m

314 3195 383 3236 sam
408 3173 451 3237 ab
476 3172 670 3238 Innocentio
687 3176 738 3238 111
764 3175 852 3238 illam
869 3175 1040 3260 epistolam
1065 3173 1229 3258 synodum
1247 3169 1378 3256 praesul

314 3273 422 3354 coegit
445 3272 533 3357 apud
558 3274 727 3336 civitatem
743 3272 957 3355 llleldensem,
983 3283 1018 3336 ut
1042 3273 1082 3336 de
1108 3293 1207 3335 cauas
1232 3271 1298 3333 ista
1323 3281 1381 3332 stat

313 3379 413 3433 retur.
459 3370 607 3434 ‚loannes
631 3371 773 3456 Angliac
803 3395 863 3436 rex
892 3373 1058 3452 neminem
1085 3372 1174 3433 misit
1203 3369 1247 3432 ad
1273 3337 1397 3432 illaml

316 3467 449 3548 nodum,
478 3467 653 3555 Philippus
681 3491 755 3534 vero
789 3493 868 3554 „per
897 3471 1028 3534 eosdem
1062 3468 1344 3553 archiepiscopos,
1373 3471 1397 3552 cl

314 3587 429 3650 scopos
454 3576 486 3628 et
509 3565 646 3632 abbates
670 3568 748 3632 fecit
771 3568 813 3632 ab
838 3591 875 3632 eo
901 3569 1032 3652 (legato)
1061 3567 1104 3630 ad
1128 3565 1249 3630 Sedem
1275 3555 1397 3650 Apostd

315 3686 387 3727 cam
412 3663 583 3749 appellari.
632 3665 781 3746 Quorum
813 3665 1026 3752 appellationi
1057 3664 1161 3728 noluit
1194 3664 1265 3748 ipse
1302 3637 1397 3734 del'crl

314 3763 377 3825 nisi
397 3761 575 3847 jurassent,
601 3763 689 3850 quod
706 3767 739 3828 in
757 3767 897 3828 termino
923 3785 1019 3850 quem
1046 3765 1092 3826 cis
1108 3761 1309 3848 praefigeret
1331 3737 1397 3844 appl

313 3859 471 3924 lationem
503 3863 608 3946 ipsam
633 3865 667 3927 in
692 3865 833 3949 propriis
858 3871 1133 3948 prosequerentur
1156 3861 1320 3945 personis.
1373 3841 1397 3920 d

314 4005 526 4014 ——

389 4091 396 4120 l

387 4095 410 4237 'l
428 4091 638 4240 didul'hslllibbl
657 4175 691 4227 K.
712 4174 743 4228 R.
763 4173 794 4228 B.
809 4173 857 4226 lli.
877 4173 903 4229 S.
917 4173 970 4226 ‘233
988 4185 1061 4238 sqq.;
1093 4167 1311 4238 Hergenrlltlrer,
1342 4161 1397 4221 liirl

314 4251 369 4304 und
387 4251 474 4309 Staat.
495 4252 573 4309 VIII.
593 4269 618 4307 n.
638 4255 680 4310 21.
701 4255 743 4310 22.
763 4253 788 4311 S.
807 4256 868 4310 410.
1396 4249 1397 4254 '
