2850 4834
370 427 411 482 De
429 427 505 482 lucta
523 426 653 490 Ludovioi
672 427 783 482 savari.
1108 429 1160 482 199

45 573 261 651 informatione
275 570 344 636 alia
359 593 453 657 cuper
467 594 514 646 ea,
523 575 547 652 ¹)
560 583 659 657 atque
676 571 869 652 declaravit,
883 571 967 657 quod
980 595 1075 659 super
1089 573 1160 658 ipso

47 673 160 756 menotio
177 671 294 757 parati
315 692 422 733 eumue
434 681 580 756 prompte
597 679 628 732 et
643 669 789 755 eapedite
806 693 873 734 cum
881 669 1028 754 fratrum
1039 681 1159 734 mosmo-

44 792 110 832 rum
131 767 270 851 comalio,
295 770 375 832 aaut
398 777 428 830 et
450 769 584 852 requirit
606 768 724 850 nepotii
746 765 899 852 qualitas,
920 769 1084 856 justitiam
1107 791 1157 832 etc·

42 866 139 930 labere
161 877 190 931 et
212 866 315 930 adbuc
337 867 476 949 qratiam
508 876 538 928 et
559 863 801 949 favorabiliter,
832 876 983 950 quamtum
1005 868 1074 930 eine
1098 867 1162 930 Dei

43 962 157 1048 offensa
194 985 329 1049 maeque
365 974 496 1026 cunctae
526 962 687 1025 Ecclesiae
721 963 924 1049 praejudicio
964 987 1002 1026 uo
1039 965 1162 1052 injuria

37 1063 223 1147 principum,
255 1062 299 1126 ad
322 1083 399 1146 quoe
421 1061 529 1124 electio
553 1063 637 1144 repis
662 1063 876 1124 ltontumorum
897 1062 1104 1146 promovendi
1126 1063 1161 1126 im

41 1160 259 1244 Imperatorem
279 1161 439 1245 pertimere
461 1159 612 1236 noratur,
633 1161 754 1244 poterit
768 1158 855 1242 fieri,
880 1181 948 1222 oum
969 1159 1025 1223 ltoc
1048 1182 1161 1246 oppor-

40 1269 110 1320 tune
126 1257 324 1344 postulatum
339 1257 456 1343 fiierit,
480 1278 537 1320 moe
560 1257 714 1336 labao.²)
762 1258 799 1320 ln
825 1256 877 1320 his
902 1256 985 1321 nihil
1010 1258 1162 1322 invenies

41 1375 103 1438 qno
124 1354 273 1419 loannes
292 1355 379 1440 juris
403 1375 554 1418 normam
580 1353 765 1420 violaverit.
813 1355 1024 1420 Pontificiam
1049 1365 1161 1419 autem

39 1452 230 1534 dignitatem
256 1455 542 1517 etauctoritatem
568 1464 636 1516 tam
660 1475 778 1538 parum
802 1455 933 1538 utrique
959 1452 1053 1518 electi
1072 1475 1161 1518 reve-

42 1551 93 1612 riti
115 1560 218 1631 erant,
243 1561 280 1613 ut
303 1550 382 1615 inde
398 1550 547 1615 loannes
571 1550 732 1614 sollicitus
757 1573 828 1614 esse
852 1551 997 1633 deberet,
1023 1575 1064 1616 ne
1082 1552 1162 1637 jura

40 1647 132 1712 Sedis
156 1648 369 1734 Apostolicae
392 1648 491 1734 plane
515 1648 774 1734 despicerentur.
823 1649 893 1713 Nec
926 1651 1015 1713 enim
1040 1650 1163 1714 adsunt

39 1756 240 1828 argumenta,
266 1746 388 1832 quibus
412 1746 579 1831 probetur,
605 1746 897 1830 praedilectionem
919 1747 1059 1812 loannis
1084 1769 1162 1830 erga

40 1842 149 1908 Gallos
172 1843 338 1908 obstitisse
354 1844 628 1923 reconciliationi,
653 1847 808 1930 quamvis
830 1859 918 1908 certe
935 1845 1016 1909 baec
1033 1844 1163 1910 facilior

37 1941 160 2022 fuisset,
192 1943 220 2005 si
247 1931 401 2006 Pontifex
428 1944 602 2028 antiquam
626 1943 752 2006 Romae
782 1945 1074 2008 commorationem
1100 1965 1162 2008 ser·

39 2049 156 2102 vasset.

120 2137 176 2201 49.
202 2136 285 2201 Inde
308 2135 351 2200 ab
375 2160 404 2200 a.
426 2137 511 2201 1327
535 2136 827 2202 vehementissimo
852 2139 950 2202 modo
967 2139 1162 2203 Ludovicus
1197 2137 1307 2178 ”¹¹⁶⁰“0'

39 2255 183 2318 pugnam
222 2245 338 2300 contra
376 2235 542 2300 loannem
573 2235 680 2298 XXII
719 2246 911 2322 prosecutus
947 2249 1009 2319 cst,
1046 2241 1092 2302 ita
1127 2205 1334 2304 utlllirllli‘

37 2335 142 2397 omnis
167 2332 448 2398 reconciliationis
478 2357 554 2419 spes
589 2346 811 2401 evanesceret.
859 2335 1163 2402 Pseudominoritas

37 2429 182 2517 aliosque
213 2432 421 2496 adversarios
452 2432 633 2512 Pontificie
676 2435 724 2497 uti
750 2435 822 2517 jam
854 2435 1011 2516 diximus,
1046 2437 1162 2500 intimo

37 2529 93 2592 sibi
124 2551 219 2592 nexu
249 2531 434 2614 conjunxit,
471 2552 583 2594 eorum
616 2553 717 2616 opera
749 2555 827 2596 usus
851 2543 909 2612 est,
944 2545 981 2596 ut
1004 2534 1106 2598 verbo
1131 2547 1164 2597 et

37 2630 167 2713 scriptis
189 2627 356 2693 Joannem
381 2627 595 2710 debellarent,
631 2640 663 2694 et
693 2653 805 2694 eorum
830 2630 984 2695 haereses
1009 2633 1162 2716 protexit.

38 2729 62 2788 A
87 2723 272 2790 Gibelliuie
301 2729 335 2790 in
360 2727 492 2791 Italiam
528 2737 666 2792 vocatus
690 2749 728 2792 eo
754 2729 922 2813 profectus
946 2740 1004 2811 eet,
1035 2752 1075 2794 ac
1100 2732 1163 2816 pri·

38 2847 121 2889 unm
139 2823 294 2888 Tridenti
317 2846 428 2890 menne
444 2825 627 2890 Februario
652 2826 910 2892 conciliabulum
928 2827 1046 2892 habuit
1062 2827 1163 2892 sebio

38 2925 231 2987 maticornm
257 2933 289 2986 et
313 2925 501 3007 impiorum,
527 2925 582 3006 qui
610 2925 644 2987 in
661 2947 736 2987 eum
763 2936 984 3010 proruperunt
1006 2927 1161 3008 furorem,

37 3034 68 3082 ut
98 3041 296 3104 supremum
330 3022 362 3084 in
389 3022 486 3084 terris
510 3021 775 3085 Christianorum
809 3035 909 3108 caput
940 3024 1164 3090 anathematis

37 3129 188 3180 notarent
229 3119 367 3182 infamia
400 3117 462 3182 sub
494 3121 628 3183 nomine
661 3120 839 3206 presbyteri
868 3122 1018 3186 Joaamio.
1073 3122 1161 3187 Dein

37 3213 217 3280 llediolani
232 3238 252 3279 a
268 3215 399 3280 duobus
412 3216 569 3302 praelatis
586 3218 745 3301 depositis
760 3219 955 3283 Ludovieus
970 3243 1029 3284 rex
1045 3220 1163 3288 Italiae

35 3325 210 3379 coronatus
241 3325 299 3378 est.
347 3316 472 3379 Romae
505 3337 564 3399 per
587 3317 754 3379 Seiarram
787 3315 937 3381 Colonna
968 3328 1001 3382 et
1030 3317 1161 3403 plebem

100 3567 121 3622 ἰ
144 3564 284 3617 Videntur
302 3561 369 3616 haec
387 3561 470 3616 verba
495 3563 644 3626 ostendere,
664 3580 681 3616 a
701 3563 837 3618 Fridericn
866 3565 1005 3618 electionie
1024 3565 1163 3620 decretum

36 3661 170 3712 nunqnam
182 3643 284 3697 loanni
296 3641 376 3696 xxn
396 3642 516 3696 oblatum
536 3642 628 3696 fuisse.
655 3645 709 3697 Cir.
725 3645 824 3698 Miller
842 3645 858 3700 Ι.
879 3661 900 3698 c.
921 3645 942 3697 1.
962 3645 1006 3701 29.
1032 3645 1162 3700 Advertit

36 3737 117 3780 nmen
139 3725 215 3777 hand
234 3724 383 3792 incongrue
396 3723 427 3776 cl.
440 3723 548 3791 Preger,
568 3725 616 3792 agi
635 3724 678 3776 hic
697 3726 729 3777 de
749 3725 970 3790 praesentatione
990 3742 1073 3788 nora,
1091 3743 1161 3792 qnae

37 3807 83 3858 teri
102 3805 256 3858 debuisset
295 3803 403 3857 Etenim
429 3817 477 3869 per
496 3805 701 3858 conventionem
727 3821 806 3870 otram
826 3821 885 3858 curn
907 3805 1042 3860 Ludovioo
1061 3807 1163 3860 inierat

37 3885 185 3940 Fridericns
215 3899 296 3951 quum
325 3897 358 3936 ex
386 3883 509 3937 custodia
532 3883 726 3946 dimitteretur,
755 3900 789 3938 ex
814 3885 873 3952 iure
892 3887 982 3953 priora
1000 3887 1162 3940 documenta

36 3965 104 4020 irrita
132 3963 329 4026 reddebantur,
357 3980 388 4016 ac
412 3979 484 4017 nova
509 3965 543 4016 ad
563 3979 717 4031 processum
736 3967 950 4032 prosequendum
971 3967 1163 4034 requirebatur

36 4045 136 4100 «oblatio.
177 4045 233 4099 Cir.
255 4045 359 4112 Preger
377 4045 393 4098 t
413 4060 435 4097 c.
454 4061 480 4112 p.
499 4045 542 4100 28.

97 4143 119 4201 r)
143 4135 233 4202 Epist,
253 4134 288 4187 nd
305 4133 385 4188 locu.
405 4133 493 4198 epae.
514 4133 658 4202 Argentin.
687 4135 711 4190 d.
731 4135 756 4187 d.
782 4134 849 4188 Non.
874 4133 947 4201 Sept
976 4151 993 4188 e
1022 4135 1046 4188 Χ
1086 4135 1161 4202 opud

40 4213 165 4282 ussus.
185 4231 209 4270 a,
235 4213 312 4270 1325.
332 4229 358 4266 n.
378 4215 403 4272 5.
