2850 4834
295 479 353 534 906
515 478 633 534 XXXII.
655 481 693 536 Ile
713 481 888 538 Pontificibus
907 483 1048 537 Arenione
1066 482 1242 536 commoratis.

298 633 333 687 ot
362 621 452 688 hunc
485 625 695 708 vicariatum,
731 625 837 690 donec
867 648 910 690 ex
934 625 1064 690 duobus
1088 623 1344 711 competitoribus
1372 627 1398 686 in

299 720 537 806 Imperatorem
568 724 643 807 quis
674 723 888 788 confirmatus
919 735 1018 804 esset,
1057 724 1207 789 loannes
1229 723 1320 786 XXII
1351 721 1399 784 llo·

299 818 393 883 horto
419 819 639 884 confirmavit.
670 821 793 886 Mirum
810 822 957 908 profecto
973 843 1041 886 non
1055 833 1114 902 est,
1140 821 1311 885 Pontifices
1333 817 1399 883 illud

300 937 421 981 munus
444 916 587 981 Roberto
612 919 790 984 contulisse
813 921 953 1005 ejusque
977 941 1078 1006 opera
1102 941 1178 983 usos
1202 941 1276 998 esse,
1307 929 1341 981 ut
1362 939 1402 980 res

300 1015 334 1077 In
359 1013 456 1078 Italia
479 1015 682 1098 ordinarent,
709 1019 788 1103 jura
811 1041 871 1082 sua
896 1027 1076 1096 tuerentur,
1102 1027 1135 1081 ot
1159 1015 1324 1080 Ecclesiae
1345 1035 1403 1100 pro·

299 1114 435 1177 tectioni
459 1113 684 1198 providerent.
719 1115 806 1180 Sane
831 1118 891 1180 vix
914 1115 998 1180 alius
1022 1117 1057 1180 in
1081 1114 1179 1179 Italia
1202 1115 1339 1177 inveniri
1361 1133 1403 1196 po·

300 1219 394 1292 terat,
420 1212 476 1296 qui
501 1211 629 1277 efficaci
655 1215 752 1278 modo
777 1215 885 1280 ordini
910 1213 1111 1300 provideret,
1135 1223 1168 1276 ot
1191 1235 1287 1277 ausus
1310 1209 1415 1298 (libel-l

299 1307 455 1390 linorum,
484 1312 541 1395 qui
557 1311 756 1376 Pontificum
768 1311 902 1398 juribus
930 1313 1040 1378 infesti
1056 1322 1160 1393 orant,
1190 1322 1415 1396 compesceret..

300 1405 352 1470 Ao
377 1428 512 1472 munere
537 1430 595 1472 suo
619 1431 736 1474 revera
755 1409 918 1474 Robertus
943 1410 1028 1475 beno
1051 1409 1186 1474 functus
1208 1419 1265 1472 est.
1290 1445 1331 1455 -
1353 1405 1404 1470 sel

300 1505 399 1570 simul
423 1505 479 1571 hic
502 1509 649 1572 maximo
672 1529 710 1572 eo
735 1508 904 1590 tendehat,
929 1520 967 1572 ut
989 1531 1082 1573 suam
1108 1511 1142 1572 in
1163 1507 1268 1573 Italia
1282 1509 1415 1592 potesta]

300 1613 367 1668 tom
379 1603 526 1668 firmaret
549 1615 581 1669 et
603 1605 831 1691 amplificaret,
857 1617 968 1692 utque,
993 1608 1020 1670 si
1045 1606 1116 1670 fieri
1142 1616 1261 1691 posset,
1284 1626 1341 1668 rex
1356 1604 1415 1666 Ita*

300 1699 364 1766 lise
388 1704 459 1788 ipso
475 1705 740 1771 constitueretur.
773 1703 1023 1770 Conoexionom
1040 1703 1157 1768 Italiae
1181 1725 1256 1768 cum
1281 1703 1405 1788 Imperio

302 1799 535 1866 considerabat
565 1803 612 1866 uti
645 1801 723 1866 huic
753 1823 854 1887 regno
883 1805 1049 1883 nocivam,
1080 1823 1188 1887 neque
1221 1800 1321 1886 hujus
1350 1819 1406 1861 con·

302 1901 455 1963 noxionis
491 1899 647 1964 censebat
685 1922 756 1965 esse
784 1901 841 1986 jus
877 1900 1046 1987 quoddam
1081 1898 1327 1984 irrefragabile,
1363 1895 1406 1958 sed

301 1999 497 2061 auctoritate
529 1997 702 2063 Pontificio
740 2021 863 2063 nexum
900 1999 1038 2064 dissolvi
1069 2018 1182 2084 posso3
1224 2007 1407 2079 conatusque

300 2095 463 2180 quosdam
493 2095 658 2178 adhibuit,
698 2107 735 2161 ut
767 2097 810 2162 ad
843 2096 1037 2162 solvendam
1068 2095 1156 2161 hanc
1184 2097 1408 2160 connexionem

301 2193 480 2257 Pontifices
504 2193 696 2260 adduceret.
742 2196 820 2261 dam
845 2205 993 2282 tempore
1018 2195 1198 2261 Clementis
1223 2195 1257 2256 V
1282 2207 1315 2257 et
1338 2191 1408 2255 Heu·

301 2293 363 2355 rici
388 2291 454 2355 VII
489 2293 731 2357 [annectionem
761 2315 800 2358 oa
833 2293 874 2358 do
898 2317 933 2358 re
958 2296 1049 2358 misit
1076 2293 1270 2376 adlegatos
1295 2311 1366 2355 suos
1385 2289 1408 2348 in

301 2390 395 2453 curia
425 2389 598 2475 pontificia
629 2391 797 2475 degentes.
843 2393 883 2457 In
915 2391 979 2457 hoc
1010 2392 1209 2456 documento
1241 2389 1409 2476 exponitur.

301 2509 345 2551 ex
360 2489 496 2573 Imperii
512 2490 746 2555 constitutione
769 2490 959 2576 frequenter
984 2513 1104 2577 magna
1121 2488 1209 2554 mala
1223 2499 1297 2552 tum
1313 2485 1409 2550 Italiae

302 2595 373 2648 tum
385 2586 604 2652 Pontificibus
621 2597 654 2652 et
668 2587 840 2652 Ecclesiae
855 2591 1060 2674 provenisse,
1086 2588 1183 2654 modo
1201 2597 1307 2652 totam
1331 2587 1408 2648 istun

302 2685 544 2748 institutionem
568 2684 796 2770 degenerasse,
820 2709 860 2750 ac
885 2689 1079 2772 praesertim
1102 2685 1220 2751 Italiae
1244 2705 1318 2749 esse
1341 2681 1416 2746 noel-l

303 2803 391 2862 vam,
424 2803 462 2845 eo
496 2781 550 2846 vol
583 2785 699 2866 magis,
731 2784 821 2870 quod
853 2781 1097 2850 Germanorum
1127 2784 1257 2850 indoles
1289 2759 1416 2847 barbarol

302 2900 421 2965 parum
444 2877 538 2944 Italis
562 2880 757 2946 cultioribus
782 2885 1002 2964 conveniat.¹)
1049 2883 1139 2948 Hinc
1163 2883 1257 2969 petit,
1289 2891 1325 2945 ut
1347 2881 1416 2943 Pon-1

299 2977 386 3041 tifex
417 2977 610 3043 electionem
645 2981 733 3063 rogis
764 2983 798 3044 in
823 2980 1006 3046 Germania
1030 2981 1201 3067 impediat,
1235 2978 1292 3044 vel
1316 2975 1412 3041 salton

303 3096 460 3138 coronam
484 3075 620 3161 Imperii
644 3079 708 3163 ipsi
732 3100 798 3143 non
824 3078 994 3162 concedat,
1019 3089 1056 3143 ut
1076 3077 1174 3144 Italia
1198 3078 1241 3144 ah
1267 3071 1416 3164 ejusmodi

302 3195 393 3237 nexu
417 3172 573 3240 solvatur.
622 3173 743 3240 Censet
766 3176 956 3262 Pontifices,
986 3179 1034 3242 uti
1058 3179 1303 3242 constituerant
1325 3177 1411 3258 Impe

302 3272 401 3352 rium,
426 3273 472 3335 ita
495 3273 595 3338 otiam
620 3275 816 3339 auctoritate
841 3297 901 3340 sua
924 3286 1046 3340 statum
1070 3297 1181 3340 rerum
1201 3296 1300 3361 posse
1316 3275 1411 3338 immn-

303 3379 383 3435 taro.
410 3407 453 3416 —
476 3369 605 3434 Eadem
628 3370 697 3435 fere
720 3373 755 3436 in
779 3371 846 3436 alia
864 3375 1074 3438 Iacto-actione
1098 3375 1412 3454 continenturque

304 3488 420 3532 vorsus
444 3467 545 3532 finem
569 3469 781 3554 pontificatus
793 3471 935 3536 Joannis
947 3471 1051 3537 XXII
1075 3494 1103 3538 c.
1117 3496 1146 3537 a.
1165 3473 1253 3537 1334
1273 3495 1294 3536 a
1306 3465 1412 3535 Gueltis

304 3565 420 3630 Italiae
445 3567 512 3630 suis
536 3570 663 3632 nuntiis
688 3568 863 3634 AvonIone
888 3569 1086 3654 degentibus
1110 3573 1306 3636 transmissa
1328 3569 1411 3639 suit'j

303 3774 517 3782 .—-.-

381 3905 401 3972 ¹)
419 3903 607 3971 Imperatores,
629 3905 677 3968 ait,
698 3906 747 3971 „do
766 3905 862 3975 lingna
875 3907 1018 3972 Germano,
1037 3923 1106 3975 qnae
1125 3909 1269 3964 cousuevit
1288 3909 1412 3977 producere

303 3991 418 4052 gentem
438 3985 560 4038 acerbam
580 3991 609 4039 ot
628 3985 830 4041 iutractobilem
849 4003 917 4054 quae
936 3989 1024 4058 magis
1043 3988 1174 4043 adhaeret
1192 3989 1348 4044 barbaricae
1366 3985 1412 4039 teri·

306 4067 368 4130 tcti
388 4081 468 4132 quam
487 4066 651 4122 christianae
670 4067 839 4136 professioni,
859 4112 906 4126 ...
927 4087 986 4124 cnm
1006 4069 1110 4124 Italicis
1129 4087 1183 4124 non
1202 4071 1384 4125 conveniunt·

379 4181 402 4252 ⁶¹)
422 4183 590 4236 Documenta
608 4182 673 4238 hoec
692 4183 829 4251 publicato
847 4185 924 4240 fuere
948 4185 1019 4240 hisce
1042 4185 1120 4240 annia
1149 4201 1191 4254 ap.
1211 4186 1335 4240 Bonaini.
1358 4189 1411 4238 sris

307 4261 419 4315 Henrici
439 4261 506 4332 VII5
524 4263 547 4319 I.
568 4265 629 4318 232.
667 4263 822 4319 Florentiae
843 4266 919 4320 1877.
