2964 4838
231 455 335 508 Censae
354 457 548 521 praeparantes
566 451 744 505 delectionem
764 449 987 504 Protestsntium.
1120 453 1173 504 tt?

56 603 122 682 dos,
147 609 183 663 nt
204 607 252 662 tot
273 596 371 662 malis
387 595 506 659 modus
529 605 717 681 poneretur,
741 593 999 670 contenderet,
990 617 1024 658 m
1049 597 1174 659 crimen
1201 597 1229 635 ¹¹
1241 595 1347 698 ⁸2¹⁸·

52 699 206 763 lectionis
230 717 338 760 novae
361 695 546 758 concitatae
577 703 837 777 suspectsequae
861 691 1031 756 doctrinae
1054 691 1098 756 ab
1121 694 1177 758 ad·

54 796 207 860 versariis
229 792 395 858 adductus
418 801 477 858 est
517 789 630 890 Quare
653 789 697 854 ab
713 787 906 854 Alexandro
930 791 1177 856 concionatoria

51 893 247 958 interdictus
271 901 320 954 est
343 911 494 970 munere,
519 883 662 973 cumque
686 885 860 972 eliquanto
881 897 1029 972 tempore
1051 893 1178 973 paruis-

55 1003 110 1074 set,
134 1011 252 1054 verum
268 987 392 1051 exinde
414 986 539 1052 lamam
555 984 759 1050 obsolescere
779 1007 880 1071 seque
896 985 1018 1070 injuste
1034 989 1177 1072 opprimi

53 1099 191 1174 putaret,
216 1085 425 1174 pontificium
450 1083 662 1147 interdictum
689 1093 804 1146 contra
826 1081 916 1167 leges
939 1079 1041 1146 latum
1067 1083 1177 1168 palam

49 1185 231 1268 contendit,
257 1193 457 1247 sectatorum
481 1200 617 1244 snorum
633 1182 819 1264 patrocinio
842 1180 955 1245 fretus.
995 1179 1082 1244 Tum
1097 1203 1177 1247 vero

53 1285 157 1368 magis
181 1281 345 1367 collapsae
368 1278 457 1342 illius
480 1301 533 1342 res
565 1288 749 1363 auctusque
772 1277 1040 1342 adversariorum
1064 1301 1178 1345 nume·

52 1403 121 1462 rus,
153 1381 209 1468 qui
233 1378 327 1442 illum
352 1388 511 1462 tanquam
536 1387 767 1440 contumacem
792 1375 963 1456 Pontifici,
992 1387 1026 1440 et
1048 1399 1177 1444 summo

49 1477 188 1543 Ordinis
203 1477 418 1540 Dominicani
436 1473 595 1560 Magistro
618 1473 776 1538 rebellem
796 1473 969 1538 traducere
986 1491 1176 1561 coeperunt,

52 1577 231 1662 praecipue
253 1575 288 1653 ii,
313 1574 435 1659 quibua
451 1571 547 1636 Sedis
564 1572 775 1658 Apostolicae
793 1593 912 1636 nomen
930 1585 1177 1640 sacrosanctum

50 1685 137 1753 erat,
174 1695 194 1736 a
227 1671 322 1758 cujus
355 1673 504 1756 imperiis
537 1672 598 1733 etsi
631 1669 855 1734 acerbissimis
878 1671 951 1733 viro
982 1675 1177 1755 praesertim

50 1769 204 1856 religioso
228 1769 413 1834 desciscere
437 1769 529 1832 nefas
550 1779 646 1849 esset,
669 1777 770 1854 atque
793 1770 881 1832 inter
903 1767 963 1831 hos
977 1768 1178 1836 Franciscus

50 1867 131 1934 Ord.
156 1869 255 1949 Min,
280 1869 337 1954 qni
363 1869 397 1930 in
422 1865 563 1930 ecclesia
587 1865 620 1930 S.
645 1866 764 1930 Crucis
787 1887 898 1930 sacras
922 1868 1098 1931 conciones
1122 1868 1177 1932 ha·

51 1964 165 2048 bebat,
197 1968 232 2029 in
255 1965 349 2029 illum
373 1963 477 2028 veluti
508 1963 711 2050 perduellem
745 1963 975 2048 nefandaeque
1007 1963 1177 2030 doctrinae

50 2075 193 2128 sutorem
224 2065 378 2126 invectus
401 2071 459 2127 est.
508 2059 631 2125 Contra
661 2072 772 2126 autem
804 2061 897 2125 illum
922 2060 1059 2127 Ordinis
1082 2065 1178 2130 Prae·

49 2160 237 2225 dicatorum
268 2161 517 2224 concionatores
550 2159 660 2246 palam
685 2159 880 2240 defendere,
916 2181 957 2223 ac
980 2161 1178 2228 Dominicus

48 2281 65 2322 e
90 2259 202 2324 Piscis
226 2280 264 2322 eo
288 2277 481 2343 progressus
505 2268 569 2338 est,
594 2269 631 2321 ut
655 2258 846 2321 Minoritam
871 2256 913 2320 de
937 2257 1110 2326 subeundo
1133 2261 1178 2326 ad

48 2355 258 2440 probandam
283 2356 448 2420 dictorum
471 2354 572 2419 iidem
597 2355 734 2418 ardente
757 2375 836 2439 rogo
860 2359 1080 2440 provocarit.“

138 2455 192 2519 83.
232 2453 307 2536 ,Ad
352 2453 412 2516 has
446 2451 718 2517 Praedicatorunr
755 2453 989 2537 Minorumqne
1022 2455 1178 2520 Fratrum

46 2553 313 2616 concertationes
337 2573 492 2615 exarsere
515 2551 714 2635 Florentini,
746 2553 803 2636 qni
827 2571 914 2615 novo
939 2551 1082 2636 quodam
1108 2573 1180 2638 pro·

46 2649 140 2733 digio
172 2649 286 2714 oculos
316 2669 452 2735 pascere
484 2649 682 2735 cupiebant3
719 2660 819 2734 atque
853 2650 954 2713 etiam
985 2649 1179 2735 Rayneldus

47 2747 194 2812 Ursinus
217 2747 489 2834 archiepiscopus
514 2747 736 2828 Florentinus,
761 2749 818 2832 qui
843 2747 1179 2836 hujusmodiimpru·

46 2845 201 2909 dentium
236 2844 409 2909 hominum
443 2847 476 2909 in
501 2845 654 2908 dammas
686 2867 781 2910 ruere
804 2847 993 2930 parantium
1022 2867 1179 2932 provoca·

45 2944 157 3008 tiones
182 2962 391 3028 compescere
406 2942 585 3023 debuisset,
610 2963 666 3006 eos
682 2946 789 3026 magis
804 2946 968 3029 provexit,
993 2956 1030 3009 ut
1043 2958 1180 3032 questus

45 3053 97 3104 est
128 3043 166 3104 in
191 3061 322 3104 carcere
346 3039 568 3122 Savonarolo,
604 3042 662 3126 qui
694 3041 888 3106 invitusad
912 3040 1012 3106 hosce
1043 3043 1179 3130 laqueos

44 3139 255 3204 trahebatur.
303 3139 369 3202 Hic
400 3159 475 3204 cnm
501 3139 556 3202 die
579 3141 760 3203 constituta
791 3142 945 3204 excitatis
978 3139 1109 3206 duobus
1131 3144 1179 3206 in·

44 3236 208 3321 gentibue
231 3237 320 3320 rogis
344 3239 378 3300 in
394 3237 504 3300 medio
528 3237 609 3319 foro,
634 3237 669 3300 in
693 3236 782 3322 quod
807 3237 956 3323 populus.
972 3238 1014 3301 ad
1032 3250 1180 3323 spectan-

44 3333 129 3398 dum
156 3333 380 3412 confluxerat,
411 3333 640 3399 adversarium
666 3333 858 3398 Minoritem
889 3335 1036 3400 incendii
1061 3337 1180 3402 ardore

43 3453 114 3496 non
141 3432 292 3495 territum
316 3429 457 3512 videret,
481 3453 556 3517 spes
580 3433 613 3496 in
638 3431 851 3496 Eucharistia
873 3432 917 3496 ad
942 3433 1179 3498 demulcendas

43 3529 204 3592 flammas
227 3530 389 3614 reposuit,
419 3531 622 3615 negavitque
645 3529 792 3594 sodalem
817 3529 1032 3595 Dominicum
1056 3531 1180 3616 ingrcs-

42 3647 164 3692 surnm
187 3647 303 3710 rogos,
334 3628 369 3691 ni
393 3647 506 3692 secum
531 3625 653 3692 Christi
679 3647 817 3712 corpus,
850 3630 883 3691 in
909 3649 974 3714 qno
998 3651 1073 3715 spes
1097 3631 1180 3694 sitae

41 3733 156 3804 erant,
180 3723 333 3806 deferret,
358 3745 433 3788 oum
450 3725 607 3788 Minorita
631 3735 840 3810 contemptor
861 3727 952 3789 vitae
976 3727 1011 3791 id
1035 3747 1101 3792 non
1126 3727 1179 3792 de·

43 3831 212 3907 posceret,
236 3821 294 3886 sed
317 3821 426 3908 palam
452 3843 487 3886 se
511 3824 544 3887 in
561 3824 688 3888 cineres
712 3823 883 3887 redactum
903 3825 943 3887 iri
961 3825 1179 3908 profiteretur,

42 3923 189 3984 instaret
222 3929 351 4003 umen,
394 3930 429 3983 ut
464 3921 527 3984 nisi
563 3919 773 4006 praedicator
808 3921 959 3986 aemulus
994 3921 1127 3987 illaesus
1163 3947 1180 3988 e

42 4017 196 4082 flammis
211 4029 402 4102 emergeret,
419 4017 643 4083 Sevonarolae
667 4019 851 4083 doctrinam
877 4020 918 4084 de
943 4041 1008 4084 non
1032 4020 1179 4106 parendo

43 4115 223 4202 pontificio
260 4117 437 4182 interdicto
470 4117 609 4202 impiam
648 4117 861 4182 censendam.
917 4119 964 4181 At
995 4118 1179 4184 Florentini

43 4213 267 4296 magistratus
300 4216 355 4300 qui
390 4235 432 4278 ex
464 4213 595 4278 editiori
620 4213 748 4278 theatro
773 4217 820 4279 rei
848 4218 1096 4302 exspectatione
1129 4239 1180 4281 su-
