<?xml version="1.0" encoding="UTF-8"?>
<!DOCTYPE html PUBLIC "-//W3C//DTD XHTML 1.0 Transitional//EN"
    "http://www.w3.org/TR/xhtml1/DTD/xhtml1-transitional.dtd">
<html xmlns="http://www.w3.org/1999/xhtml" xml:lang="en" lang="en">
 <head>
  <title>
</title>
<meta http-equiv="Content-Type" content="text/html;charset=utf-8" />
  <meta name='ocr-system' content='tesseract 3.04.00' />
  <meta name='ocr-capabilities' content='ocr_page ocr_carea ocr_par ocr_line ocrx_word'/>
</head>
<body>
  <div class='ocr_page' id='page_1' title='image "./dissertationess00junggoog_0794.png"; bbox 0 0 2868 4844; ppageno 0'>
   <div class='ocr_carea' id='block_1_1' title="bbox 447 468 1139 524">
    <p class='ocr_par' dir='ltr' id='par_1_1' title="bbox 447 468 1139 524">
     <span class='ocr_line' id='line_1_1' title="bbox 447 468 1139 524; baseline 0.003 -3"><span class='ocrx_word' id='word_1_1' title='bbox 447 468 532 522; x_wconf 86' lang='lat' dir='ltr'>Initia</span> <span class='ocrx_word' id='word_1_2' title='bbox 550 469 711 524; x_wconf 73' lang='lat' dir='ltr'>rennuatis.</span> <span class='ocrx_word' id='word_1_3' title='bbox 1088 469 1139 523; x_wconf 79' lang='lat'>261</span> 
     </span>
    </p>
   </div>
   <div class='ocr_carea' id='block_1_2' title="bbox 16 609 1308 4324">
    <p class='ocr_par' dir='ltr' id='par_1_2' title="bbox 18 609 1141 3240">
     <span class='ocr_line' id='line_1_2' title="bbox 34 609 1140 699; baseline 0.003 -26"><span class='ocrx_word' id='word_1_4' title='bbox 34 609 187 692; x_wconf 66' lang='lat' dir='ltr'>lsrbanus,</span> <span class='ocrx_word' id='word_1_5' title='bbox 212 623 248 674; x_wconf 92' lang='lat' dir='ltr'>ut</span> <span class='ocrx_word' id='word_1_6' title='bbox 271 611 413 691; x_wconf 83' lang='lat' dir='ltr'>videtur,</span> <span class='ocrx_word' id='word_1_7' title='bbox 437 613 491 674; x_wconf 87' lang='lat' dir='ltr'>vir</span> <span class='ocrx_word' id='word_1_8' title='bbox 513 613 713 694; x_wconf 87' lang='lat' dir='ltr'>angustioris</span> <span class='ocrx_word' id='word_1_9' title='bbox 736 614 872 696; x_wconf 84' lang='lat' dir='ltr'>ingenii,</span> <span class='ocrx_word' id='word_1_10' title='bbox 897 614 954 699; x_wconf 92' lang='lat' dir='ltr'>qui</span> <span class='ocrx_word' id='word_1_11' title='bbox 979 613 1013 676; x_wconf 90' lang='lat' dir='ltr'>in</span> <span class='ocrx_word' id='word_1_12' title='bbox 1038 614 1140 676; x_wconf 89' lang='lat' dir='ltr'>mino-</span> 
     </span>
     <span class='ocr_line' id='line_1_3' title="bbox 31 707 1140 796; baseline 0.005 -27"><span class='ocrx_word' id='word_1_13' title='bbox 31 707 113 770; x_wconf 88' lang='lat' dir='ltr'>ribus</span> <span class='ocrx_word' id='word_1_14' title='bbox 136 709 269 795; x_wconf 90' lang='lat' dir='ltr'>quidem</span> <span class='ocrx_word' id='word_1_15' title='bbox 287 711 488 773; x_wconf 88' lang='lat' dir='ltr'>constitutus</span> <span class='ocrx_word' id='word_1_16' title='bbox 502 711 626 794; x_wconf 88' lang='lat' dir='ltr'>optime</span> <span class='ocrx_word' id='word_1_17' title='bbox 639 732 692 773; x_wconf 87' lang='lat' dir='ltr'>res</span> <span class='ocrx_word' id='word_1_18' title='bbox 707 733 784 775; x_wconf 86' lang='lat' dir='ltr'>suas</span> <span class='ocrx_word' id='word_1_19' title='bbox 798 708 937 795; x_wconf 79' lang='lat' dir='ltr'>agebat3</span> <span class='ocrx_word' id='word_1_20' title='bbox 962 709 1021 774; x_wconf 88' lang='lat' dir='ltr'>sed</span> <span class='ocrx_word' id='word_1_21' title='bbox 1037 731 1140 796; x_wconf 83' lang='lat' dir='ltr'>qnam</span> 
     </span>
     <span class='ocr_line' id='line_1_4' title="bbox 30 805 1141 894; baseline 0.005 -28"><span class='ocrx_word' id='word_1_22' title='bbox 30 805 66 867; x_wconf 89' lang='lat' dir='ltr'>ad</span> <span class='ocrx_word' id='word_1_23' title='bbox 87 808 215 891; x_wconf 90' lang='lat' dir='ltr'>apicem</span> <span class='ocrx_word' id='word_1_24' title='bbox 239 826 405 870; x_wconf 88' lang='lat' dir='ltr'>summum</span> <span class='ocrx_word' id='word_1_25' title='bbox 431 817 562 892; x_wconf 87' lang='lat' dir='ltr'>praeter</span> <span class='ocrx_word' id='word_1_26' title='bbox 584 827 716 872; x_wconf 89' lang='lat' dir='ltr'>omnem</span> <span class='ocrx_word' id='word_1_27' title='bbox 750 810 1031 894; x_wconf 66' lang='lat' dir='ltr'><strong>exspectationem</strong></span> <span class='ocrx_word' id='word_1_28' title='bbox 1054 817 1141 872; x_wconf 84' lang='lat' dir='ltr'>esset</span> 
     </span>
     <span class='ocr_line' id='line_1_5' title="bbox 29 902 1141 993; baseline 0.004 -28"><span class='ocrx_word' id='word_1_29' title='bbox 29 902 133 984; x_wconf 84' lang='lat' dir='ltr'>elatus,</span> <span class='ocrx_word' id='word_1_30' title='bbox 165 906 273 990; x_wconf 88' lang='lat' dir='ltr'>impar</span> <span class='ocrx_word' id='word_1_31' title='bbox 305 915 376 969; x_wconf 89' lang='lat' dir='ltr'>erat</span> <span class='ocrx_word' id='word_1_32' title='bbox 398 904 456 969; x_wconf 87' lang='lat' dir='ltr'>tali</span> <span class='ocrx_word' id='word_1_33' title='bbox 480 905 617 970; x_wconf 82' lang='lat' dir='ltr'>serendo</span> <span class='ocrx_word' id='word_1_34' title='bbox 642 909 733 970; x_wconf 90' lang='lat' dir='ltr'>oneri</span> <span class='ocrx_word' id='word_1_35' title='bbox 757 917 857 993; x_wconf 90' lang='lat' dir='ltr'>atque</span> <span class='ocrx_word' id='word_1_36' title='bbox 880 905 1008 971; x_wconf 83' lang='lat' dir='ltr'>honori.</span> <span class='ocrx_word' id='word_1_37' title='bbox 1055 905 1141 971; x_wconf 84' lang='lat' dir='ltr'><strong>Sunt</strong></span> 
     </span>
     <span class='ocr_line' id='line_1_6' title="bbox 30 999 1140 1089; baseline 0.005 -27"><span class='ocrx_word' id='word_1_38' title='bbox 30 999 176 1065; x_wconf 86' lang='lat' dir='ltr'>videlicet</span> <span class='ocrx_word' id='word_1_39' title='bbox 205 1004 268 1066; x_wconf 88' lang='lat' dir='ltr'>viri</span> <span class='ocrx_word' id='word_1_40' title='bbox 302 1005 427 1089; x_wconf 85' lang='lat' dir='ltr'>ingenii</span> <span class='ocrx_word' id='word_1_41' title='bbox 459 1013 492 1066; x_wconf 90' lang='lat' dir='ltr'>et</span> <span class='ocrx_word' id='word_1_42' title='bbox 524 1006 643 1068; x_wconf 88' lang='lat' dir='ltr'>mentis</span> <span class='ocrx_word' id='word_1_43' title='bbox 667 1007 867 1089; x_wconf 84' lang='lat' dir='ltr'>angustioris</span> <span class='ocrx_word' id='word_1_44' title='bbox 889 1025 931 1068; x_wconf 87' lang='lat' dir='ltr'>ex</span> <span class='ocrx_word' id='word_1_45' title='bbox 956 1025 1023 1068; x_wconf 87' lang='lat' dir='ltr'>una</span> <span class='ocrx_word' id='word_1_46' title='bbox 1047 1013 1140 1089; x_wconf 88' lang='lat' dir='ltr'>parte</span> 
     </span>
     <span class='ocr_line' id='line_1_7' title="bbox 28 1101 1139 1187; baseline 0.004 -25"><span class='ocrx_word' id='word_1_47' title='bbox 28 1101 205 1182; x_wconf 78' lang='lat' dir='ltr'><strong>pertinaces</strong></span> <span class='ocrx_word' id='word_1_48' title='bbox 227 1102 263 1164; x_wconf 89' lang='lat' dir='ltr'>in</span> <span class='ocrx_word' id='word_1_49' title='bbox 282 1101 421 1185; x_wconf 86' lang='lat' dir='ltr'>judiciis</span> <span class='ocrx_word' id='word_1_50' title='bbox 445 1104 523 1183; x_wconf 88' lang='lat' dir='ltr'>suis,</span> <span class='ocrx_word' id='word_1_51' title='bbox 549 1115 582 1165; x_wconf 90' lang='lat' dir='ltr'>ct</span> <span class='ocrx_word' id='word_1_52' title='bbox 605 1105 780 1187; x_wconf 75' lang='lat' dir='ltr'>suspiciosi</span> <span class='ocrx_word' id='word_1_53' title='bbox 797 1125 876 1187; x_wconf 86' lang='lat' dir='ltr'>erga</span> <span class='ocrx_word' id='word_1_54' title='bbox 890 1102 990 1184; x_wconf 79' lang='lat' dir='ltr'>alios3</span> <span class='ocrx_word' id='word_1_55' title='bbox 1015 1123 1058 1166; x_wconf 87' lang='lat' dir='ltr'>ex</span> <span class='ocrx_word' id='word_1_56' title='bbox 1073 1102 1139 1166; x_wconf 85' lang='lat' dir='ltr'>alia</span> 
     </span>
     <span class='ocr_line' id='line_1_8' title="bbox 25 1198 1140 1285; baseline 0.004 -26"><span class='ocrx_word' id='word_1_57' title='bbox 25 1209 109 1280; x_wconf 85' lang='lat' dir='ltr'>parte</span> <span class='ocrx_word' id='word_1_58' title='bbox 142 1198 301 1280; x_wconf 90' lang='lat' dir='ltr'>medium,</span> <span class='ocrx_word' id='word_1_59' title='bbox 333 1201 365 1262; x_wconf 89' lang='lat' dir='ltr'>in</span> <span class='ocrx_word' id='word_1_60' title='bbox 390 1219 455 1285; x_wconf 89' lang='lat' dir='ltr'>quo</span> <span class='ocrx_word' id='word_1_61' title='bbox 480 1207 545 1264; x_wconf 86' lang='lat' dir='ltr'>stat</span> <span class='ocrx_word' id='word_1_62' title='bbox 568 1200 683 1284; x_wconf 85' lang='lat' dir='ltr'>virtus,</span> <span class='ocrx_word' id='word_1_63' title='bbox 715 1200 805 1265; x_wconf 87' lang='lat' dir='ltr'>haud</span> <span class='ocrx_word' id='word_1_64' title='bbox 836 1209 986 1266; x_wconf 87' lang='lat' dir='ltr'>tenentes</span> <span class='ocrx_word' id='word_1_65' title='bbox 1017 1199 1061 1264; x_wconf 88' lang='lat' dir='ltr'>ad</span> <span class='ocrx_word' id='word_1_66' title='bbox 1085 1221 1140 1264; x_wconf 86' lang='lat' dir='ltr'>ex·</span> 
     </span>
     <span class='ocr_line' id='line_1_9' title="bbox 27 1295 1139 1383; baseline 0.004 -25"><span class='ocrx_word' id='word_1_67' title='bbox 27 1307 121 1359; x_wconf 83' lang='lat' dir='ltr'>trema</span> <span class='ocrx_word' id='word_1_68' title='bbox 157 1295 321 1360; x_wconf 88' lang='lat' dir='ltr'>violenter</span> <span class='ocrx_word' id='word_1_69' title='bbox 357 1295 536 1362; x_wconf 89' lang='lat' dir='ltr'>declinant.</span> <span class='ocrx_word' id='word_1_70' title='bbox 585 1297 751 1379; x_wconf 84' lang='lat' dir='ltr'>Urbanus,</span> <span class='ocrx_word' id='word_1_71' title='bbox 789 1300 837 1363; x_wconf 92' lang='lat' dir='ltr'>uti</span> <span class='ocrx_word' id='word_1_72' title='bbox 873 1299 1030 1380; x_wconf 86' lang='lat' dir='ltr'>vidimus,</span> <span class='ocrx_word' id='word_1_73' title='bbox 1068 1300 1139 1383; x_wconf 88' lang='lat' dir='ltr'>ipsc</span> 
     </span>
     <span class='ocr_line' id='line_1_10' title="bbox 26 1393 1140 1482; baseline 0.005 -28"><span class='ocrx_word' id='word_1_74' title='bbox 26 1393 162 1458; x_wconf 87' lang='lat' dir='ltr'>ducebat</span> <span class='ocrx_word' id='word_1_75' title='bbox 186 1395 289 1457; x_wconf 87' lang='lat' dir='ltr'>vitam</span> <span class='ocrx_word' id='word_1_76' title='bbox 315 1415 464 1458; x_wconf 87' lang='lat' dir='ltr'>severam</span> <span class='ocrx_word' id='word_1_77' title='bbox 500 1405 533 1458; x_wconf 89' lang='lat' dir='ltr'>et</span> <span class='ocrx_word' id='word_1_78' title='bbox 570 1395 613 1459; x_wconf 87' lang='lat' dir='ltr'>ad</span> <span class='ocrx_word' id='word_1_79' title='bbox 648 1398 790 1480; x_wconf 89' lang='lat' dir='ltr'>rigorem</span> <span class='ocrx_word' id='word_1_80' title='bbox 820 1399 930 1482; x_wconf 86' lang='lat' dir='ltr'>potine</span> <span class='ocrx_word' id='word_1_81' title='bbox 960 1395 1140 1481; x_wconf 86' lang='lat' dir='ltr'>dispositus</span> 
     </span>
     <span class='ocr_line' id='line_1_11' title="bbox 26 1492 1139 1580; baseline 0.006 -30"><span class='ocrx_word' id='word_1_82' title='bbox 26 1503 102 1570; x_wconf 70' lang='lat' dir='ltr'>erat,</span> <span class='ocrx_word' id='word_1_83' title='bbox 144 1492 224 1556; x_wconf 90' lang='lat' dir='ltr'>hinc</span> <span class='ocrx_word' id='word_1_84' title='bbox 256 1492 390 1577; x_wconf 85' lang='lat' dir='ltr'>quaudo</span> <span class='ocrx_word' id='word_1_85' title='bbox 422 1493 513 1578; x_wconf 88' lang='lat' dir='ltr'>Papa</span> <span class='ocrx_word' id='word_1_86' title='bbox 544 1493 652 1558; x_wconf 85' lang='lat' dir='ltr'>factus</span> <span class='ocrx_word' id='word_1_87' title='bbox 682 1506 741 1574; x_wconf 87' lang='lat' dir='ltr'>est,</span> <span class='ocrx_word' id='word_1_88' title='bbox 782 1497 989 1559; x_wconf 84' lang='lat' dir='ltr'>severissimo</span> <span class='ocrx_word' id='word_1_89' title='bbox 1008 1492 1139 1580; x_wconf 87' lang='lat' dir='ltr'>judicio</span> 
     </span>
     <span class='ocr_line' id='line_1_12' title="bbox 26 1591 1141 1676; baseline 0.001 -23"><span class='ocrx_word' id='word_1_90' title='bbox 26 1591 247 1654; x_wconf 80' lang='lat' dir='ltr'>l&#39;ardinalium</span> <span class='ocrx_word' id='word_1_91' title='bbox 273 1601 366 1673; x_wconf 86' lang='lat' dir='ltr'>gesta</span> <span class='ocrx_word' id='word_1_92' title='bbox 391 1601 423 1654; x_wconf 91' lang='lat' dir='ltr'>et</span> <span class='ocrx_word' id='word_1_93' title='bbox 446 1591 622 1676; x_wconf 82' lang='lat' dir='ltr'>largiorem</span> <span class='ocrx_word' id='word_1_94' title='bbox 647 1615 759 1656; x_wconf 89' lang='lat' dir='ltr'>eorum</span> <span class='ocrx_word' id='word_1_95' title='bbox 785 1594 889 1656; x_wconf 89' lang='lat' dir='ltr'>vitam</span> <span class='ocrx_word' id='word_1_96' title='bbox 913 1591 1083 1669; x_wconf 86' lang='lat' dir='ltr'>lustrabat,</span> <span class='ocrx_word' id='word_1_97' title='bbox 1108 1601 1141 1655; x_wconf 89' lang='lat' dir='ltr'>et</span> 
     </span>
     <span class='ocr_line' id='line_1_13' title="bbox 25 1687 1139 1774; baseline 0.003 -26"><span class='ocrx_word' id='word_1_98' title='bbox 25 1691 182 1771; x_wconf 72' lang='lat' dir='ltr'>corrigere</span> <span class='ocrx_word' id='word_1_99' title='bbox 206 1687 371 1752; x_wconf 83' lang='lat' dir='ltr'><strong>studebat.</strong></span> <span class='ocrx_word' id='word_1_100' title='bbox 416 1689 538 1774; x_wconf 81' lang='lat' dir='ltr'>Rigore</span> <span class='ocrx_word' id='word_1_101' title='bbox 562 1691 746 1774; x_wconf 90' lang='lat' dir='ltr'>incongruo</span> <span class='ocrx_word' id='word_1_102' title='bbox 771 1689 834 1755; x_wconf 89' lang='lat' dir='ltr'>bac</span> <span class='ocrx_word' id='word_1_103' title='bbox 858 1692 891 1756; x_wconf 89' lang='lat' dir='ltr'>in</span> <span class='ocrx_word' id='word_1_104' title='bbox 916 1711 951 1753; x_wconf 89' lang='lat' dir='ltr'>re</span> <span class='ocrx_word' id='word_1_105' title='bbox 974 1688 1139 1768; x_wconf 87' lang='lat' dir='ltr'>utebatur,</span> 
     </span>
     <span class='ocr_line' id='line_1_14' title="bbox 24 1786 1139 1873; baseline 0.002 -27"><span class='ocrx_word' id='word_1_106' title='bbox 24 1786 195 1873; x_wconf 79' lang='lat' dir='ltr'>simulque,</span> <span class='ocrx_word' id='word_1_107' title='bbox 229 1789 277 1849; x_wconf 91' lang='lat' dir='ltr'>uti</span> <span class='ocrx_word' id='word_1_108' title='bbox 310 1788 510 1870; x_wconf 86' lang='lat' dir='ltr'>angustioris</span> <span class='ocrx_word' id='word_1_109' title='bbox 543 1791 662 1852; x_wconf 87' lang='lat' dir='ltr'>mentis</span> <span class='ocrx_word' id='word_1_110' title='bbox 693 1789 845 1852; x_wconf 84' lang='lat' dir='ltr'>homines</span> <span class='ocrx_word' id='word_1_111' title='bbox 876 1790 910 1852; x_wconf 92' lang='lat' dir='ltr'>in</span> <span class='ocrx_word' id='word_1_112' title='bbox 934 1787 1009 1852; x_wconf 89' lang='lat' dir='ltr'>altie</span> <span class='ocrx_word' id='word_1_113' title='bbox 1042 1787 1139 1872; x_wconf 85' lang='lat' dir='ltr'>positi</span> 
     </span>
     <span class='ocr_line' id='line_1_15' title="bbox 20 1884 1139 1970; baseline 0.001 -24"><span class='ocrx_word' id='word_1_114' title='bbox 20 1884 142 1966; x_wconf 88' lang='lat' dir='ltr'>judicio</span> <span class='ocrx_word' id='word_1_115' title='bbox 166 1885 314 1970; x_wconf 90' lang='lat' dir='ltr'>practico</span> <span class='ocrx_word' id='word_1_116' title='bbox 337 1884 447 1970; x_wconf 87' lang='lat' dir='ltr'>quoad</span> <span class='ocrx_word' id='word_1_117' title='bbox 473 1887 606 1970; x_wconf 89' lang='lat' dir='ltr'>negotia</span> <span class='ocrx_word' id='word_1_118' title='bbox 629 1887 776 1970; x_wconf 85' lang='lat' dir='ltr'>gerenda</span> <span class='ocrx_word' id='word_1_119' title='bbox 799 1887 1032 1956; x_wconf 81' lang='lat' dir='ltr'>destituuntur.</span> <span class='ocrx_word' id='word_1_120' title='bbox 1057 1885 1139 1948; x_wconf 88' lang='lat' dir='ltr'>acri·</span> 
     </span>
     <span class='ocr_line' id='line_1_16' title="bbox 25 1981 1139 2070; baseline 0 -26"><span class='ocrx_word' id='word_1_121' title='bbox 25 1984 126 2046; x_wconf 89' lang='lat' dir='ltr'>monia</span> <span class='ocrx_word' id='word_1_122' title='bbox 151 1981 298 2068; x_wconf 89' lang='lat' dir='ltr'>quadam</span> <span class='ocrx_word' id='word_1_123' title='bbox 323 1982 483 2048; x_wconf 79' lang='lat' dir='ltr'>insolente</span> <span class='ocrx_word' id='word_1_124' title='bbox 500 1983 696 2048; x_wconf 88' lang='lat' dir='ltr'>Cardinales</span> <span class='ocrx_word' id='word_1_125' title='bbox 720 1983 932 2070; x_wconf 80' lang='lat' dir='ltr'>vituperabat</span> <span class='ocrx_word' id='word_1_126' title='bbox 955 2005 1017 2046; x_wconf 90' lang='lat' dir='ltr'>uec</span> <span class='ocrx_word' id='word_1_127' title='bbox 1033 1981 1139 2063; x_wconf 88' lang='lat' dir='ltr'>digni·</span> 
     </span>
     <span class='ocr_line' id='line_1_17' title="bbox 22 2079 1139 2168; baseline 0 -26"><span class='ocrx_word' id='word_1_128' title='bbox 22 2089 114 2144; x_wconf 85' lang='lat' dir='ltr'>tatem</span> <span class='ocrx_word' id='word_1_129' title='bbox 146 2101 263 2146; x_wconf 89' lang='lat' dir='ltr'>eorum</span> <span class='ocrx_word' id='word_1_130' title='bbox 295 2083 375 2145; x_wconf 87' lang='lat' dir='ltr'>satis</span> <span class='ocrx_word' id='word_1_131' title='bbox 408 2080 620 2166; x_wconf 79' lang='lat' dir='ltr'>suspiciebat.</span> <span class='ocrx_word' id='word_1_132' title='bbox 667 2082 711 2146; x_wconf 84' lang='lat' dir='ltr'>Et</span> <span class='ocrx_word' id='word_1_133' title='bbox 742 2083 896 2168; x_wconf 87' lang='lat' dir='ltr'>quamvis</span> <span class='ocrx_word' id='word_1_134' title='bbox 928 2091 1016 2145; x_wconf 86' lang='lat' dir='ltr'>certe</span> <span class='ocrx_word' id='word_1_135' title='bbox 1039 2079 1139 2146; x_wconf 90' lang='lat' dir='ltr'>corde</span> 
     </span>
     <span class='ocr_line' id='line_1_18' title="bbox 23 2177 1139 2263; baseline 0.003 -25"><span class='ocrx_word' id='word_1_136' title='bbox 23 2199 79 2240; x_wconf 88' lang='lat' dir='ltr'>non</span> <span class='ocrx_word' id='word_1_137' title='bbox 103 2189 194 2242; x_wconf 88' lang='lat' dir='ltr'>esset</span> <span class='ocrx_word' id='word_1_138' title='bbox 217 2177 332 2258; x_wconf 86' lang='lat' dir='ltr'>elatus,</span> <span class='ocrx_word' id='word_1_139' title='bbox 358 2188 494 2242; x_wconf 85' lang='lat' dir='ltr'>externe</span> <span class='ocrx_word' id='word_1_140' title='bbox 517 2188 630 2243; x_wconf 89' lang='lat' dir='ltr'>tamen</span> <span class='ocrx_word' id='word_1_141' title='bbox 646 2179 842 2263; x_wconf 86' lang='lat' dir='ltr'>dignitatem</span> <span class='ocrx_word' id='word_1_142' title='bbox 856 2201 949 2244; x_wconf 89' lang='lat' dir='ltr'>suam</span> <span class='ocrx_word' id='word_1_143' title='bbox 961 2177 1139 2242; x_wconf 88' lang='lat' dir='ltr'>sublimem</span> 
     </span>
     <span class='ocr_line' id='line_1_19' title="bbox 22 2275 1140 2362; baseline 0.004 -27"><span class='ocrx_word' id='word_1_144' title='bbox 22 2295 88 2338; x_wconf 87' lang='lat' dir='ltr'>cnm</span> <span class='ocrx_word' id='word_1_145' title='bbox 113 2277 374 2360; x_wconf 79' lang='lat' dir='ltr'>exaggeratione</span> <span class='ocrx_word' id='word_1_146' title='bbox 397 2275 542 2362; x_wconf 87' lang='lat' dir='ltr'>quadam</span> <span class='ocrx_word' id='word_1_147' title='bbox 567 2299 679 2340; x_wconf 88' lang='lat' dir='ltr'>coram</span> <span class='ocrx_word' id='word_1_148' title='bbox 702 2276 777 2342; x_wconf 90' lang='lat' dir='ltr'>aliis</span> <span class='ocrx_word' id='word_1_149' title='bbox 800 2277 1005 2357; x_wconf 86' lang='lat' dir='ltr'>ostendebat,</span> <span class='ocrx_word' id='word_1_150' title='bbox 1030 2279 1140 2340; x_wconf 86' lang='lat' dir='ltr'>existi·</span> 
     </span>
     <span class='ocr_line' id='line_1_20' title="bbox 22 2374 1140 2460; baseline 0.003 -25"><span class='ocrx_word' id='word_1_151' title='bbox 22 2393 117 2455; x_wconf 86' lang='lat' dir='ltr'>mans,</span> <span class='ocrx_word' id='word_1_152' title='bbox 152 2383 315 2459; x_wconf 90' lang='lat' dir='ltr'>quantum</span> <span class='ocrx_word' id='word_1_153' title='bbox 349 2395 478 2455; x_wconf 89' lang='lat' dir='ltr'>censeo,</span> <span class='ocrx_word' id='word_1_154' title='bbox 510 2374 544 2438; x_wconf 93' lang='lat' dir='ltr'>id</span> <span class='ocrx_word' id='word_1_155' title='bbox 576 2387 799 2460; x_wconf 87' lang='lat' dir='ltr'>opportunum</span> <span class='ocrx_word' id='word_1_156' title='bbox 825 2397 905 2456; x_wconf 87' lang='lat' dir='ltr'>esee,</span> <span class='ocrx_word' id='word_1_157' title='bbox 939 2387 976 2438; x_wconf 89' lang='lat' dir='ltr'>ut</span> <span class='ocrx_word' id='word_1_158' title='bbox 1007 2374 1140 2438; x_wconf 87' lang='lat' dir='ltr'>debitae</span> 
     </span>
     <span class='ocr_line' id='line_1_21' title="bbox 22 2469 1140 2559; baseline 0.003 -27"><span class='ocrx_word' id='word_1_159' title='bbox 22 2469 188 2536; x_wconf 87' lang='lat' dir='ltr'>Pontificis</span> <span class='ocrx_word' id='word_1_160' title='bbox 219 2474 347 2536; x_wconf 88' lang='lat' dir='ltr'>muneri</span> <span class='ocrx_word' id='word_1_161' title='bbox 380 2475 587 2538; x_wconf 87' lang='lat' dir='ltr'>reverentiae</span> <span class='ocrx_word' id='word_1_162' title='bbox 618 2474 818 2559; x_wconf 83' lang='lat' dir='ltr'>provideret.</span> <span class='ocrx_word' id='word_1_163' title='bbox 870 2475 981 2538; x_wconf 84' lang='lat' dir='ltr'>Etiam</span> <span class='ocrx_word' id='word_1_164' title='bbox 1008 2473 1140 2558; x_wconf 88' lang='lat' dir='ltr'>justitia</span> 
     </span>
     <span class='ocr_line' id='line_1_22' title="bbox 21 2551 1140 2656; baseline 0.003 -26"><span class='ocrx_word' id='word_1_165' title='bbox 21 2569 82 2652; x_wconf 83' lang='lat' dir='ltr'>ejus</span> <span class='ocrx_word' id='word_1_166' title='bbox 106 2579 226 2655; x_wconf 87' lang='lat' dir='ltr'>postea</span> <span class='ocrx_word' id='word_1_167' title='bbox 249 2571 283 2634; x_wconf 87' lang='lat' dir='ltr'>in</span> <span class='ocrx_word' id='word_1_168' title='bbox 308 2573 448 2634; x_wconf 91' lang='lat' dir='ltr'>nimium</span> <span class='ocrx_word' id='word_1_169' title='bbox 473 2573 616 2654; x_wconf 88' lang='lat' dir='ltr'>rigorem</span> <span class='ocrx_word' id='word_1_170' title='bbox 641 2571 842 2656; x_wconf 88' lang='lat' dir='ltr'>degenerare</span> <span class='ocrx_word' id='word_1_171' title='bbox 866 2575 939 2636; x_wconf 87' lang='lat' dir='ltr'>visa</span> <span class='ocrx_word' id='word_1_172' title='bbox 953 2551 1018 2653; x_wconf 68' lang='lat' dir='ltr'>ebt,</span> <span class='ocrx_word' id='word_1_173' title='bbox 1042 2593 1140 2656; x_wconf 90' lang='lat' dir='ltr'>nepo-</span> 
     </span>
     <span class='ocr_line' id='line_1_23' title="bbox 20 2665 1140 2753; baseline 0.004 -25"><span class='ocrx_word' id='word_1_174' title='bbox 20 2665 79 2730; x_wconf 85' lang='lat' dir='ltr'>tulo</span> <span class='ocrx_word' id='word_1_175' title='bbox 102 2677 219 2731; x_wconf 90' lang='lat' dir='ltr'>autem</span> <span class='ocrx_word' id='word_1_176' title='bbox 244 2689 303 2732; x_wconf 88' lang='lat' dir='ltr'>suo</span> <span class='ocrx_word' id='word_1_177' title='bbox 320 2668 500 2732; x_wconf 81' lang='lat' dir='ltr'>Francisco</span> <span class='ocrx_word' id='word_1_178' title='bbox 525 2670 571 2732; x_wconf 88' lang='lat' dir='ltr'>ita</span> <span class='ocrx_word' id='word_1_179' title='bbox 595 2669 749 2734; x_wconf 86' lang='lat' dir='ltr'>addictus</span> <span class='ocrx_word' id='word_1_180' title='bbox 771 2681 851 2753; x_wconf 88' lang='lat' dir='ltr'>erat,</span> <span class='ocrx_word' id='word_1_181' title='bbox 877 2681 914 2734; x_wconf 87' lang='lat' dir='ltr'>ut</span> <span class='ocrx_word' id='word_1_182' title='bbox 936 2669 979 2734; x_wconf 90' lang='lat' dir='ltr'>ad</span> <span class='ocrx_word' id='word_1_183' title='bbox 994 2689 1140 2733; x_wconf 88' lang='lat' dir='ltr'>summos</span> 
     </span>
     <span class='ocr_line' id='line_1_24' title="bbox 21 2757 1139 2851; baseline 0.003 -23"><span class='ocrx_word' id='word_1_184' title='bbox 21 2766 206 2851; x_wconf 82' lang='lat' dir='ltr'>principum</span> <span class='ocrx_word' id='word_1_185' title='bbox 232 2765 373 2829; x_wconf 87' lang='lat' dir='ltr'>honores</span> <span class='ocrx_word' id='word_1_186' title='bbox 396 2764 543 2829; x_wconf 85' lang='lat' dir='ltr'>studeret</span> <span class='ocrx_word' id='word_1_187' title='bbox 567 2757 642 2830; x_wconf 73' lang='lat' dir='ltr'>euni</span> <span class='ocrx_word' id='word_1_188' title='bbox 666 2767 817 2848; x_wconf 84' lang='lat' dir='ltr'>evehere,</span> <span class='ocrx_word' id='word_1_189' title='bbox 848 2779 881 2832; x_wconf 89' lang='lat' dir='ltr'>et</span> <span class='ocrx_word' id='word_1_190' title='bbox 908 2789 1015 2833; x_wconf 87' lang='lat' dir='ltr'>mores</span> <span class='ocrx_word' id='word_1_191' title='bbox 1039 2766 1139 2832; x_wconf 86' lang='lat' dir='ltr'>diseo·</span> 
     </span>
     <span class='ocr_line' id='line_1_25' title="bbox 21 2860 1138 2948; baseline 0.004 -25"><span class='ocrx_word' id='word_1_192' title='bbox 21 2860 97 2926; x_wconf 88' lang='lat' dir='ltr'>lutos</span> <span class='ocrx_word' id='word_1_193' title='bbox 121 2863 198 2948; x_wconf 86' lang='lat' dir='ltr'>ejus</span> <span class='ocrx_word' id='word_1_194' title='bbox 232 2873 269 2926; x_wconf 88' lang='lat' dir='ltr'>ut</span> <span class='ocrx_word' id='word_1_195' title='bbox 303 2863 388 2927; x_wconf 80' lang='lat' dir='ltr'>alius</span> <span class='ocrx_word' id='word_1_196' title='bbox 418 2862 494 2926; x_wconf 86' lang='lat' dir='ltr'>Heli</span> <span class='ocrx_word' id='word_1_197' title='bbox 532 2875 708 2929; x_wconf 80' lang='lat' dir='ltr'>excusaret</span> <span class='ocrx_word' id='word_1_198' title='bbox 737 2866 869 2930; x_wconf 81' lang='lat' dir='ltr'>dicens:</span> <span class='ocrx_word' id='word_1_199' title='bbox 907 2867 1049 2934; x_wconf 87' lang='lat' dir='ltr'>Juvenis</span> <span class='ocrx_word' id='word_1_200' title='bbox 1081 2878 1138 2946; x_wconf 86' lang='lat' dir='ltr'>est,</span> 
     </span>
     <span class='ocr_line' id='line_1_26' title="bbox 23 2960 1138 3051; baseline 0.004 -28"><span class='ocrx_word' id='word_1_201' title='bbox 23 2963 186 3044; x_wconf 85' lang='lat' dir='ltr'>¹quamvis</span> <span class='ocrx_word' id='word_1_202' title='bbox 226 2960 362 3024; x_wconf 90' lang='lat' dir='ltr'>baberet</span> <span class='ocrx_word' id='word_1_203' title='bbox 400 2961 622 3047; x_wconf 86' lang='lat' dir='ltr'>quadraginta</span> <span class='ocrx_word' id='word_1_204' title='bbox 659 2963 788 3044; x_wconf 75' lang='lat' dir='ltr'>annos).</span> <span class='ocrx_word' id='word_1_205' title='bbox 851 2963 989 3051; x_wconf 88' lang='lat' dir='ltr'>Semper</span> <span class='ocrx_word' id='word_1_206' title='bbox 1027 2975 1138 3028; x_wconf 87' lang='lat' dir='ltr'>tamen</span> 
     </span>
     <span class='ocr_line' id='line_1_27' title="bbox 20 3057 1138 3139; baseline 0.005 -20"><span class='ocrx_word' id='word_1_207' title='bbox 20 3059 85 3138; x_wconf 86' lang='lat' dir='ltr'>pins</span> <span class='ocrx_word' id='word_1_208' title='bbox 137 3059 206 3121; x_wconf 84' lang='lat' dir='ltr'>fuit</span> <span class='ocrx_word' id='word_1_209' title='bbox 251 3057 425 3139; x_wconf 86' lang='lat' dir='ltr'>Urbanus,</span> <span class='ocrx_word' id='word_1_210' title='bbox 481 3072 635 3124; x_wconf 87' lang='lat' dir='ltr'>constane</span> <span class='ocrx_word' id='word_1_211' title='bbox 690 3064 724 3124; x_wconf 92' lang='lat' dir='ltr'>iu</span> <span class='ocrx_word' id='word_1_212' title='bbox 775 3063 926 3127; x_wconf 78' lang='lat' dir='ltr'>adversis</span> <span class='ocrx_word' id='word_1_213' title='bbox 972 3075 1005 3126; x_wconf 86' lang='lat' dir='ltr'>et</span> <span class='ocrx_word' id='word_1_214' title='bbox 1049 3064 1138 3126; x_wconf 85' lang='lat' dir='ltr'>vitae</span> 
     </span>
     <span class='ocr_line' id='line_1_28' title="bbox 18 3155 257 3240; baseline 0.017 -22"><span class='ocrx_word' id='word_1_215' title='bbox 18 3155 257 3240; x_wconf 88' lang='lat' dir='ltr'>integerrimae.</span> 
     </span>
    </p>

    <p class='ocr_par' dir='ltr' id='par_1_3' title="bbox 16 3254 1308 4324">
     <span class='ocr_line' id='line_1_29' title="bbox 99 3254 1308 3339; baseline 0.005 -21"><span class='ocrx_word' id='word_1_216' title='bbox 99 3257 155 3320; x_wconf 75' lang='lat'>2‘2.</span> <span class='ocrx_word' id='word_1_217' title='bbox 189 3254 300 3334; x_wconf 80' lang='lat' dir='ltr'>Quum</span> <span class='ocrx_word' id='word_1_218' title='bbox 319 3256 420 3339; x_wconf 90' lang='lat' dir='ltr'>igitur</span> <span class='ocrx_word' id='word_1_219' title='bbox 444 3255 490 3318; x_wconf 90' lang='lat' dir='ltr'>illi</span> <span class='ocrx_word' id='word_1_220' title='bbox 515 3256 665 3321; x_wconf 87' lang='lat' dir='ltr'>defectus</span> <span class='ocrx_word' id='word_1_221' title='bbox 688 3257 888 3322; x_wconf 85' lang='lat' dir='ltr'>characteris</span> <span class='ocrx_word' id='word_1_222' title='bbox 906 3260 1034 3324; x_wconf 81' lang='lat' dir='ltr'>Urbani</span> <span class='ocrx_word' id='word_1_223' title='bbox 1058 3281 1137 3324; x_wconf 86' lang='lat' dir='ltr'>mox</span> <span class='ocrx_word' id='word_1_224' title='bbox 1152 3282 1308 3324; x_wconf 65' lang='lat' dir='ltr'>caninorum</span> 
     </span>
     <span class='ocr_line' id='line_1_30' title="bbox 18 3347 1267 3439; baseline 0.006 -25"><span class='ocrx_word' id='word_1_225' title='bbox 18 3363 229 3438; x_wconf 78' lang='lat' dir='ltr'>apparerent,</span> <span class='ocrx_word' id='word_1_226' title='bbox 270 3365 302 3418; x_wconf 89' lang='lat' dir='ltr'>et</span> <span class='ocrx_word' id='word_1_227' title='bbox 340 3356 412 3439; x_wconf 86' lang='lat' dir='ltr'>ipse</span> <span class='ocrx_word' id='word_1_228' title='bbox 447 3353 546 3418; x_wconf 89' lang='lat' dir='ltr'>valde</span> <span class='ocrx_word' id='word_1_229' title='bbox 580 3354 736 3420; x_wconf 84' lang='lat' dir='ltr'>molestus</span> <span class='ocrx_word' id='word_1_230' title='bbox 771 3367 857 3421; x_wconf 89' lang='lat' dir='ltr'>esset</span> <span class='ocrx_word' id='word_1_231' title='bbox 892 3355 1137 3437; x_wconf 85' lang='lat' dir='ltr'>Cardiualibus,</span> <span class='ocrx_word' id='word_1_232' title='bbox 1193 3347 1267 3386; x_wconf 56' lang='grc' dir='ltr'>Μ’·</span> 
     </span>
     <span class='ocr_line' id='line_1_31' title="bbox 18 3447 1139 3537; baseline 0.009 -27"><span class='ocrx_word' id='word_1_233' title='bbox 18 3447 185 3516; x_wconf 87' lang='lat' dir='ltr'>electionis</span> <span class='ocrx_word' id='word_1_234' title='bbox 208 3451 284 3516; x_wconf 87' lang='lat' dir='ltr'>talis</span> <span class='ocrx_word' id='word_1_235' title='bbox 308 3473 363 3516; x_wconf 87' lang='lat' dir='ltr'>eos</span> <span class='ocrx_word' id='word_1_236' title='bbox 387 3453 561 3537; x_wconf 86' lang='lat' dir='ltr'>poenituit,</span> <span class='ocrx_word' id='word_1_237' title='bbox 587 3463 620 3517; x_wconf 90' lang='lat' dir='ltr'>et</span> <span class='ocrx_word' id='word_1_238' title='bbox 634 3453 733 3518; x_wconf 83' lang='lat' dir='ltr'>facile</span> <span class='ocrx_word' id='word_1_239' title='bbox 746 3466 891 3519; x_wconf 89' lang='lat' dir='ltr'>mentem</span> <span class='ocrx_word' id='word_1_240' title='bbox 907 3476 1022 3519; x_wconf 88' lang='lat' dir='ltr'>eornm</span> <span class='ocrx_word' id='word_1_241' title='bbox 1036 3455 1139 3520; x_wconf 89' lang='lat' dir='ltr'>dubia</span> 
     </span>
     <span class='ocr_line' id='line_1_32' title="bbox 18 3545 1139 3636; baseline 0.008 -26"><span class='ocrx_word' id='word_1_242' title='bbox 18 3545 52 3610; x_wconf 90' lang='lat' dir='ltr'>de</span> <span class='ocrx_word' id='word_1_243' title='bbox 75 3549 252 3614; x_wconf 86' lang='lat' dir='ltr'>validitate</span> <span class='ocrx_word' id='word_1_244' title='bbox 276 3549 410 3614; x_wconf 84' lang='lat' dir='ltr'>afficere</span> <span class='ocrx_word' id='word_1_245' title='bbox 434 3559 596 3636; x_wconf 88' lang='lat' dir='ltr'>poterant.</span> <span class='ocrx_word' id='word_1_246' title='bbox 644 3551 739 3618; x_wconf 86' lang='lat' dir='ltr'>Unus</span> <span class='ocrx_word' id='word_1_247' title='bbox 764 3553 889 3617; x_wconf 85' lang='lat' dir='ltr'>alterve</span> <span class='ocrx_word' id='word_1_248' title='bbox 913 3577 955 3618; x_wconf 88' lang='lat' dir='ltr'>ex</span> <span class='ocrx_word' id='word_1_249' title='bbox 980 3555 1139 3619; x_wconf 77' lang='lat' dir='ltr'>Cardine-</span> 
     </span>
     <span class='ocr_line' id='line_1_33' title="bbox 17 3643 1139 3738; baseline 0.008 -31"><span class='ocrx_word' id='word_1_250' title='bbox 17 3643 105 3726; x_wconf 85' lang='lat' dir='ltr'>libna,</span> <span class='ocrx_word' id='word_1_251' title='bbox 131 3649 183 3710; x_wconf 86' lang='lat' dir='ltr'>uti</span> <span class='ocrx_word' id='word_1_252' title='bbox 209 3646 462 3728; x_wconf 83' lang='lat' dir='ltr'>Glandacenais,</span> <span class='ocrx_word' id='word_1_253' title='bbox 489 3649 659 3715; x_wconf 70' lang='lat' dir='ltr'>Noelletus</span> <span class='ocrx_word' id='word_1_254' title='bbox 684 3651 875 3716; x_wconf 88' lang='lat' dir='ltr'>Cardinalis</span> <span class='ocrx_word' id='word_1_255' title='bbox 899 3675 924 3716; x_wconf 91' lang='lat' dir='ltr'>s.</span> <span class='ocrx_word' id='word_1_256' title='bbox 948 3652 1081 3738; x_wconf 82' lang='lat' dir='ltr'>Angeli,</span> <span class='ocrx_word' id='word_1_257' title='bbox 1107 3663 1139 3718; x_wconf 91' lang='lat' dir='ltr'>et</span> 
     </span>
     <span class='ocr_line' id='line_1_34' title="bbox 19 3741 1137 3833; baseline 0.009 -28"><span class='ocrx_word' id='word_1_258' title='bbox 19 3741 202 3810; x_wconf 81' lang='lat' dir='ltr'>Cardinalis</span> <span class='ocrx_word' id='word_1_259' title='bbox 217 3745 400 3810; x_wconf 87' lang='lat' dir='ltr'>Britannus</span> <span class='ocrx_word' id='word_1_260' title='bbox 417 3747 529 3832; x_wconf 78' lang='lat' dir='ltr'>(Hugo</span> <span class='ocrx_word' id='word_1_261' title='bbox 555 3746 596 3811; x_wconf 87' lang='lat' dir='ltr'>de</span> <span class='ocrx_word' id='word_1_262' title='bbox 614 3747 802 3830; x_wconf 86' lang='lat' dir='ltr'>Montelais)</span> <span class='ocrx_word' id='word_1_263' title='bbox 826 3748 930 3815; x_wconf 89' lang='lat' dir='ltr'>dubia</span> <span class='ocrx_word' id='word_1_264' title='bbox 954 3762 1137 3833; x_wconf 89' lang='lat' dir='ltr'>moverant,</span> 
     </span>
     <span class='ocr_line' id='line_1_35' title="bbox 18 3842 1138 3932; baseline 0.01 -28"><span class='ocrx_word' id='word_1_265' title='bbox 18 3854 176 3924; x_wconf 83' lang='lat' dir='ltr'>qnatenus</span> <span class='ocrx_word' id='word_1_266' title='bbox 204 3845 279 3928; x_wconf 88' lang='lat' dir='ltr'>ipsi,</span> <span class='ocrx_word' id='word_1_267' title='bbox 311 3853 348 3907; x_wconf 90' lang='lat' dir='ltr'>ut</span> <span class='ocrx_word' id='word_1_268' title='bbox 371 3842 538 3926; x_wconf 87' lang='lat' dir='ltr'>dicebant,</span> <span class='ocrx_word' id='word_1_269' title='bbox 570 3867 637 3911; x_wconf 86' lang='lat' dir='ltr'>non</span> <span class='ocrx_word' id='word_1_270' title='bbox 662 3847 725 3910; x_wconf 88' lang='lat' dir='ltr'>nisi</span> <span class='ocrx_word' id='word_1_271' title='bbox 750 3849 959 3932; x_wconf 87' lang='lat' dir='ltr'>specietenus</span> <span class='ocrx_word' id='word_1_272' title='bbox 982 3871 1024 3912; x_wconf 86' lang='lat' dir='ltr'>ex</span> <span class='ocrx_word' id='word_1_273' title='bbox 1048 3859 1138 3914; x_wconf 87' lang='lat' dir='ltr'>metu</span> 
     </span>
     <span class='ocr_line' id='line_1_36' title="bbox 17 3939 1137 4030; baseline 0.011 -30"><span class='ocrx_word' id='word_1_274' title='bbox 17 3939 207 4026; x_wconf 83' lang='lat' dir='ltr'>suffragium</span> <span class='ocrx_word' id='word_1_275' title='bbox 233 3940 412 4009; x_wconf 85' lang='lat' dir='ltr'>dedissent.</span> <span class='ocrx_word' id='word_1_276' title='bbox 446 3942 535 4008; x_wconf 86' lang='lat' dir='ltr'>Hinc</span> <span class='ocrx_word' id='word_1_277' title='bbox 560 3943 718 4008; x_wconf 87' lang='lat' dir='ltr'>videntur</span> <span class='ocrx_word' id='word_1_278' title='bbox 741 3947 885 4030; x_wconf 90' lang='lat' dir='ltr'>primurn</span> <span class='ocrx_word' id='word_1_279' title='bbox 910 3949 1072 4030; x_wconf 82' lang='lat' dir='ltr'>cogitasse</span> <span class='ocrx_word' id='word_1_280' title='bbox 1095 3947 1137 4012; x_wconf 89' lang='lat' dir='ltr'>de</span> 
     </span>
     <span class='ocr_line' id='line_1_37' title="bbox 17 4037 1139 4124; baseline 0.012 -28"><span class='ocrx_word' id='word_1_281' title='bbox 17 4037 209 4102; x_wconf 88' lang='lat' dir='ltr'>reelectione</span> <span class='ocrx_word' id='word_1_282' title='bbox 241 4041 344 4124; x_wconf 85' lang='lat' dir='ltr'>ipsius</span> <span class='ocrx_word' id='word_1_283' title='bbox 375 4040 553 4124; x_wconf 82' lang='lat' dir='ltr'>Anagniae</span> <span class='ocrx_word' id='word_1_284' title='bbox 585 4042 755 4119; x_wconf 86' lang='lat' dir='ltr'>facienda,</span> <span class='ocrx_word' id='word_1_285' title='bbox 793 4045 820 4106; x_wconf 87' lang='lat' dir='ltr'>si</span> <span class='ocrx_word' id='word_1_286' title='bbox 854 4066 933 4108; x_wconf 91' lang='lat' dir='ltr'>vera</span> <span class='ocrx_word' id='word_1_287' title='bbox 966 4055 1043 4109; x_wconf 88' lang='lat' dir='ltr'>sunt</span> <span class='ocrx_word' id='word_1_288' title='bbox 1074 4047 1139 4110; x_wconf 85' lang='lat' dir='ltr'>iata</span> 
     </span>
     <span class='ocr_line' id='line_1_38' title="bbox 18 4131 1138 4208; baseline 0.011 -12"><span class='ocrx_word' id='word_1_289' title='bbox 18 4131 202 4200; x_wconf 80' lang='lat' dir='ltr'>Cardinalis</span> <span class='ocrx_word' id='word_1_290' title='bbox 218 4134 478 4202; x_wconf 84' lang='lat' dir='ltr'>Glandaeeneis:</span> <span class='ocrx_word' id='word_1_291' title='bbox 508 4139 622 4204; x_wconf 80' lang='lat' dir='ltr'>Omnes</span> <span class='ocrx_word' id='word_1_292' title='bbox 649 4137 839 4206; x_wconf 83' lang='lat' dir='ltr'>Cordinales</span> <span class='ocrx_word' id='word_1_293' title='bbox 863 4141 1070 4208; x_wconf 78' lang='lat' dir='ltr'>intendebant</span> <span class='ocrx_word' id='word_1_294' title='bbox 1093 4144 1138 4208; x_wconf 84' lang='lat' dir='ltr'>ad</span> 
     </span>
     <span class='ocr_line' id='line_1_39' title="bbox 16 4234 1137 4324; baseline 0.012 -33"><span class='ocrx_word' id='word_1_295' title='bbox 16 4234 191 4298; x_wconf 73' lang='lat' dir='ltr'>euitandam</span> <span class='ocrx_word' id='word_1_296' title='bbox 215 4235 413 4314; x_wconf 79' lang='lat' dir='ltr'>scandalum,</span> <span class='ocrx_word' id='word_1_297' title='bbox 446 4240 476 4299; x_wconf 75' lang='grc' dir='ltr'>εἰ</span> <span class='ocrx_word' id='word_1_298' title='bbox 499 4237 621 4322; x_wconf 67' lang='lat' dir='ltr'>ficisset</span> <span class='ocrx_word' id='word_1_299' title='bbox 648 4250 753 4324; x_wconf 75' lang='lat' dir='ltr'>optate,</span> <span class='ocrx_word' id='word_1_300' title='bbox 785 4241 912 4324; x_wconf 84' lang='lat' dir='ltr'>quando</span> <span class='ocrx_word' id='word_1_301' title='bbox 939 4240 1079 4324; x_wconf 58' lang='lat' dir='ltr'>ficissent</span> <span class='ocrx_word' id='word_1_302' title='bbox 1102 4243 1137 4304; x_wconf 85' lang='lat' dir='ltr'>in</span> 
     </span>
    </p>
   </div>
   <div class='ocr_carea' id='block_1_3' title="bbox 0 0 1438 4844">
    <p class='ocr_par' dir='ltr' id='par_1_4' title="bbox 0 0 1438 4844">
     <span class='ocr_line' id='line_1_40' title="bbox 0 0 1438 4844; baseline 0 1"><span class='ocrx_word' id='word_1_303' title='bbox 0 0 1438 4844; x_wconf 95' lang='lat' dir='ltr'> </span> 
     </span>
    </p>
   </div>
  </div>
 </body>
</html>
