2916 4842
275 435 362 491 Lacte
381 435 510 520 Eriderici
532 434 545 488 1
564 440 659 488 contra
679 434 862 490 Alexandrum
880 434 932 492 Ill.
1114 435 1166 490 133

56 580 216 646 Ludovico
240 579 308 644 VII
340 601 460 664 magno
486 600 561 644 oum
586 577 709 642 bonore
742 589 901 663 exceptus
931 589 989 644 est.
1037 579 1164 644 Eodem

54 702 130 743 anuo
154 678 244 764 apud
267 676 647 743 Mentem-Pessulauum
681 676 847 759 synodum
878 676 1006 760 habuit,
1040 679 1165 763 inqua

54 799 155 840 mrsus
179 778 212 842 iu
236 778 430 862 antipapam
448 776 593 862 ¹ejusque
617 772 794 859 complices
810 776 1164 840 excommunicationis

53 877 240 939 seutentiam
282 873 516 959 promulgavit.
558 873 669 936 ·Anno
715 882 871 958 sequente
908 872 1164 959 frequentiorem

51 973 203 1056 synodum
230 974 339 1057 coegit
361 971 451 1058 apud
475 972 635 1052 Turones,
661 971 715 1034 cui
739 971 960 1036 interfuerunt
985 974 1024 1036 17
1051 969 1162 1036 Cardi-

51 1071 142 1153 uales,
169 1072 233 1135 124
257 1072 404 1156 episcopi
429 1092 470 1132 ex
493 1066 601 1150 ltalia,
627 1068 739 1134 Gallia
762 1080 794 1132 et
817 1069 950 1155 Anglia,
975 1071 1041 1133 414
1064 1068 1159 1134 abba

49 1180 100 1248 tes,
129 1190 338 1253 magnusque
362 1166 556 1232 clericorum
581 1177 614 1230 ct
635 1165 796 1231 laicorum
820 1189 987 1232 numerus.
1035 1166 1163 1232 Habuit

49 1265 201 1330 Amulius
225 1267 447 1331 Lexoviensis
483 1266 665 1329 orationem
697 1265 861 1350 insignem
904 1266 944 1330 de
976 1268 1102 1330 unitate
1131 1277 1163 1330 et

48 1361 189 1426 libertate
206 1363 396 1448 Ecclesiae,
421 1375 519 1450 atque
545 1365 661 1426 iterum
688 1361 894 1428 Octavianus
918 1365 1055 1450 ejusque
1079 1364 1163 1430 ordi·

48 1463 190 1526 nationes
214 1463 329 1548 rejecti
354 1474 444 1546 sunt;
470 1463 554 1526 varii
578 1473 748 1547 praeterea
773 1463 814 1528 de
838 1463 1014 1550 disciplina
1038 1465 1163 1530 conditi

49 1571 115 1622 suut
137 1581 295 1624 canones

125 1667 181 1731 35.
206 1667 346 1731 Frustra
362 1665 553 1730 Fridericus
568 1688 684 1732 omnes
701 1668 788 1732 vires
804 1669 956 1750 intendit,
973 1680 1010 1734 ut
1025 1670 1163 1755 pseudo·
1215 1719 1250 1757 „n

49 1785 144 1848 papae
169 1765 317 1829 Victoris
340 1765 388 1830 IV
412 1767 642 1829 anctoritatem
666 1766 821 1848 firmaret,
855 1769 963 1853 n'cque
987 1767 1065 1832 huic
1089 1767 1198 1833 Rei-¹0
1223 1792 1257 1820 em
1291 1791 1319 1819 ω

47 1861 127 1924 nuldi
160 1862 352 1928 cancellarii
385 1873 472 1927 artes
503 1875 535 1927 et
568 1862 756 1949 eloquentia
786 1864 926 1928 multum
957 1866 1163 1951 profuerunt.

48 1959 78 2021 ln
94 1960 378 2044 negotiationibus
394 1971 505 2025 autem
529 1947 595 2024 illis
611 1963 757 2025 maxima
773 1966 936 2048 apparuit,
962 1974 1164 2049 quantopere

47 2056 325 2122 schismaticorum
357 2060 520 2145 principia
549 2059 721 2124 Ecclesiae
749 2076 782 2124 et
811 2063 971 2145 primatus
1001 2059 1103 2126 indoli
1132 2069 1165 2125 et

48 2159 230 2220 auctoritati
255 2169 364 2220 esseut
386 2156 526 2221 funesta.
574 2157 762 2222 Identidem
787 2160 873 2222 enim
901 2161 1069 2245 conquesti
1088 2170 1165 2223 sunt

52 2253 234 2318 Fridericus
258 2266 291 2319 et
316 2254 512 2337 Raiualdus,
541 2256 620 2340 jura
644 2256 857 2341 Imperatoris
881 2255 998 2320 violari
1023 2255 1065 2320 ab
1090 2255 1164 2320 aliis

50 2353 264 2438 principibus,
283 2355 310 2417 si
325 2353 495 2416 Victorem
513 2352 557 2420 lV
577 2355 769 2438 rejicerent;
793 2353 931 2418 Romam
949 2376 1019 2418 esse
1027 2356 1164 2440 Imperii

50 2448 154 2516 urbem
180 2454 335 2538 primam,
366 2452 515 2537 adeoque
539 2451 582 2516 ad
606 2453 842 2537 Imperatorem
867 2463 1025 2537 spectare,
1056 2463 1094 2515 ut
1116 2453 1163 2516 in·

49 2549 153 2612 atituat
183 2548 239 2612 vel
268 2549 440 2614 confirmet
470 2549 570 2635 hujus
599 2552 744 2614 civitatis
775 2552 976 2637 episcopum,
1010 2550 1062 2614 vel
1088 2550 1163 2615 diri·

50 2659 109 2708 mat
138 2649 387 2732 quaestionem,
422 2649 495 2733 quis
527 2647 570 2710 sit
592 2647 717 2711 Romae
751 2648 843 2713 urbis
872 2648 1014 2734 praesul.
1060 2649 1164 2713 Juria·

49 2739 220 2809 dictionem
253 2744 437 2830 quamdam,
464 2747 499 2808 in
531 2745 612 2809 urbe
636 2745 786 2810 Romana
816 2746 880 2810 sibi
908 2768 1061 2832 arrogare
1086 2768 1162 2833 pro-

50 2842 214 2906 vinciarum
246 2841 388 2926 (Galliae
418 2853 450 2908 et
481 2842 635 2928 Angliae)
668 2845 848 2929 principes,
888 2843 968 2909 dum
1006 2844 1070 2909 sibi
1107 2845 1164 2929 jus

50 2951 255 3019 praesumant
287 2939 421 3026 aliquod
455 2941 620 3004 statuendi
652 2942 686 3004 in
720 2963 759 3004 ea
782 2943 988 3027 quaestione,
1024 2944 1098 3028 quis
1122 2944 1165 3006 sit

50 3033 209 3103 Romanus
235 3040 420 3124 episcopus.
469 3037 569 3103 Haud
595 3037 704 3102 minus
728 3039 762 3103 id
786 3061 982 3124 repugnare,
1012 3041 1163 3126 quamsi

50 3129 224 3218 imperator
261 3134 352 3199 litem
392 3135 547 3200 dirimere
585 3133 685 3199 vellet
723 3137 764 3200 de
800 3137 992 3222 episcopatu
1022 3137 1163 3223 alicujus

51 3229 201 3299 dioecesis
241 3231 371 3298 Galliae
411 3233 464 3298 vel
507 3233 660 3319 Angliae.
725 3229 862 3299 Talibus
904 3234 1163 3321 sophismatibus

52 3335 270 3396 auctoritatem
304 3344 337 3395 et
368 3332 563 3416 dignitatem
588 3333 729 3396 Romani
755 3332 926 3397 Pontifiois
956 3355 994 3396 eo
1019 3343 1162 3398 coarcta·

52 3423 131 3510 bant,
160 3442 198 3493 ut
223 3431 251 3492 is
276 3441 360 3494 esset
383 3451 443 3515 per
465 3451 499 3494 se
523 3439 651 3493 tantum
681 3432 855 3516 episcopus
879 3431 1059 3516 imperialis
1083 3434 1162 3496 civi-

53 3527 118 3588 tatis
132 3527 269 3609 Romae,
292 3529 420 3613 primae
444 3527 536 3592 urbis
552 3529 706 3613 Imperii3
732 3549 790 3613 per
813 3529 979 3608 accidens,
1003 3529 1046 3594 ob
1070 3530 1162 3595 urbis

54 3619 248 3708 dignitatem,
273 3627 397 3710 primas
421 3628 507 3690 iuter
530 3626 697 3711 praesules
721 3625 908 3690 catholicos.
917 3629 938 3707 ¹)

130 3731 182 3796 36.
216 3731 328 3813 Quum
352 3731 559 3798 Octavianus
582 3734 742 3818 antipapa
772 3733 826 3797 die
849 3734 910 3799 20⁰
933 3733 1058 3819 Aprilis
1081 3737 1161 3799 anni

57 3827 130 3890 1164
159 3831 194 3893 in
226 3829 308 3894 urbe
335 3829 430 3894 Luca
460 3829 549 3895 diem
581 3829 716 3894 obiisset
745 3853 951 3916 supremum,
984 3831 1163 3896 haesitavit

55 3925 175 4008 quidem
199 3925 443 4014 aliquantulum
472 3927 672 4010 Fridericus,
704 3938 814 3994 utrum
839 3951 955 4014 pacem
986 3952 1062 3993 oum
1086 3928 1161 3994 Ale·

57 4023 172 4088 xandro
194 4023 246 4088 ΙΙΙ
270 4027 378 4109 iniret,
403 4049 445 4090 an
469 4047 594 4090 novum
619 4026 814 4092 Pontificem
839 4029 1065 4094 constitueret
1095 4027 1163 4094 Sed

57 4147 251 4160 --——.-—-

121 4219 142 4286 ι)
161 4218 210 4272 cfr.
230 4219 335 4286 uasere,
354 4220 384 4276 c.
403 4221 443 4286 c,
462 4220 492 4278 r.
516 4221 545 4276 v.
565 4221 588 4292 a.
609 4221 670 4277 aas.
