2858 4834
297 411 349 463 218
533 410 619 463 XXV.
637 411 678 464 De
697 427 778 466 causa
797 427 817 462 s.
837 410 954 465 Thomas
973 407 1183 466 Cantauriensis.

297 575 363 618 non
379 556 587 639 exprimitur,
612 553 669 618 sed
687 554 854 638 significat
867 554 1032 636 Pontifex,
1049 565 1178 639 gratum
1195 567 1229 619 et
1241 569 1395 642 acceptu
1407 586 1425 615 n

296 649 359 714 sibi
384 673 454 715 esse
478 651 614 716 Henrici
646 651 862 736 propositum,
893 662 1074 739 votumque
1102 645 1274 738 exprimit,
1308 666 1353 718 ut
1388 679 1426 718 a·

295 749 454 813 Hibernis
484 748 665 814 honorifice
697 751 878 834 recipiatur
910 759 943 813 et
974 760 1010 814 ut
1043 750 1197 816 dominus
1229 763 1424 816 veneretur

294 845 513 911 Auctoritatis
537 847 731 911 mandatum
755 848 905 911 strictum
929 869 997 912 non
1021 869 1193 913 censemus
1216 847 1282 914 illis
1308 851 1416 914 verbi

294 943 438 1008 subesse.
486 942 732 1008 Commemorat
755 943 833 1008 dein
856 944 1012 1009 Pontifex
1038 947 1094 1032 jus
1118 945 1287 1032 quoddam
1326 971 1420 1034 pecu

293 1042 373 1106 liare
389 1042 546 1106 ecclesiae
564 1043 732 1106 Romanae
756 1042 866 1128 quoad
890 1043 1028 1125 insulas3
1053 1066 1120 1109 non
1144 1045 1290 1131 quidem,
1320 1069 1421 1134 quan

294 1150 362 1204 tum
387 1151 534 1227 apparet,
560 1152 596 1204 ut
620 1140 697 1204 inde
721 1142 842 1204 inferat
859 1142 916 1226 jus
939 1141 1138 1228 disponendi
1162 1166 1220 1228 pro
1243 1144 1363 1209 lubito
1390 1146 1428 1208 da

293 1237 457 1302 Hibernia
482 1249 514 1300 et
537 1259 609 1301 eam
628 1237 774 1302 donandi
792 1237 934 1323 Angliae
951 1241 1032 1324 regi,
1056 1239 1115 1304 scd
1130 1244 1239 1326 potius
1256 1253 1295 1305 ut
1313 1253 1418 1307 osten

294 1338 359 1420 dat,
385 1361 486 1423 quare
509 1337 669 1423 peculiari
694 1336 916 1402 sollicitudine
947 1337 1096 1422 religioni
1123 1340 1265 1404 tuendae
1290 1340 1414 1404 ibide

293 1438 363 1520 ipse
387 1437 502 1500 merito
527 1433 710 1521 provideat.
759 1435 872 1499 Facile
896 1446 1007 1500 tamen
1036 1437 1256 1518 admitterem,
1283 1460 1372 1503 enm
1398 1464 1424 1502 ι.

291 1533 354 1597 hac
379 1535 543 1618 opinione,
575 1532 631 1597 illa
655 1543 762 1597 aetate
781 1535 853 1619 jam
878 1545 1020 1620 recepta,
1048 1538 1210 1601 rationem
1235 1538 1424 1622 quamdan

292 1633 472 1709 invenisse,
507 1652 565 1694 cur
588 1630 718 1696 facilius
747 1631 992 1717 expeditionem
1024 1633 1162 1698 Henrici
1198 1635 1428 1720 comprober.

291 1731 445 1814 potuerit.

127 1871 272 1974 cffifflim
383 1872 435 1937 64.
461 1871 627 1934 Videntur
644 1873 756 1956 utique
774 1870 829 1935 illa
845 1871 961 1936 verba:
989 1873 1176 1936 Hiberniam
1199 1886 1228 1936 et
1242 1897 1361 1938 omnes
1388 1880 1420 1936 iu

278 1968 382 2034 'salas
405 1970 517 2054 quibas
548 1968 597 2032 sol
615 1970 764 2058 justitiae
793 1965 938 2033 Cinciae
968 1969 1078 2035 ilinait
1110 1971 1152 2035 ad
1176 1977 1233 2062 jas
1264 1972 1303 2036 B.
1338 1975 1400 2036 Pet
1425 2018 1428 2029 2

295 2077 324 2128 ct
355 2079 574 2131 sacrosanctae
607 2069 771 2130 Romanae
805 2067 951 2131 ecclcsiae
980 2071 1157 2154 pertinere,
1188 2068 1348 2134 alludere
1389 2095 1428 2134 cn

292 2167 509 2250 suppositiam
535 2167 737 2228 donationem
761 2163 980 2231 Constantini.
1028 2165 1262 2252 Opportunum
1288 2171 1363 2232 erit
1389 2193 1429 2233 e.

291 2263 354 2326 hac
379 2264 550 2327 dannatione
576 2285 614 2327 ea
638 2265 752 2344 affere,
782 2285 823 2326 ex
849 2264 970 2350 quibus
998 2266 1075 2350 jura
1100 2265 1283 2351 peculiaria
1306 2267 1418 2331 Ponti

292 2383 367 2424 cum
401 2363 436 2425 in
460 2361 621 2446 quasdam
654 2363 803 2447 regiones
835 2361 1084 2446 colligebantur,
1120 2365 1273 2449 quamvis
1307 2368 1413 2429 minu

290 2457 546 2524 determinatum
571 2461 684 2539 fucrit,
714 2482 886 2546 quousque
919 2461 999 2524 talio
1022 2462 1100 2546 jura
1128 2485 1161 2526 se
1186 2463 1421 2528 extenderent

287 2557 424 2619 Dicitur
447 2558 576 2642 itaque:
612 2557 732 2630 Qnibas
757 2559 895 2622 ecclesiis
919 2558 1023 2643 (urbis
1048 2560 1185 2640 Romae)
1205 2583 1268 2648 pro
1294 2566 1416 2626 concio

289 2657 416 2718 scaone
448 2653 689 2719 luminariorum
718 2659 954 2742 possessionum
976 2658 1119 2744 prraedia
1153 2657 1362 2738 contulimus,
1404 2686 1417 2719 e

288 2753 378 2815 rebus
402 2753 535 2816 diuersis
560 2775 613 2816 eas
638 2755 818 2832 ditavimus,
843 2765 873 2818 et
891 2777 953 2840 per
975 2767 1117 2818 nostram
1131 2754 1336 2842 imperialem
1356 2763 1418 2848 jus

286 2853 404 2914 sionem
429 2873 563 2927 sacram,
589 2860 653 2914 tam
677 2853 710 2914 in
734 2853 863 2930 oriente,
888 2877 981 2938 qoam
1005 2853 1039 2915 in
1063 2853 1230 2932 occidente,
1254 2849 1305 2915 uel
1325 2859 1420 2918 etiae

286 2949 532 3034 septentrionali
567 2949 615 3012 eei
648 2950 854 3013 meridionali
881 2951 1001 3038 plaga,
1032 2950 1178 3016 oidclicct
1207 2955 1241 3015 ia
1273 2951 1419 3016 Judaea

290 3045 438 3125 Graecia,
463 3047 555 3124 Asia,
583 3049 735 3125 Thracia,
761 3049 878 3133 Africa
902 3061 931 3113 et
954 3049 1054 3113 Italia
1079 3049 1125 3112 sel
1139 3051 1274 3114 dioc-reis
1290 3051 1418 3115 inentis

286 3156 396 3209 nostra
421 3143 569 3232 largitate
603 3149 648 3210 eis
679 3146 855 3210 libertatem
888 3150 1103 3225 concesssimus,
1135 3171 1172 3212 ca
1198 3169 1341 3234 prorsas
1377 3174 1416 3212 ναι

286 3246 379 3320 ione,
409 3255 443 3306 nt
463 3266 524 3328 per
547 3267 658 3307 manns
683 3245 858 3308 beatissimi
875 3247 984 3331 patris
1007 3248 1110 3309 nostri
1134 3245 1281 3310 Silvestri
1305 3247 1424 3310 Ponti·

276 3343 356 3425 ficis
380 3364 648 3427 srccccsscrnmqae
673 3347 738 3432 rjus
764 3345 870 3406 omnia
894 3343 1107 3428 disponantur
1109 3394 1250 3410 .....

378 3494 431 3557 65.
463 3493 579 3578 Itaque
604 3517 645 3556 ex
670 3493 725 3556 illa
750 3495 920 3557 dcccdccc
939 3495 1017 3580 jura
1042 3494 1205 3581 quaedam
1230 3497 1424 3580 peculiaria

284 3596 319 3658 in
343 3591 469 3656 insulas
492 3591 651 3656 Romanis
676 3591 895 3656 Pontificibus
919 3615 999 3674 esse,
1034 3593 1143 3657 medio
1178 3615 1260 3658 aevo
1293 3595 1423 3660 admit·

283 3691 422 3772 tebatur,
456 3701 619 3775 quatenus
643 3689 721 3754 inde
750 3691 849 3776 juxta
879 3687 1135 3755 Constantinum
1168 3695 1327 3778 expensis
1367 3717 1423 3758 ec-

282 3789 457 3852 clesiarum
481 3789 614 3868 Romae,
648 3787 744 3874 (haec
769 3791 856 3851 enim
883 3810 965 3852 voce
993 3792 1245 3854 concinnationis
1277 3790 1421 3855 lamina-

282 3888 400 3949 rioram
425 3885 682 3970 significantur,)
706 3886 875 3970 provideri
900 3885 1045 3952 deberet.
1093 3887 1183 3951 Hinc
1204 3888 1288 3951 forte
1313 3893 1420 3975 majo-

281 4005 350 4046 rem
384 3982 565 4069 qusmdsm
601 3985 847 4067 auctoritatem,
884 3983 1142 4049 sollicitudinem
1178 3997 1210 4048 et
1244 3987 1418 4051 influxum

280 4083 380 4146 ctiam
405 4084 439 4146 in
458 4080 697 4168 temporalibus
720 4081 829 4166 quoad
847 4081 971 4146 insulas
995 4083 1035 4147 iis
1059 4085 1249 4165 convenire,
1273 4085 1417 4170 quidam

278 4181 456 4244 Pontifices
496 4181 782 4243 existimaverunt.
839 4179 893 4242 Ex
930 4179 1046 4243 litteris
1081 4179 1244 4245 Hadriani
1278 4181 1328 4245 lv
1360 4183 1416 4246 rel
