2868 4844
321 507 361 560 De
379 505 531 561 schismatis
551 508 718 562 incremento
1050 509 1103 564 275

11 651 187 729 asseruisset,
212 672 247 713 se
262 671 386 714 novum
411 650 558 716 medium
583 653 791 735 aptissimum
817 652 994 732 invenisse,
1019 653 1110 736 prius

11 747 98 830 ipsum
113 746 352 811 consulendum
368 769 440 812 esse
457 747 498 812 de
511 750 573 813 isto
591 749 719 828 medi03
744 748 800 812 sed
819 769 933 814 eorum
946 750 1110 814 sententia

10 841 81 908 hand
102 845 163 908 fuit
185 854 367 930 acceptata.
403 844 681 931 Splendidissima
704 847 805 930 igitur
827 845 949 932 legatio
966 848 1109 911 Arenio-

8 963 66 1004 uem
89 941 128 1004 nd
153 941 348 1008 Pontificem
374 943 473 1006 missa
497 953 555 1024 est,
590 965 674 1028 quae
699 945 762 1029 ipsi
796 945 993 1009 sententiam
1019 965 1108 1029 prae·

7 1037 96 1102 solum
126 1051 159 1104 et
180 1039 418 1104 Universitatis
447 1042 627 1126 proposuit.
675 1039 740 1106 Sed
764 1040 966 1107 Benedictus
996 1041 1279 1106 multjsrmturas

6 1159 69 1199 usus
90 1147 137 1200 est
159 1136 368 1220 ambagibus,
393 1159 533 1224 eamque
558 1161 598 1202 ex
623 1161 683 1204 sua
706 1142 903 1224 parteviam
929 1141 1108 1226 proposuit,
1153 1115 1245 1158 mm

5 1246 32 1296 ut
51 1234 114 1298 bini
139 1234 377 1298 contendentes
394 1234 435 1298 de
448 1235 650 1301 Pontificatu
674 1257 887 1322 congressum
903 1236 1106 1323 personalem

2 1333 73 1395 inter
94 1355 127 1398 se
152 1331 314 1397 baberent
336 1343 436 1418 atque
462 1335 618 1398 unionem
642 1344 826 1416 tentarent3
851 1345 887 1398 ut
904 1357 980 1400 vero
1005 1337 1031 1400 si
1056 1357 1108 1399 res

2 1451 53 1493 nou
84 1431 287 1512 succederet,
320 1430 518 1496 arbitrorum
554 1441 662 1496 certus
685 1455 843 1498 numerus
867 1432 1042 1518 eligeretur·
1065 1431 1107 1497 ab

2 1543 123 1614 utroque
147 1529 394 1614 praetendente,
429 1531 476 1593 ita
499 1539 537 1593 ut
559 1551 602 1594 ex
626 1532 698 1594 istis
728 1529 875 1596 tribunal
900 1531 1106 1594 formaretur.

2 1625 82 1704 Quod
117 1648 194 1690 vero
228 1627 271 1691 ab
305 1626 357 1690 bis
389 1627 441 1690 vel
474 1630 676 1692 unanimiter
705 1627 758 1692 vel
790 1628 931 1694 duarum
962 1631 1106 1713 partium

2 1724 171 1807 majoritate
194 1727 422 1804 constituatur,
449 1725 530 1790 illud
543 1725 749 1812 sequendum
767 1748 846 1793 esse.
876 1725 989 1790 Facile
1006 1735 1106 1812 patet,

2 1822 145 1904 jusmodi
171 1824 261 1886 viam
286 1821 519 1888 difficillimam
552 1824 663 1889 irrisae.
713 1823 826 1903 Quum
851 1847 928 1890 vero
961 1833 1107 1888 oratores

3 1921 82 2002 agis,
115 1919 304 2006 praesulum
329 1930 363 1984 et
386 1921 622 1986 Universitutis
646 1925 736 1986 viam
760 1923 918 1986 cessionis
941 1933 1105 2007 urgerent,

3 2015 63 2079 ubil
88 2027 221 2102 praeter
244 2017 347 2083 verba
372 2017 456 2082 dura
481 2021 654 2104 minasque
678 2019 881 2085 Benedictus
904 2018 1058 2083 reddidit.

69 2139 121 2204 36.
155 2139 343 2205 Bonifatius
360 2141 421 2222 IX,
447 2144 500 2205 cui
525 2143 641 2207 eadem
668 2145 801 2208 unionis
825 2147 880 2208 via
904 2145 967 2208 fuit
989 2163 1104 2228 propo-

3 2237 55 2314 ¹ita,
87 2237 275 2323 respondit,
308 2261 341 2303 se
374 2241 519 2303 maxime
552 2239 642 2304 cordi
675 2239 798 2306 habere
831 2239 1019 2306 schismatis
1050 2263 1104 2304 cx-

3 2336 204 2416 tinctionem,
244 2335 302 2400 sed
335 2358 437 2422 quum
475 2335 620 2422 legitime
650 2349 780 2402 creatus
813 2349 907 2422 esset,
948 2361 980 2402 se
1013 2339 1103 2402 viam

6 2435 138 2498 essionis
164 2454 230 2497 non
254 2456 350 2520 posse
374 2433 568 2516 admittere3
592 2445 737 2500 attamen
754 2445 829 2520 post
843 2437 931 2501 Petri
949 2436 989 2500 de
1007 2435 1104 2500 Luna

8 2527 227 2594 bdicationem
253 2553 287 2594 se
310 2533 379 2616 regi
404 2529 533 2596 Galliae
565 2532 703 2618 aliisque
734 2532 957 2598 restituendae
987 2532 1103 2598 unioni

6 2625 255 2692 dlaborantibus
298 2628 543 2694 satisfacturum
580 2632 700 2712 esse.¹)
754 2631 816 2695 His
857 2630 898 2694 de
937 2633 1104 2716 responsis

4 2727 136 2790 lonifatii
172 2747 269 2789 nemo
303 2728 450 2808 miretur,
490 2729 546 2812 qui
572 2729 773 2810 consideret,
814 2727 943 2792 firmam
968 2730 1029 2814 ipsi
1058 2729 1100 2793 ob

4 2833 175 2906 rgumenta
218 2822 323 2888 solida
361 2823 464 2890 fuisse
503 2828 768 2910 persuasionem,
816 2825 962 2890 validam
999 2826 1101 2890 fnisse

4 2919 173 2985 lectionem
201 2919 339 3004 Urbani,
371 2922 521 3008 adeoque
552 2923 652 2988 etiem
682 2926 913 3010 pontificatum
944 2944 1040 2988 suum
1065 2935 1102 2988 ut

4 3021 176 3084 secessoris
191 3019 278 3082 illius
294 3022 429 3085 omnino
444 3018 640 3104 legitimum,
652 3061 694 3069 —
708 3019 792 3086 Cum
803 3021 1101 3087 BenedictulelI

4 3117 59 3179 iam
85 3117 250 3181 cessionis
269 3119 484 3204 pertinaciter
498 3119 658 3204 rejiceret,
682 3120 850 3206 praesules
865 3117 964 3202 Galli,
990 3120 1099 3185 docto-

4 3237 31 3289 a,
64 3215 221 3295 abbates,
253 3215 473 3300 capitulorum
498 3227 737 3303 procuratores,
772 3219 939 3304 principes
968 3229 1000 3282 et
1016 3239 1098 3304 -pro-

4 3335 58 3376 eres
83 3311 219 3377 consilii
244 3316 326 3397 regii
350 3335 379 3380 a.
408 3315 493 3380 1398
518 3315 674 3380 mandato
698 3317 786 3400 regis
804 3315 941 3380 Parisiis
965 3337 1098 3401 congre·

4 3413 44 3490 ni,
69 3421 150 3497 post
163 3409 295 3494 longam
311 3411 550 3478 discussionem
569 3411 750 3479 Benedicto
763 3413 846 3478 Xlll
873 3413 1097 3479 obedientiam

40 3645 58 3704 ¹)
79 3642 206 3696 Videtur
223 3640 379 3695 Bonifatius
398 3641 444 3695 illo
463 3651 583 3710 tempore
608 3651 733 3712 paratum
752 3661 781 3698 se
799 3645 952 3701 exhibuisse
978 3647 1011 3700 ad
1031 3647 1097 3700 Con·

5 3723 56 3776 ium
82 3721 219 3791 generale
243 3722 450 3776 convocandum.
493 3721 525 3776 Id
548 3723 644 3792 conjici
669 3729 759 3792 potest
789 3741 823 3778 ex
847 3725 961 3792 epistola
986 3725 1097 3780 Henrici

5 3801 195 3870 risffltellae
206 3799 399 3856 adilartinnm
409 3803 580 3871 Arragonine
598 3819 698 3873 regem,
717 3805 745 3858 in
759 3819 812 3872 qua
830 3806 970 3861 ostendere
988 3806 1097 3874 nititur,

5 3883 191 3950 upromissnm
211 3896 227 3933 a
245 3881 391 3938 Benedicto
409 3884 576 3951 propositum
595 3885 728 3940 adfinem
750 3891 909 3953 exoptatum
936 3886 1007 3940 baud
1035 3903 1096 3942 cou-

5 3979 67 4022 cera
110 3964 152 4018 Et
179 3961 274 4018 scribit
298 3964 371 4018 inter
395 3965 465 4021 alia:
496 3965 565 4030 ,Pro
583 3971 662 4034 parte
680 3967 780 4021 intrusi
798 3965 955 4036 (Bonifatii)
983 3967 1095 4032 dicetur,

5 4049 32 4100 od
51 4047 100 4100 ria
120 4044 309 4112 compromissi
337 4061 390 4099 non
415 4051 458 4100 est
482 4045 529 4100 via
547 4046 615 4114 jnris
634 4053 663 4100 et
678 4046 814 4115 justitiae,
841 4091 846 4104 .
867 4088 873 4102 .
895 4091 900 4103 .
926 4053 955 4100 et
973 4047 1042 4114 quod
1061 4048 1095 4102 ad

5 4142 42 4182 am
62 4127 142 4181 viam
163 4139 243 4178 nemo
261 4126 431 4193 compellitur
450 4142 498 4180 nec
517 4127 638 4194 compelli
652 4127 738 4192 debet,
756 4135 898 4195 postquam
917 4141 946 4180 sc
964 4125 1044 4181 offert
1062 4129 1097 4180 ad

5 4225 33 4262 un
52 4205 178 4262 Consilii
197 4203 342 4273 generalis,
367 4221 436 4271 qnae
455 4213 497 4260 est
517 4207 563 4260 via
578 4207 649 4275 juris
668 4213 697 4261 et
711 4207 846 4274 justitiae,
872 4211 901 4260 et
922 4207 1008 4275 ipsum
1028 4207 1096 4261 Con·

5 4289 51 4342 inm
71 4285 211 4356 generale
229 4286 287 4352 ipse
305 4283 370 4340 lecit
389 4287 575 4358 congregari.“
615 4288 648 4344 V.
668 4286 799 4355 Raynald.
819 4303 843 4343 a.
865 4286 941 4340 139⁷.
960 4303 986 4343 n.
1008 4289 1049 4342 ll.

885 4377 932 4428 18*
