2814 4848
298 456 352 509 410
496 455 625 509 XXVIII.
645 457 685 510 De
703 461 778 509 statu
797 457 935 511 sotietatis
954 425 1046 512 christ.
1066 474 1133 512 saec
1154 459 1230 514 XIII.

299 611 425 663 armata
443 621 543 663 manu
560 599 828 683 Langobardiam
844 602 976 686 penitus
989 601 1153 686 subjicere
1170 603 1299 683 statuit,
1322 591 1402 670 simul

300 718 378 762 vero
402 697 544 782 superbo
569 699 691 780 auimo,
723 697 828 761 multa
852 700 886 762 in
911 698 1096 763 Ecclesiam
1128 699 1287 785 injuriose
1310 705 1402 784 perpe}

299 796 402 858 travit
424 818 463 858 ac
488 793 656 880 praesules
679 804 712 858 et
735 795 859 860 clerum
877 798 969 859 varie
994 799 1167 882 oppressit.
1204 798 1331 862 Bellum
1352 793 1402 860 susl

301 902 443 978 ceptum,
469 903 505 955 ut
523 896 606 978 jugo
630 891 712 956 duro
738 902 771 957 et
794 893 916 979 injusto
941 897 1125 981 municipia
1140 894 1258 959 Italiae
1283 897 1402 980 superis

196 991 268 1062 &¹⁰³
301 992 346 1054 ris
370 989 588 1073 submitteret,
614 989 767 1055 exhibuit
790 1001 826 1055 ut
849 1013 996 1077 pugnam
1024 1015 1153 1058 sacram
1176 992 1219 1056 ad
1244 993 1402 1077 exstirpari

302 1087 379 1151 dam
403 1087 566 1152 haeresim
597 1089 729 1169 initam,
761 1099 865 1174 utque.
885 1089 1100 1172 Langobardi
1131 1090 1267 1154 vinculo
1299 1091 1402 1156 ercoul

302 1187 536 1249 manicationis
560 1187 872 1270 constringerentur,
897 1209 917 1250 a
940 1187 1102 1253 Pontifice
1125 1191 1289 1274 poposcit
1311 1190 1341 1252 Is
1355 1211 1399 1273 per

301 1284 378 1348 fidis
402 1283 564 1348 Friderici
590 1283 735 1348 consiliis
760 1283 988 1348 obsecundare
1018 1288 1137 1368 renuit,
1170 1309 1244 1350 eum
1282 1288 1396 1350 hortatu

302 1390 360 1462 cst,
386 1391 422 1444 ut
438 1403 544 1467 aequa
560 1381 686 1445 ratione
703 1392 816 1464 ageret
831 1383 866 1445 in
882 1381 1132 1466 Longobardos,
1158 1386 1214 1469 qui
1240 1395 1400 1448 controrer

301 1481 367 1544 sias
384 1479 462 1544 Sedi
475 1479 686 1566 Apostolicae
704 1480 908 1544 dirimendas
925 1480 1129 1563 deferebant,
1145 1491 1177 1544 et
1188 1485 1326 1565 gravius
1340 1482 1384 1544 ide

302 1577 405 1642 tidem
418 1578 658 1663 Imperatorem
683 1580 812 1642 monuit
826 1577 867 1641 de
885 1579 997 1642 multis
1014 1581 1155 1665 injuriis,
1180 1579 1305 1664 quibus
1319 1577 1388 1642 licei

304 1677 397 1756 siam,
422 1675 648 1760 Apostolicam
673 1675 804 1756 Sedem,
835 1698 874 1740 ac
905 1651 1099 1760 religionem
1132 1677 1330 1742 catholicam
1360 1701 1375 1739 a

303 1773 422 1837 ciebat.
460 1771 616 1837 Secunda
646 1772 724 1837 belli
755 1774 888 1837 fortuna
919 1773 1023 1838 elatus
1060 1775 1256 1839 Fridericus
1288 1775 1400 1840 reddi'

303 1869 456 1934 Pontifici
487 1871 613 1935 litteras
643 1893 736 1936 acres
769 1881 801 1935 et
832 1874 993 1937 conviciis
1015 1872 1145 1958 plenas,
1180 1883 1213 1936 et
1237 1753 1402 1960 vexatiorli

304 1969 338 2030 in
362 1968 519 2033 ecclesias
542 1970 643 2032 etiam
668 1971 802 2052 auxit.¹)
1401 1969 1402 2036 l

395 2067 449 2132 24.
495 2069 690 2151 Aegerrime
724 2067 852 2132 ferebat
886 2070 1003 2133 merito
1032 2068 1213 2152 Gregorius
1238 2070 1310 2152 IX,
1345 2089 1398 2154 quo

305 2163 391 2230 bello
425 2165 546 2250 injusto
579 2175 694 2229 contra
717 2164 957 2250 Longobardos
987 2175 1024 2229 ut
1052 2167 1236 2232 haereticos
1271 2185 1393 2251 suscepi

305 2263 399 2326 irrita
438 2261 655 2326 redderentur
696 2285 770 2347 spes
811 2272 843 2326 et
882 2272 1020 2326 conatus
1059 2284 1174 2328 omues
1212 2265 1258 2328 ad
1296 2265 1391 2328 libera

305 2360 382 2423 dam
414 2369 533 2423 terram
566 2369 714 2424 sanctam
746 2383 764 2423 e
797 2361 951 2425 manibus
984 2362 1246 2444 Saracenorum,
1279 2363 1385 2450 quodq

304 2457 496 2521 Fridericus
527 2469 680 2544 nepotem
712 2457 799 2542 regis
830 2459 971 2542 Tunisii,
1004 2461 1249 2526 adolescentem
1285 2465 1341 2548 qui
1372 2463 1394 2524 u

306 2576 394 2619 mam
419 2579 453 2619 se
477 2555 668 2620 conferebat
691 2566 727 2621 ut
743 2557 945 2642 baptismum
961 2561 1152 2645 susciperet,
1177 2561 1212 2624 in
1237 2559 1353 2625 Sicilia
1375 2543 1402 2650 pi

306 2653 426 2717 milites
459 2676 535 2718 suos
571 2655 740 2719 custodiae
770 2655 976 2739 mandasset,
1013 2677 1051 2720 eo
1083 2665 1279 2742 praetextu,
1316 2653 1402 2834 prinp

304 2772 380 2835 pem
405 2773 474 2815 esse
490 2751 674 2834 seductum,
700 2764 733 2817 et
756 2755 827 2817 sine
851 2756 962 2839 patrui
983 2756 1200 2839 permissione
1215 2754 1393 2820 christiana

305 2849 405 2914 fidem
434 2853 600 2936 suscipere
631 2872 697 2915 non
729 2874 834 2937 posse.
889 2852 995 2916 Multa
1027 2853 1093 2917 alia
1123 2862 1299 2938 praeterea
1331 2875 1400 2917 eran

304 2957 439 3034 propter
468 2971 553 3036 qnae
578 2949 655 3034 jure
686 2947 866 3034 Gregorius
901 2949 1114 3015 vehementer
1143 2965 1347 3038 conquestus
1372 2957 1402 3048 es,

305 3045 478 3130 Arguebat
501 3047 748 3132 Imperatorem,
773 3047 862 3133 quod
885 3048 1092 3113 conditiones
1116 3053 1218 3134 pacis,
1244 3051 1291 3116 ad
1314 3075 1338 3116 s.
1355 3049 1402 3126 Get

305 3165 442 3207 manum
466 3165 554 3208 auno
581 3145 667 3208 1230
691 3144 873 3230 confectae,
899 3144 989 3209 haud
1014 3143 1233 3225 observasset,
1260 3151 1351 3235 quod
1373 3135 1402 3232 Rl

305 3263 421 3306 manos
446 3245 489 3324 (a.
517 3242 616 3323 1236)
648 3241 690 3306 ad
723 3242 938 3306 rebellionem
970 3252 1084 3306 contra
1117 3244 1317 3312 Pontificem
1348 3233 1402 3410 exj

304 3348 414 3423 tasum,
440 3339 528 3424 quod
545 3339 691 3423 legatum
705 3340 877 3404 Pontificis
901 3341 1071 3406 custodiae
1096 3343 1298 3426 mandasset,
1324 3345 1376 3430 plu
1401 3413 1402 3428 ,

305 3436 472 3524 praesules
497 3435 568 3500 dire
585 3449 739 3502 vexasset
762 3449 795 3502 et
818 3440 852 3501 in
870 3438 1008 3502 exilium
1024 3439 1215 3525 expulisset,
1241 3443 1333 3528 quod
1350 3445 1402 3530 prq

305 3534 438 3619 byteros
455 3535 565 3599 varios
581 3535 759 3600 crudeliter
775 3535 890 3599 ultimo
905 3537 1069 3600 affecisset
1085 3538 1259 3622 supplicio.
1300 3537 1402 3624 Praeti

305 3632 387 3698 haec
418 3633 615 3719 impedierat
647 3633 837 3698 Fridericus
873 3633 1068 3698 electionem
1101 3638 1336 3722 episcoporum
1372 3631 1402 3722 pl

305 3729 456 3816 pluribus
489 3731 624 3796 sedibus
649 3753 733 3818 quae
756 3732 934 3814 vacabant,
968 3731 1124 3798 ecclesias
1154 3733 1343 3798 christanae
1374 3739 1402 3818 pi

306 3828 427 3893 milites
451 3851 526 3892 snos
550 3830 732 3895 Saracenos
766 3829 889 3894 destrui
914 3829 1048 3912 fecerat,
1080 3830 1292 3918 insulamque
1326 3831 1402 3920 Sardi

306 3929 413 4010 niam,
446 3950 530 4014 quae
554 3927 796 4013 agnoscebatur
826 3937 862 3991 ut
885 3927 1011 3991 Romae
1041 3928 1200 3994 ecclesiae
1236 3931 1402 4016 proprietal

307 4065 518 4072 -..-.-...-a
1401 4035 1402 4070 l

369 4159 475 4293 2¹)60fr.
496 4159 622 4228 Gregorii
648 4158 774 4227 epistolas
794 4163 822 4212 et
841 4157 971 4211 Iriderici
990 4173 1118 4226 responsa
1137 4173 1179 4226 ap.
1199 4159 1369 4225 Raynaldnrn
1394 4167 1402 4212 t

306 4255 330 4295 s.
353 4241 365 4293 1
390 4241 403 4293 3
442 4253 486 4294 un.
544 4254 599 4305 sqq.
