2832 4844
282 486 335 540 452
389 509 393 522 ·
479 483 608 538 XXVIII.
629 484 669 537 Dc
688 488 764 537 statu
782 483 922 538 societatis
941 483 1032 536 christ.
1053 498 1121 537 saec.
1143 482 1220 536 XIII.

121 603 260 688 uxamam
375 627 428 693 80.
453 627 583 692 Similia
606 627 674 691 lore
699 636 878 691 occurrunt
901 627 1045 690 dicenda
1066 625 1107 690 de
1124 627 1331 712 impositione
1351 625 1394 688 de-

121 709 267 750 ¹'⁰¹¹¹¹⁶⁰⁰¹¹¹'
286 727 448 790 cimorum
473 726 657 790 aliorumve
682 723 881 788 tributorum
906 733 1056 810 exparte
1072 721 1168 788 Sedis
1185 723 1394 810 Apostolicsc.

284 824 452 888 Videlicet
471 826 593 910 passim
620 845 699 886 sane
723 821 873 887 subsidia
896 822 1059 908 quaedam
1086 844 1143 908 pro
1167 821 1255 886 Sede
1273 822 1413 912 Aposto}

284 921 349 985 lica
374 924 521 1007 expetita
546 930 578 984 et
601 920 739 985 collecta
766 921 911 1001 fuerunt,
936 941 1039 1006 quum
1056 920 1196 984 Romani
1220 917 1413 1010 Pontifices}

283 1021 465 1104 Gregorius
488 1019 538 1083 IX
564 1028 597 1082 et
619 1017 835 1082 Innocentius
859 1018 918 1099 IV,
949 1019 1079 1102 magnis
1103 1027 1331 1102 premerentur
1351 1011 1413 1079 uni

281 1109 408 1203 gustiis.
455 1117 522 1183 Sed
546 1116 806 1180 contributiones
831 1115 917 1179 clero
934 1117 1110 1202 impositae
1126 1115 1322 1202 plerumque
1336 1114 1396 1178 sub·

282 1215 404 1282 sidium
437 1225 545 1278 terrae
568 1223 702 1277 sanctae
726 1211 931 1298 spectabant,
966 1222 999 1276 et
1023 1215 1178 1298 quamvis
1211 1214 1312 1276 etiam
1346 1212 1395 1275 bas

283 1311 541 1378 contributiones
565 1312 761 1375 auctoritate
785 1309 880 1374 Sedis
905 1309 1118 1396 Apostolicae
1152 1312 1395 1396 imponerentur,

282 1413 316 1474 in
341 1409 488 1474 favorem
511 1419 623 1473 tamen
647 1410 735 1492 regis
766 1408 800 1472 id
824 1409 926 1473 fiebat
957 1411 991 1472 in
1017 1409 1154 1494 ejusque
1187 1409 1396 1474 commodum.

282 1510 379 1594 eique
403 1509 545 1593 pecunia
569 1505 706 1571 collecta
729 1505 783 1569 vel
808 1508 948 1591 integra,
982 1517 1019 1570 ut
1043 1507 1187 1588 videtur,
1212 1505 1266 1569 vel
1291 1529 1398 1591 magus

282 1617 375 1693 parte
399 1605 650 1671 concedebatur.
700 1604 865 1685 Quamvis
882 1607 984 1690 igitur
998 1605 1246 1669 admittendum
1263 1607 1317 1686 sit,
1341 1627 1396 1690 pss-

283 1708 345 1770 sim
369 1704 525 1769 ecclesias
548 1725 646 1788 aegre
670 1703 793 1787 tulisse,
819 1703 1029 1789 quadraria
1054 1703 1180 1768 tributa
1205 1704 1285 1788 ipsis
1311 1705 1397 1788 impo-

283 1813 449 1884 nerentur,
478 1813 589 1866 tamen
614 1823 690 1866 cum
715 1804 778 1865 ista
801 1823 912 1865 rerum
938 1801 1131 1866 conditione
1162 1799 1335 1865 conciliari
1357 1823 1397 1864 ne

283 1904 364 1988 quit,
389 1901 477 1988 qnod
493 1923 561 1969 ,rex
576 1900 670 1965 brevi
692 1909 871 1985 antequam
896 1899 939 1964 ad
964 1900 1146 1964 secundam
1163 1899 1397 1986 expeditionem

283 2003 464 2065 cruciatam
493 1999 755 2086 proficisceretur
780 1997 981 2062 Sanctionem
1004 1997 1095 2062 illam
1119 1998 1272 2079 ediderit,
1299 2009 1398 2062 contra

283 2100 473 2163 exactiones
487 2097 555 2162 ΗΒ.
572 2096 782 2178 Pontificum,
808 2097 866 2181 qui
890 2098 1086 2180 praesertim
1110 2095 1153 2160 ad
1175 2096 1247 2181 ejus
1271 2117 1398 2160 commo-

282 2196 364 2261 dum
389 2195 511 2281 pluries
535 2193 796 2258 contributiones
820 2195 1056 2279 imposuerant.

373 2295 425 2359 81.
471 2293 632 2356 Nituntur
655 2291 701 2355 illi
726 2293 783 2377 qui
808 2301 953 2374 consent,
987 2293 1099 2356 nimiis
1124 2291 1357 2355 exactionibus
1385 2313 1399 2352 s

284 2391 370 2457 Sede
395 2389 586 2477 Apostolica
609 2411 726 2454 revers
751 2389 908 2454 ecclesias
932 2389 1062 2454 Galliae
1094 2410 1268 2475 oppressas
1302 2389 1399 2467 fuisso,

284 2500 317 2554 et
341 2513 364 2556 s.
382 2489 593 2552 Ludovicum
619 2509 674 2551 eas
698 2487 842 2552 voluisse
866 2490 951 2551 tueri
977 2498 1093 2552 contra
1116 2487 1262 2568 easdem,
1285 2489 1399 2573 praeci-

284 2609 349 2674 puo
372 2587 541 2651 Matthaeo
566 2585 704 2663 Parisio,
742 2586 799 2670 qui
834 2606 923 2650 more
956 2606 1014 2648 suo
1050 2587 1171 2649 acriter
1205 2584 1271 2648 hac
1307 2587 1339 2649 in
1372 2605 1398 2646 re

283 2685 461 2751 Pontifices
484 2705 664 2768 eorumque
687 2682 812 2768 legatos
836 2685 951 2769 carpit.
982 2682 1034 2746 Ita
1047 2682 1176 2748 Natalis
1200 2681 1399 2747 Alexander:

285 2785 391 2873 Hujus
428 2783 510 2846 enim
548 2779 705 2844 condendi
742 2780 898 2843 decretum
935 2803 960 2844 s.
984 2781 1144 2844 Ltcdooico
1171 2803 1237 2843 non
1261 2781 1400 2866 defluas.

284 2883 373 2946 docet
391 2881 574 2944 Matthaeus
590 2879 735 2942 Parisios
757 2901 890 2942 coaevus
914 2889 1024 2941 auctor
1047 2879 1082 2942 in
1107 2879 1192 2943 Hist.
1218 2877 1343 2964 Amplic.
1367 2877 1402 2939 orl

284 3003 337 3046 an.
363 2980 459 3043 1247.
510 2977 660 3058 „Eisdem
692 2976 812 3054 dicbus,
849 2977 963 3062 inquit,
1001 2977 1158 3040 Dominus
1181 2977 1276 3062 Papa
1308 2977 1401 3062 opica

284 3097 356 3140 suos
375 3099 437 3160 per
460 3075 656 3138 authenticos
678 3075 807 3138 nundus
832 3075 1076 3138 Praedicatores
1099 3085 1129 3138 et
1152 3075 1300 3138 Minores
1329 3073 1400 3136 mia!

285 3174 329 3238 ad
344 3195 449 3237 ornnes
465 3173 621 3236 Francius
640 3172 809 3258 praelatos
821 3171 1022 3259 simpilloIIm
1048 3171 1245 3258 supplicans,
1269 3181 1306 3234 ut
1320 3190 1399 3234 anus·

285 3273 412 3357 purisque
436 3275 536 3359 jurata
564 3293 653 3334 mam
678 3270 936 3356 possibilitatem,
976 3270 1039 3334 sibi
1078 3293 1174 3333 ursam
1202 3272 1398 3355 quantitatem

279 3370 436 3455 pecuniae
461 3369 717 3434 accommodaret.
765 3369 809 3432 Ia
831 3369 900 3454 ipse
919 3368 1037 3454 procul
1060 3367 1165 3449 dubio,
1197 3391 1293 3454 quum
1315 3365 1399 3452 respi-

284 3477 383 3544 raret,
417 3467 500 3553 quod
527 3469 636 3552 cuique
664 3477 850 3552 competeret
871 3465 1017 3529 redderet
1040 3465 1270 3529 indubitanter.
1322 3461 1401 3536 Quod

285 3588 377 3650 mam
393 3565 460 3650 rapi
476 3565 670 3629 Francorum
693 3565 892 3641 innotuisset,
917 3574 1093 3650 suspectam
1116 3562 1233 3626 babens
1249 3565 1399 3628 Romanae

285 3663 393 3726 curiae
417 3664 599 3742 auaritiam,
620 3661 794 3748 prohibuit,
818 3664 944 3747 nequis
963 3661 1133 3748 praelatus
1156 3663 1248 3746 repsi
1270 3663 1330 3741 sui,
1354 3657 1400 3722 nd·

279 3783 389 3846 poena
422 3761 604 3824 amissiones
633 3759 783 3824 bonorum
815 3783 941 3824 moretm
965 3759 1074 3823 taliter
1101 3770 1218 3823 terram
1246 3781 1337 3822 suam
1358 3755 1398 3818 clr-

281 3868 488 3945 paaperaret.
536 3859 579 3922 Et
601 3847 646 3921 sic
670 3881 737 3922 cum
761 3858 853 3922 sibilo
878 3869 908 3922 et
931 3857 1089 3921 derisione
1113 3857 1250 3920 omnium
1269 3851 1399 3942 papula

286 3957 384 4043 lepati
418 3957 590 4043 sophistici,
629 3979 759 4042 quorum
789 3957 925 4020 humeris
954 3955 1010 4018 hoc
1042 3953 1178 4041 officium
1202 3951 1397 4017 irsoumbebnt.

285 4055 399 4118 inanes
422 4065 452 4120 et
474 4057 566 4119 uacui
590 4079 610 4117 a
633 4077 728 4140 repno
751 4063 945 4120 recesserunt
976 4055 1176 4116 memorato.“
1192 4051 1217 4137 ¹)
1249 4088 1293 4100 —
1324 4049 1398 4112 Satis

286 4201 499 4208 .-—.-..—-.-..-

359 4267 379 4334 ¹)
399 4269 449 4334 Ap.
470 4265 562 4320 Natal.
583 4266 659 4322 Alex.
680 4265 752 4320 Sacc.
773 4265 851 4320 XIII.
871 4281 893 4319 c.
913 4263 946 4318 X.
967 4280 990 4318 a.
1011 4265 1036 4320 3.
