2902 4848
403 463 445 518 De
464 461 583 518 Concilio
601 461 760 518 Busilsensi.
1089 463 1144 516 355

30 607 111 694 psod
137 607 207 672 licet
238 604 439 672 Basiioortses
468 629 537 670 oum
569 607 707 670 maciem
731 605 837 670 studio
860 607 1003 692 repetitis
1026 605 1147 670 meiius

28 705 288 792 snpplicaoerunt,
320 715 491 768 mannent
522 715 552 768 et
582 705 793 789 masuerum
809 725 873 789 per
896 714 1037 768 oratores
1060 726 1146 782 suos,

28 815 60 866 ut
82 803 170 866 Dom.
194 802 355 888 Eugenium
378 824 483 866 eorum
508 801 635 866 decreto
667 799 862 888 approbaret
884 811 914 865 et
936 802 1145 886 confirmaret,

26 923 180 986 nonquam
200 898 295 964 talem
313 899 577 987 approbationem
600 909 657 964 aut
679 899 946 983 confirmationem
967 898 1081 964 babere
1104 899 1146 964 ab

26 1021 58 1062 oo
96 1007 273 1084 potstenrnt.
326 997 403 1064 lam
442 998 595 1082 superius
634 995 792 1077 vidimus,
836 997 871 1060 in
902 995 1146 1062 Constitutione

27 1098 149 1183 Moyses
172 1097 334 1160 contineri
358 1095 626 1180 reprobationem
651 1093 782 1160 illorum
803 1095 1021 1176 decretorum,
1046 1103 1079 1158 et
1102 1093 1145 1158 ad

23 1194 146 1278 legatos
170 1215 247 1258 suos
262 1196 296 1258 in
314 1192 497 1258 Germania
513 1193 704 1276 Eugenium
721 1194 902 1278 scripsisse,
928 1214 962 1256 sc
977 1193 1145 1276 suscipere

23 1291 208 1357 Concilium
244 1291 434 1356 Basileense
477 1311 583 1376 usque
622 1289 665 1355 ad
702 1289 951 1356 translationem
992 1287 1034 1354 ab
1072 1291 1144 1375 ipso

22 1391 154 1469 iactam,
188 1389 303 1474 absque
334 1400 438 1454 tamen
458 1388 660 1477 praejudicio
678 1388 780 1477 juris,
809 1388 977 1474 dipnitotis
1001 1399 1031 1452 ot
1048 1409 1145 1474 proo-

20 1489 208 1552 eminentiae
231 1509 257 1552 s.
282 1485 377 1552 Sedis
392 1485 608 1572 Apostolicae.

114 1585 163 1652 16.
211 1583 264 1650 Ex
289 1607 338 1665 eo,
371 1585 410 1648 3⁰
440 1581 530 1670 quod
554 1584 752 1648 anteriorem
777 1583 1026 1650 dissolutionem
1052 1606 1143 1650 revo-

20 1687 148 1748 caverit
164 1683 335 1768 Flagenius
354 1684 547 1767 irritamque
563 1681 794 1764 declaraverit,
818 1682 932 1747 inferri
956 1662 1201 1748 ιιιιΗιιῐοιιιῑε11011

18 1789 142 1866 potest,
181 1780 356 1846 admisisse
386 1779 577 1863 Eugenium
614 1779 800 1844 doctrinam
836 1777 878 1846 de
912 1783 1145 1867 superioritate

16 1877 163 1944 Consilii
193 1901 293 1964 supra
317 1878 453 1962 Papam.
501 1877 563 1940 lost
591 1879 682 1940 enim
713 1876 777 1942 hoc
809 1877 976 1961 singulare
1008 1878 1144 1958 fectum,

14 1976 110 2062 qnod
145 1977 257 2061 posuit
291 1997 423 2061 pressus
459 1996 580 2059 magno
616 1977 734 2040 timore
766 1978 844 2040 novi
869 1976 1070 2058 schismatis,
1108 1989 1146 2040 at

17 2076 170 2138 maxima
192 2076 334 2140 evitaret
358 2073 563 2138 discrimina.
600 2073 654 2136 Ex
668 2072 726 2137 tali
743 2073 830 2138 facto
850 2085 961 2140 autem
980 2076 1146 2162 principia

14 2187 47 2236 et
78 2173 255 2236 doctrinae
286 2171 407 2237 deduci
441 2183 621 2258 nequeunt.
676 2169 851 2238 Caeterum
890 2174 1062 2239 dissolutio
1101 2174 1144 2239 ab

14 2271 187 2354 Eugenio,
222 2273 269 2334 uti
297 2271 367 2356 jam
400 2270 621 2351 advertimus,
654 2269 743 2334 facta
767 2292 832 2336 non
856 2282 955 2352 esset,
989 2273 1015 2334 si
1040 2282 1147 2338 status

13 2389 128 2432 reram
146 2369 210 2453 ipsi
224 2367 341 2432 melius
354 2370 507 2451 cognitus
519 2369 652 2446 fuisset3
677 2367 756 2434 hinc
769 2379 904 2454 propter
913 2369 1147 2456 subreptionem

11 2489 55 2530 ex
91 2465 312 2532 relationibus
341 2465 433 2532 falsis
465 2478 594 2552 poterat
623 2467 689 2530 dici
723 2469 832 2532 inanis
871 2477 904 2531 et
943 2469 1045 2550 irrita,
1078 2489 1144 2533 non

11 2587 96 2628 sero
122 2587 163 2628 ac
187 2565 214 2628 si
239 2574 434 2650 potestatem
453 2587 517 2630 non
536 2565 708 2629 habuisset
723 2563 910 2630 Concilium
929 2565 1144 2632 dissolvendi.

11 2663 204 2747 Aptissima
226 2662 268 2727 ad
293 2683 362 2726 rem
387 2662 505 2726 scribit
527 2661 717 2727 Cardiualis
740 2663 1010 2728 Turrecremata:
1039 2663 1145 2730 Caete-

10 2784 84 2824 rum
116 2782 174 2824 neo
206 2783 245 2822 ea
277 2762 371 2824 tertia
398 2759 564 2846 particula
589 2759 747 2824 bullarum
771 2765 949 2847 (quatenus
972 2763 1146 2848 Eugenius

8 2857 271 2924 dissolutionem
296 2860 422 2922 irritam
449 2869 482 2924 et
506 2859 641 2926 inanem
666 2858 862 2940 declaravit)
892 2859 1007 2925 babent
1033 2862 1144 2927 adven

6 2956 100 3018 sarii
122 2956 288 3033 intentioni,
313 2966 377 3020 tum
400 2958 477 3042 quia
499 2979 563 3020 non
586 2957 658 3020 ideo
682 2957 839 3022 Dominus
861 2959 1023 3044 Eugenius
1045 2961 1145 3026 disso-

3 3052 168 3118 lationem
191 3053 320 3139 factam
346 3052 482 3120 Caecilii
512 3056 641 3118 irritam
663 3075 728 3119 esse
752 3056 938 3136 declaravit,
969 3059 1045 3142 quia
1076 3060 1145 3146 ipse

4 3154 67 3236 qui
89 3153 247 3237 princeps
270 3162 340 3216 erat
363 3151 524 3216 Ecclesiam
553 3152 667 3237 faeere
698 3151 789 3217 illam
816 3177 880 3218 non
899 3157 1052 3240 potuerit,
1090 3158 1147 3222 sed

3 3250 90 3333 qnia
122 3251 264 3334 apponit,
299 3272 340 3312 ear
361 3272 426 3314 non
455 3251 539 3314 cesis
562 3251 677 3328 causis,
702 3249 774 3316 lieet
797 3252 880 3318 ueris
903 3255 1088 3334 aestimatis,
1112 3277 1145 3318 se

5 3345 199 3431 aliquorum
222 3346 375 3410 telamone
399 3346 490 3412 idam
506 3347 639 3432 secisse,
670 3349 754 3412 unde
778 3353 860 3434 capit
888 3373 952 3414 uon
976 3353 1145 3418 metenda

2 3465 197 3520 causarum,
222 3455 252 3508 et
273 3444 367 3528 quael,
392 3456 426 3510 ut
449 3447 484 3508 in
508 3443 598 3510 bulla
619 3447 733 3532 inquit,
757 3469 797 3512 es
815 3447 987 3533 praedicte
1010 3450 1144 3516 dissolu·

3 3542 100 3604 tione
126 3551 216 3606 ortae
240 3553 333 3606 erant
354 3565 467 3627 praees
490 3543 704 3607 dissensiones
727 3553 757 3606 et
778 3547 940 3629 muniones
971 3548 1052 3610 eniri
1068 3570 1144 3634 pos-

2 3650 98 3715 sent,
139 3661 198 3704 nec
233 3662 297 3704 non
337 3641 421 3725 qnod
453 3638 647 3726 praestabat
679 3641 934 3727 impedimentum
968 3645 1147 3708 executioni

2 3747 199 3800 sanctorum
215 3759 353 3822 operum,
377 3737 528 3823 adquam
544 3735 690 3824 Synodos
705 3738 821 3823 suerat
841 3753 1040 3828 conprepata,
1065 3743 1146 3807 data

2 3837 227 3918 promissione
252 3859 272 3898 a
288 3834 417 3922 Βῃηοιίο
440 3847 471 3900 et
493 3839 660 3900 securitate
684 3860 706 3902 u
724 3838 938 3924 principibus,
962 3841 1045 3925 quod
1060 3841 1144 3927 Apo-

2 3930 148 3996 stolieue
173 3931 267 3998 Sedis
301 3933 400 3998 bertoo·
423 3945 452 3997 et
476 3932 666 3998 Sanctitotis
688 3957 765 3998 suae
788 3933 933 4000 illibatus
956 3947 1145 4016 seruaretur,

2 4032 152 4094 mutauit
175 4032 363 4094 renuntiem
386 4041 417 4094 et
438 4031 538 4096 uoluit
568 4031 807 4097 dissolutionem
829 4033 957 4120 factam
976 4059 1040 4120 pre
1065 4033 1145 4100 bono

2 4127 108 4210 pacis
134 4126 294 4192 Ecclesiae
316 4129 437 4194 nullam
461 4130 572 4194 baberi
593 4153 649 4196 nec
671 4131 817 4197 labaim
835 4132 1027 4216 finalitatem,
1058 4156 1143 4197 reeo-

2 4244 94 4285 eans
118 4221 211 4288 illam
235 4249 272 4290 ac
287 4227 432 4294 irritans.
474 4228 645 4292 Nonenim
662 4239 707 4294 est
722 4252 845 4310 nouum,
870 4229 954 4316 quod
969 4232 1145 4296 sententiae

930 4335 986 4392 23*
