2814 4840
279 415 332 468 454
478 413 608 468 XXVIII.
628 415 667 468 De
686 419 761 468 stetu
780 415 919 468 societatis
938 415 1029 470 christ.
1049 432 1117 470 suec.
1137 417 1215 470 XIII.

280 579 367 622 anno
387 558 473 621 1262
497 556 654 669 probello
679 580 771 622 suero
797 560 950 644 imposita
975 567 1045 624 erat
1032 559 1111 623 tad
1128 562 1394 646 quinquennium

115 646 313 758 ἒζξρζᾞζὴίη
339 677 457 718 munus
482 656 585 741 ipsius
608 657 695 739 regis
720 679 790 719 esse
815 657 1016 740 devolutam,
1042 657 1214 741 collegeris
1239 683 1279 723 ex
1298 659 1401 722 uerbis

114 771 268 809 commodum
280 753 427 818 chronist
414 753 728 817 tueLemovieensis
752 754 793 817 ad
820 753 911 818 illum
936 777 1061 819 annum
1086 755 1282 820 scribentis:
1306 755 1393 835 „·Cen

281 852 391 915 issima
414 853 559 937 superius
582 853 669 915 dicta
692 875 786 938 quam
808 876 867 916 rem
889 853 1007 918 hebuit.
1013 861 1032 890 ‘¹
1039 854 1061 934 ¹)
1092 854 1174 917 Erat
1196 877 1235 918 eo
1261 865 1401 939 tempore

279 952 379 1013 etiam
404 950 558 1034 impositu
583 949 713 1013 decima
729 971 787 1034 pro
805 950 922 1014 Carolo
939 949 1176 1036 Andegavensi
1201 955 1291 1037 regis
1306 953 1393 1016 fratre

280 1049 314 1111 in
343 1069 454 1132 regem
479 1046 613 1111 Siciliae
643 1057 809 1132 prom0t03
848 1049 906 1112 sed
938 1051 963 1112 si
997 1050 1029 1113 id
1055 1053 1165 1114 rninus
1188 1061 1321 1134 gratum
1343 1051 1401 1114 inin

280 1143 498 1228 praesulibus,
531 1147 671 1231 supponi
704 1155 815 1210 tamen
845 1149 969 1232 nequit,
1003 1170 1113 1232 regem
1145 1147 1208 1212 hoe
1236 1171 1335 1232 aegre
1357 1164 1401 1236 tir-j

279 1242 365 1324 iisse,
405 1264 507 1328 quum
541 1253 695 1329 ageretur
727 1245 767 1308 de
799 1245 1035 1330 amplificanda
1066 1246 1171 1331 gloria
1203 1255 1235 1309 et
1261 1249 1401 1405 potemini

280 1341 426 1405 familiae
456 1343 577 1424 regiae
623 1342 800 1406 Praeterea
830 1365 909 1407 vero
943 1366 1030 1407 anno
1062 1344 1146 1407 1267
1180 1343 1401 1408 Clemensll'}

281 1437 448 1502 diserte'
435 1464 469 1502 sn
498 1441 690 1503 commodum
721 1439 875 1504 Ludovici
898 1443 955 1519 IX,
996 1441 1244 1526 expeditionem
1281 1463 1396 1506 sueram

281 1539 518 1622 praeparantis,
550 1538 593 1600 ed
617 1539 798 1602 triennium
824 1539 903 1601 huie
928 1539 1074 1602 decimas
1107 1539 1150 1603 ab
1175 1538 1398 1604 ecelesiasticis

281 1634 509 1719 suscipiendas
534 1637 704 1701 concessit.
751 1637 790 1699 In
816 1635 955 1721 epistola
986 1636 1027 1700 ad
1053 1635 1223 1701 Simonem
1250 1635 1401 1714 Curulium

280 1732 343 1796 lern
368 1731 523 1818 legatum,
549 1757 614 1820 qua
638 1736 797 1798 encomiis
821 1737 959 1798 summis
983 1759 1092 1850 regern
1118 1735 1232 1800 evehit
1257 1737 1300 1801 ob
1325 1759 1401 1883 reor-p

282 1840 370 1915 ptam
404 1833 523 1896 iterum
554 1855 697 1904 erucem
738 1831 946 1897 scribit:E
913 1834 1135 1918 Elquoniam
1168 1835 1206 1897 ob
1229 1829 1401 1925 hrrjnurli
1321 1861 1378 1897 mn

282 1929 479 1994 laudandum
502 1933 667 2016 negotium,
691 1930 775 2015 quod
791 1943 978 1995 memoratus
1001 1955 1059 1995 reu·
1078 1955 1141 2019 pro
1166 1934 1273 1997 diuino
1304 1879 1401 2004 timori

281 2029 417 2090 nominis
442 2039 599 2096 elamore
623 2030 759 2114 srtscepit
782 2031 1028 2114 magnanimiter
1045 2033 1307 2116 promovendum,
1332 1997 1401 2095 unu-l

276 2137 354 2212 ptus
377 2126 452 2212 fere
483 2125 727 2190 innumerabiles
757 2130 970 2212 requiruntur,
1008 2151 1076 2205 nos,
1114 2140 1262 2216 optantes
1293 2129 1345 2194 illi
1366 2117 1401 2190 ul

281 2225 335 2288 lroc
359 2235 556 2311 opportunae
579 2225 793 2288 subventionis
824 2226 981 2289 aemilium
1013 2249 1076 2290 non
1107 2227 1223 2305 deesse,
1255 2227 1398 2290 decimum

282 2324 378 2386 trium
402 2346 557 2386 evenerum
581 2324 717 2386 omnium
740 2323 921 2386 reddituum
944 2335 973 2386 et
993 2335 1202 2409 proventuum
1220 2319 1401 2390 ecclesiasti-l

281 2443 386 2483 eorum
409 2422 443 2482 in
468 2431 530 2484 toto
553 2443 648 2507 repno
673 2422 875 2498 Frunuiue„
935 2423 1002 2484 ‚in
1026 2422 1258 2486 srsbuentionem
1283 2397 1401 2508 proelii

283 2517 351 2580 sart
373 2519 501 2602 negotii,
524 2521 592 2604 repi
609 2519 765 2605 praefato
784 2543 845 2604 per
867 2530 955 2582 nostr
957 2543 994 2582 as
1017 2519 1072 2584 sub
1087 2531 1173 2584 certo
1187 2521 1304 2606 forano
1330 2509 1401 2583 [ml

282 2637 338 2678 ras
354 2617 508 2704 jussimus
533 2618 681 2680 euniberi.
730 2617 799 2680 Nee
822 2617 866 2679 uel
888 2615 1101 2681 ulciscendum
1124 2620 1314 2708 injuriosum
1340 2591 1401 2682 soll

282 2713 403 2777 vetoris
440 2712 591 2800 offensem
629 2726 658 2777 et
695 2715 894 2800 eripiendam
930 2716 969 2779 de
1006 2716 1181 2799 infidelium
1213 2717 1401 2803 perfidorum

283 2811 428 2876 manilius
451 2814 526 2876 llum
527 2813 675 2876 oduntem
691 2813 830 2890 Domini,
855 2813 1001 2877 debonis
1023 2837 1102 2898 quoe
1126 2813 1268 2878 obtinent
1291 2811 1401 2884 ossrrml

282 2919 358 2993 plue
387 2911 422 2973 in
452 2915 519 2999 ejus
550 2923 663 2975 sortem
691 2935 859 3000 ρονμοηαε
892 2916 1073 2976 necessarie
1097 2913 1241 2998 conferre
1266 2911 1401 2998 srrbsirlil

285 3005 505 3092 difficultatem
537 3009 691 3072 debent'
678 3033 829 3094 eriperem,
859 3009 910 3072 uel
939 3022 1089 3096 reputare
1112 3008 1286 3081 molesmum
1316 2999 1401 3124 pruni

285 3105 358 3167 liaeo
376 3105 457 3169 bona
472 3119 591 3172 constet
605 3110 808 3194 potissimum
832 3109 870 3171 de
886 3107 976 3171 illius
987 3110 1185 3194 patrimonio
1196 3111 1375 3194 pruteni-n.
1382 3079 1401 3190 i

376 3205 427 3268 83.
454 3206 664 3289 Significavit
689 3204 842 3270 Clemens
866 3207 915 3270 IV
939 3229 963 3270 s.
981 3207 1167 3288 Ludovieo‚
1193 3199 1401 3320 vectigalium

286 3301 582 3366 ecclesiastieorum
608 3303 755 3367 decimas
779 3304 823 3367 ad
844 3303 1074 3368 instruendum
1099 3305 1175 3369 belli
1201 3309 1352 3390 sacri-»11
1357 3328 1382 3389 p.
1377 3307 1401 3366 u*

285 3409 393 3462 ratum
418 3402 447 3464 ei
472 3423 542 3465 esse
558 3411 606 3466 att
593 3400 743 3466 tributas
781 3401 915 3485 Ingrata
931 3402 1066 3488 quidem
1090 3425 1129 3467 ea
1152 3425 1205 3468 res
1229 3395 1401 3484 admoduni

285 3497 349 3561 fuit
372 3497 546 3564 Gallicano
571 3499 667 3580 clero,
693 3522 825 3564 suorum
852 3500 1099 3564 commodorum
1129 3523 1230 3587 quam
1256 3504 1300 3564 rei
1324 3487 1401 3564 ebrii

287 3597 413 3659 stianae
438 3596 581 3661 tuendae
605 3551 781 3684 cupidiori.
829 3598 940 3683 thue
972 3599 1062 3661 oneri
1094 3599 1317 3664 subducerent
1351 3599 1401 3660 hul

286 3716 402 3776 meros,
434 3695 476 3760 ad
502 3696 620 3761 Sedem
645 3697 871 3782 Apostoiieam
902 3697 1063 3760 miserunt
1095 3707 1249 3775 oratores,
1282 3697 1334 3784 qni
1362 3697 1401 3757 inr

287 3793 374 3858 suisa
398 3796 546 3858 oratione
577 3797 611 3858 in
644 3794 848 3858 deeimarum
881 3796 1088 3858 exactionem
1121 3795 1208 3859 mala
1239 3793 1401 3860 Ecclesiae

287 3890 477 3973 retulerunt,
511 3894 576 3957 imo
602 3893 643 3956 ob
669 3892 755 3956 hano
779 3893 821 3956 ub
846 3891 1036 3956 obedientia
1061 3893 1211 3958 Romana
1235 3892 1401 3956 discisis-sl

362 4123 382 4188 ¹)
401 4122 471 4176 Bibl.
490 4123 537 4178 des
556 4123 676 4186 Chanes,
696 4124 712 4178 l.
732 4139 754 4178 e.
774 4138 798 4190 p.
821 4124 880 4176 172.
900 4128 963 4175 note
986 4125 1007 4175 l.

362 4205 381 4272 ²)
401 4205 450 4272 Ap.
472 4205 640 4270 Ruynsid.s
669 4207 745 4258 1267.
765 4219 791 4258 n.
812 4205 854 4257 53.
