2868 4844
318 435 372 491 300
600 435 728 492 XXXIV.
748 436 788 490 De
807 435 926 490 Concilio
946 435 1163 493 Constantiensi.

320 580 461 642 crimina
498 601 638 663 quorum
670 579 904 662 accusabatur,
944 578 1067 664 pluries
1099 579 1264 665 deputetis
1290 581 1329 644 ad
1354 603 1408 644 cunr

319 679 430 742 missis
454 676 550 758 dixit,
575 699 610 742 se
633 675 828 744 submittere
852 700 886 740 se
904 677 1046 742 Consilii
1072 677 1347 764 dispositionibus,
1367 701 1409 742 nec

320 775 548 840 defensionem
571 778 738 860 suscipere
762 775 864 850 velle;
891 796 1082 861 comparere
1099 787 1210 842 tamen
1235 797 1337 840 coram
1350 777 1422 840 Con-1

320 873 396 938 cilio
429 874 620 938 declinavit.
668 872 821 938 Sessioue
858 874 1037 938 undecima
1067 873 1219 940 Ioannes
1251 873 1411 958 pontificatu

192 976 204 1004 ⁹
237 967 290 1007 ⁸¹¹⁰
321 972 489 1056 depositus
518 972 591 1036 fuit.
646 971 685 1036 In
720 971 853 1036 decreto
892 971 1108 1066 depositionis
1147 973 1287 1038 dicitur:
1330 971 1411 1036 Soan-

318 1081 434 1134 saucta
456 1071 615 1156 pectoralis
630 1069 777 1156 Synodus
793 1067 1045 1136 Constantianus
1069 1073 1103 1136 in
1120 1070 1247 1156 Spiritu
1261 1069 1293 1136 S.
1309 1069 1411 1152 lepidos

321 1179 523 1252 cooprcpota,
554 1166 764 1232 universalem
793 1166 969 1232 Ecclesiam
1002 1180 1265 1254 repraesentares,
1301 1170 1412 1230 inuocat

325 1263 442 1330 Christi
464 1269 598 1349 nomiae,
629 1266 730 1330 solum
752 1267 855 1330 Deum
880 1289 964 1352 prae
987 1266 1086 1350 oculis
1109 1265 1237 1344 babeas,
1271 1268 1340 1330 aisis
1359 1267 1422 1340 orti-i

321 1363 401 1428 ciclis
424 1367 459 1427 irc
481 1366 539 1428 hoc
562 1385 661 1428 causo
684 1374 794 1428 contro
818 1363 899 1429 dom.
923 1365 1084 1428 Ioannem
1107 1364 1224 1428 XXIII
1242 1363 1380 1448 formatis
1395 1355 1422 1422 d*

322 1461 439 1526 oblatis
470 1474 500 1526 et
526 1460 768 1548 probationibus
803 1461 980 1526 eorumdem
1008 1462 1115 1548 sactis
1145 1472 1175 1526 et
1204 1461 1339 1552 ejusdem
1369 1457 1410 1522 sol

321 1561 469 1624 missione
508 1571 687 1646 spontanea
722 1583 788 1624 uua
827 1583 896 1624 omn
929 1571 993 1626 toto
1019 1583 1171 1646 processu
1200 1561 1293 1649 hujus
1321 1580 1410 1622 comos

316 1661 518 1744 pronuntiat,
543 1659 683 1722 decernit
699 1669 729 1721 ct
743 1657 888 1722 declarat
912 1707 919 1722 .
936 1707 964 1724 ..
988 1660 1094 1744 ipsum
1109 1658 1305 1744 (loannem)
1317 1665 1413 1742 proptr

318 1758 499 1842 praemissa
523 1767 553 1820 et
576 1757 646 1820 alia
669 1757 803 1822 crimino
901 1766 1052 1840 tanquam
1075 1756 1242 1843 iadipaum
1260 1766 1290 1820 et
1305 1751 1412 1818 inutile

321 1865 352 1918 et
382 1855 568 1920 damnosum
599 1879 620 1918 a
647 1865 777 1941 papatu
800 1866 829 1917 et
853 1855 938 1918 omisi
961 1857 1027 1942 ejus
1052 1855 1329 1920 administratione
1349 1851 1413 1938 spid-

323 1951 406 2016 taali
435 1963 464 2016 et
497 1950 665 2038 temporali
696 1951 911 2032 amovendum,
946 1953 1140 2036 privandum
1170 1962 1201 2015 et
1229 1949 1414 2039 mouendae

322 2050 392 2127 fore
417 2061 446 2114 et
470 2074 537 2114 cum
560 2051 615 2114 doc
639 2050 726 2114 dicta
750 2048 896 2136 Synodus
907 2050 1029 2136 privat,
1055 2061 1175 2114 amovet
1198 2061 1229 2113 et
1253 2049 1415 2136 deponit-

323 2149 596 2212 Constantienses
620 2150 655 2212 in
679 2169 738 2212 suo
762 2147 885 2231 agendi
902 2146 999 2212 modo
1017 2148 1126 2232 quoad
1144 2149 1319 2226 loannem,
1342 2163 1414 2231 quun

323 2247 395 2332 ejus
420 2246 641 2313 Obedientiae
665 2246 792 2310 addicti
818 2247 927 2331 ipsum
953 2256 989 2310 ut
1014 2267 1128 2309 verum
1154 2245 1317 2310 baberent
1337 2243 1416 2308 Ponti·

323 2347 430 2426 tioem,
456 2357 545 2410 certe
563 2347 640 2430 juro
665 2367 724 2410 sua
748 2355 978 2424 excesserunt3
1003 2367 1065 2408 nec
1087 2343 1183 2408 aliter
1206 2342 1362 2429 ejusmodi
1382 2339 1417 2402 dc-

323 2445 453 2530 positio,
486 2446 512 2508 si
538 2465 636 2508 verus
659 2443 776 2508 fuisset
798 2443 900 2528 Papa,
934 2442 1078 2507 valorem
1104 2441 1287 2521 habuisset,
1320 2441 1373 2506 nisi
1391 2457 1418 2498 cr

323 2551 506 2626 spontanea
529 2543 671 2607 loannis
703 2540 934 2606 submissione.
983 2540 1165 2604 Censemus
1193 2551 1318 2618 tamen,
1345 2537 1417 2602 losn-

324 2661 400 2703 nem
416 2639 538 2704 XXIII
562 2661 678 2725 reapse
703 2660 768 2703 non
793 2639 894 2702 fuisse
919 2659 1036 2702 verum
1054 2637 1263 2720 Pontificem,
1289 2636 1342 2702 sed
1364 2655 1418 2718 pon·

324 2736 468 2802 tificatus
492 2759 613 2802 munus
637 2748 669 2802 et
692 2738 922 2800 auctoritatem
937 2736 1039 2800 fuisse
1055 2735 1145 2821 apud
1161 2734 1355 2820 Gregorium
1364 2729 1418 2796 XII.

417 2889 466 2955 13.
508 2888 660 2955 Sessione
685 2887 815 2953 decima
839 2888 936 2950 tertia
969 2897 1083 2951 contra
1106 2887 1273 2952 Bohemos
1296 2883 1420 2950 Hussitu

324 2987 497 3051 decretum
522 2999 581 3068 est,
607 3009 733 3050 sacram
753 2987 1020 3050 communionem
1037 2985 1099 3050 sub
1115 3009 1181 3050 una
1198 2987 1308 3070 specie
1320 3005 1338 3046 s
1351 2979 1419 3044 laicis

325 3088 432 3171 iisque
458 3085 585 3170 jejunis
618 3107 689 3149 esse
734 3083 945 3163 sumendam,
990 3083 1143 3170 hancque
1174 3079 1419 3148 consuetudinum

324 3181 368 3248 ad
404 3183 551 3268 pericula
590 3193 622 3248 et
659 3182 816 3247 scandala
856 3182 994 3246 vitanda
1033 3181 1134 3246 fuisso
1172 3181 1319 3265 legitime
1348 3179 1419 3240 intr-r·

324 3281 471 3346 drictum.
502 3321 545 3329 -
578 3279 685 3346 Sessio
720 3281 850 3344 decima
874 3292 991 3367 quarta
1022 3281 1161 3345 maximi
1186 3281 1248 3343 fuit
1281 3271 1419 3342 momenti.

325 3379 365 3443 In
389 3379 505 3444 eadem
523 3379 688 3460 videlicet,
713 3381 760 3442 ait
777 3403 800 3445 s.
814 3381 1012 3459 Antoninus,
1041 3379 1222 3462 Grec-posius,
1246 3379 1297 3441 cir
1310 3385 1419 3439 sanctu.

324 3491 433 3566 utpote
464 3480 518 3565 qui
548 3477 708 3542 Ecclesiae
740 3487 769 3540 et
802 3479 946 3540 uuioreem
978 3487 1007 3540 et
1036 3473 1297 3562 reformationem
1327 3489 1420 3554 semper

325 3587 506 3664 optaverat,
542 3600 603 3662 per
640 3575 788 3641 Corolum
822 3573 1028 3639 Malatestam
1057 3584 1296 3660 procuratorem
1327 3571 1367 3634 ad
1384 3569 1420 3628 tr

325 3699 415 3739 suum
446 3677 531 3739 cocci
565 3675 639 3765 juri
668 3697 724 3738 suo
759 3673 844 3758 qrcod
876 3674 909 3736 iu
934 3681 1063 3758 papatu
1085 3672 1220 3750 baberet,
1254 3663 1420 3733 renuntiarit

322 3773 515 3851 solemniter,
540 3773 595 3836 lroc
614 3771 795 3860 petentibus
810 3771 1005 3856 conprepatis
1028 3772 1063 3834 io
1083 3765 1222 3835 Concilio
1246 3779 1277 3831 et
1300 3765 1422 3853 expedia,

325 3873 438 3936 riniani
460 3870 640 3957 faciendae
663 3867 928 3961 judicantibus¹>
975 3867 1040 3936 Sed
1071 3879 1226 3932 eventum
1252 3867 1346 3929 istum
1368 3861 1419 3945 jeu

324 3970 495 4058 aliquanto
543 3970 732 4033 accuratius
779 3989 981 4032 enarremus.
1054 3963 1203 4030 Advenit
1248 3965 1345 4048 igitur
1383 3957 1419 4018 dit

403 4233 423 4301 Ι)
443 4231 517 4284 nise.
538 4245 563 4297 p.
583 4228 635 4287 111,
657 4226 702 4280 uc.
722 4225 811 4282 xxn.
831 4241 853 4280 ο.
872 4225 898 4282 4.
918 4223 943 4293 a.
963 4223 988 4280 a.
