2852 4836
170 572 242 622 Epist.
260 573 302 612 Nn·

161 635 207 684 pol.
219 635 306 675 Ursini.

327 427 379 482 156
524 427 639 482 XXXII.
659 427 698 481 De
718 427 894 481 Pontificibus
915 427 1054 480 Avenione
1075 425 1253 482 commutis.

326 575 481 638 vastitati.
523 573 623 635 Italia
647 582 723 648 tota,
749 596 786 634 aa
810 573 838 634 si
860 594 924 634 uon
949 581 1028 634 esset
1052 571 1090 633 de
1115 591 1254 655 corpore,
1278 571 1317 631 sic
1337 563 1417 650 artosol

327 673 433 734 omnia
464 683 510 734 est
543 669 699 754 neplecta,
733 673 793 732 imo
826 669 945 732 dolosis
979 668 1179 754 anfractibus
1204 677 1233 730 et
1256 661 1417 730 cornmiaatis

326 767 533 830 seditionibus
563 768 734 854 dissipata,
766 769 850 854 qeeod
878 783 988 854 posset
1011 767 1095 850 fides
1124 764 1243 831 Cluisti
1270 767 1304 828 in
1330 760 1417 828 tinente

327 867 507 930 Hieremiae
537 891 689 931 renovare
724 867 873 930 lamenta.
927 868 1014 930 Nam
1047 868 1140 952 quasi
1177 861 1269 928 nulla
1300 858 1417 932 reiron-ii

324 963 518 1028 cathedralis
541 966 681 1042 ecclesia,
714 965 762 1029 vet
785 966 921 1055 alicujus
949 965 1106 1051 ponderis
1128 959 1344 1049 praebendula
1362 961 1417 1054 asiai

324 1083 388 1124 non
418 1063 461 1125 sit
487 1065 596 1148 potine
625 1064 805 1150 perditioni
836 1087 929 1148 quam
950 1063 1129 1150 provisioni
1160 1061 1314 1148 eecposito.
1357 1055 1417 1128 Μ

325 1183 429 1222 omncs
459 1162 551 1245 qieasi
576 1165 846 1247 peremptionem
877 1173 907 1224 et
937 1162 1147 1224 venditionem
1176 1159 1226 1222 oel
1257 1177 1370 1222 caruem
1390 1133 1417 1212 ai

325 1259 509 1343 son9uinem
535 1259 774 1344 possidentibus
805 1261 867 1323 imo
891 1258 1119 1345 usurpantibus
1143 1259 1343 1321 advenerant.
1383 1249 1417 1318 Di

323 1358 476 1420 mittimus
507 1357 590 1441 qaod
614 1357 651 1420 de
676 1357 791 1420 XXIV
814 1355 1042 1421 Cardinalibus
1073 1377 1148 1442 quos
1173 1357 1207 1418 iu
1231 1354 1413 1434 Ecclesiam

325 1457 398 1530 suit,
435 1454 543 1518 nullus
576 1457 610 1519 in
635 1455 779 1518 Ecclesia
815 1466 860 1519 est
889 1467 1042 1540 repertus,
1082 1477 1162 1538 quae
1185 1477 1254 1517 cum
1277 1445 1415 1536 aaliqaanb

324 1553 446 1617 credita
461 1553 534 1638 fuit
556 1553 718 1638 sufficiens
741 1553 852 1617 babere
872 1575 1039 1640 personas,
1065 1553 1119 1616 sed
1140 1575 1200 1637 per
1215 1573 1284 1614 eum
1299 1549 1364 1634 fait
1378 1545 1415 1604 to

328 1649 475 1724 Quinimo
498 1673 556 1714 uos
580 1650 699 1730 Italici,
733 1655 787 1736 qai
815 1653 920 1737 ipsum
951 1651 1065 1715 bonum
1088 1650 1249 1713 credentes
1278 1647 1405 1734 possint

323 1751 403 1812 sicut
427 1773 506 1812 oasa
538 1760 634 1813 testea
663 1753 772 1839 rejecti
792 1749 929 1836 fuimus.
956 1800 963 1814 .
991 1804 996 1816 .
1023 1799 1030 1813 .
1057 1747 1159 1836 Saepe
1191 1748 1288 1810 etiarn
1318 1739 1414 1807 cassati

323 1847 500 1910 concordiis
523 1847 694 1924 electionis,
727 1847 841 1932 absque
857 1849 946 1936 juris
969 1847 1091 1927 ordine,
1117 1846 1155 1909 de
1182 1843 1355 1908 valentibus
1371 1862 1405 1923 pt

323 1947 419 2021 sonis,
458 1945 585 2030 qreando
613 1945 780 2031 publicare
812 1944 946 2023 volebat,
981 1947 1015 2009 in
1045 1955 1187 2009 nostrum
1223 1937 1417 2029 erepicorstir

322 2043 522 2109 vocabamur.
568 2041 645 2106 Plus
677 2053 781 2106 tamen
811 2043 890 2122 volo,
925 2043 1008 2129 quod
1038 2045 1105 2106 siue
1135 2044 1241 2106 nostri
1271 2035 1415 2102 comanra'

322 2143 386 2204 ista
405 2151 639 2227 processerant,
672 2163 765 2226 quam
783 2142 963 2227 participes
985 2141 1149 2226 fuerimus
1170 2139 1302 2224 fructus
1333 2132 1410 2198 minti

328 2239 355 2302 O
378 2249 452 2324 quot
475 2238 600 2302 dolores
623 2241 733 2301 mortis
757 2240 965 2302 sustinuimus
988 2240 1052 2302 ista
1075 2237 1227 2314 videntes,
1262 2247 1292 2299 et
1316 2231 1396 2298 inari

323 2359 387 2420 epo,
413 2339 467 2422 qui
482 2337 653 2399 amicorum
676 2337 816 2399 vicorum
840 2347 869 2399 et
893 2335 1112 2422 defunctorum
1136 2335 1243 2398 cordis
1261 2333 1406 2420 punctim

322 2434 415 2518 quasi
430 2438 524 2522 juqes
548 2435 653 2520 recepi
676 2435 758 2520 quod
782 2435 827 2497 eis
842 2434 978 2519 fecerim
1001 2433 1089 2497 istud
1102 2433 1231 2500 malum.
1267 2433 1335 2495 Hoc
1350 2425 1411 2492 sels

322 2533 549 2597 consolationis
578 2533 674 2597 babai
703 2535 787 2598 inter
818 2535 938 2598 doloris
972 2533 1106 2610 aculeos,
1140 2534 1252 2595 mortis
1284 2529 1391 2592 meritis

322 2632 475 2716 corpor-is,
505 2631 589 2715 quod
613 2637 680 2721 ejus
704 2630 852 2696 electione
885 2633 1015 2696 nonnisi
1038 2631 1102 2696 Dei
1130 2641 1159 2694 et
1191 2631 1276 2714 repis
1299 2640 1328 2690 et
1350 2649 1409 2710 regn

322 2751 410 2812 quem
424 2751 520 2791 unum
536 2729 669 2807 credidi,
695 2729 905 2797 intendebam.
931 2729 1022 2794 Hinc
1039 2729 1109 2793 Deo
1136 2730 1315 2792 miserante
1338 2745 1412 2788 cen:

323 2825 450 2890 obitum
476 2825 656 2892 Clementis
687 2827 859 2893 occidisse.
908 2827 995 2890 Nam
1025 2851 1107 2890 nunc
1137 2825 1245 2890 solens
1276 2823 1414 2889 Ecclesia

322 2923 469 2987 reducere
494 2925 539 2988 ad
555 2924 704 3009 eupolum
725 2925 910 3002 Vaseoniae,
936 2923 1018 2988 talia
1042 2947 1122 3010 quae
1144 2925 1262 2988 scimus
1281 2947 1341 3009 pro
1366 2943 1415 2982 cer

322 3033 506 3108 conceperat
530 3038 559 3086 ct
574 3027 647 3111 jaim
670 3024 885 3101 ordinarerat,
916 3023 1000 3108 quad
1023 3046 1093 3086 aere
1117 3045 1149 3086 se
1173 3023 1289 3108 ipsum,
1321 3023 1347 3084 si
1371 3043 1405 3082 cer

316 3119 447 3206 plessei,
472 3131 502 3182 et
524 3121 699 3184 Ecclesiam
723 3121 972 3202 destruamus>
1018 3121 1112 3184 Haec
1136 3118 1321 3184 exulcerati
1344 3119 1400 3181 sni

322 3239 401 3303 prae
426 3239 459 3280 se
483 3217 595 3284 ierunt
618 3217 752 3298 indicia,
778 3221 824 3283 ita
848 3228 885 3282 ut
899 3229 1099 3303 exaggerata
1115 3219 1232 3282 merito
1243 3217 1398 3302 judicent

323 3314 419 3394 Quae
443 3315 525 3379 dicit
549 3317 658 3403 quoad
683 3319 809 3382 tristem
832 3317 948 3382 Italiae
973 3328 1105 3398 statum,
1130 3327 1219 3380 certe
1243 3316 1357 3380 saitem
1383 3335 1414 3376 n·

321 3413 439 3476 directe
464 3413 628 3479 Clementi
653 3414 683 3479 V
708 3417 865 3501 imputari
892 3425 1040 3501 possunt.
1071 3415 1142 3478 Nec
1167 3435 1349 3484 censerem.
1373 3403 1417 3494 qd

321 3509 406 3574 relns
430 3512 471 3575 de
497 3513 725 3598 episcoporum
752 3514 918 3578 creatione
948 3511 1124 3577 arbitraris
1156 3513 1295 3576 omnino
1321 3497 1417 3576 veriti

322 3609 507 3674 conformes
518 3632 605 3691 esse;
628 3610 726 3675 valdo
741 3611 844 3676 dubia
868 3612 955 3676 enim
982 3621 1031 3675 est
1053 3612 1233 3675 auctoritas
1250 3607 1417 3694 Napoieort

323 3705 512 3771 Cordinalis
538 3707 661 3774 Ursini.
693 3749 737 3757 —
768 3709 958 3775 Ostendunt
980 3718 1091 3773 temen
1122 3707 1216 3786 haec,
1253 3729 1371 3791 magna
1407 3699 1417 3772 i

322 3805 498 3868 commoda
531 3828 574 3868 ex
598 3808 857 3871 commoratione
883 3806 1063 3871 Clementis
1086 3808 1121 3870 in
1148 3803 1263 3870 Gallia
1284 3805 1356 3890 jam
1377 3801 1417 3888 pi

323 3903 464 3967 venisse.
489 3903 528 3966 Id
546 3906 669 3988 pariter
685 3907 719 3968 in
735 3904 895 3970 electione
913 3905 993 3968 novi
1007 3903 1181 3969 Pontifleis
1199 3897 1417 3968 manifestent

323 4010 380 4064 est
428 4001 556 4085 Viginti
589 4013 655 4066 tres
686 4001 842 4066 videlicet
871 4011 966 4066 erent
994 4023 1032 4066 eo
1064 4013 1213 4086 tempore
1247 3997 1417 4066 Cardinslt

398 4213 419 4282 ¹)
439 4213 519 4281 Apud
536 4213 686 4278 Belutium
705 4213 736 4268 Τ.
755 4213 792 4269 II.
812 4231 837 4283 p.
857 4215 917 4270 289.
