2814 4840
129 689 251 730 Decretum
262 690 289 730 de

130 751 195 791 elect.
204 753 287 792 Pontis.

299 437 353 492 490
496 439 627 494 XXVIII.
646 439 686 493 De
704 445 781 494 stetu
800 441 939 494 societatis
958 440 1051 494 christ.
1070 457 1138 494 saec.
1158 441 1235 495 XIII.

300 581 447 647 dissidiis
480 584 514 647 in
539 581 698 647 electione
723 584 894 648 Pontificio
918 583 1095 648 salubriter
1117 584 1249 648 fuerent
1271 583 1398 648 deterrui·

300 690 388 745 nata.
435 681 524 746 Dein
556 683 727 746 statuitur:
764 683 833 745 Hoc
858 705 948 745 sacro
972 682 1169 770 approbante
1196 679 1332 745 Concilio
1353 693 1398 742 sta·

300 779 424 858 tuimus,
463 791 499 842 ut
531 782 560 844 si
589 780 727 844 eumdem
751 781 932 864 Pontificem
964 783 998 843 in
1030 782 1172 866 civitate,
1209 783 1243 843 in
1266 803 1326 864 qua
1350 801 1398 840 arn

299 878 389 939 cuma
403 899 462 940 sua
485 876 654 954 residebat,
678 878 761 941 diem
783 877 930 942 claudere
954 879 1116 962 contineat
1139 887 1319 954 sensatum,
1344 875 1398 940 Car·

298 973 424 1038 diaales
447 976 501 1060 qui
515 977 645 1061 sinerint
665 978 700 1038 in
724 977 849 1039 ciuitate
882 977 957 1062 ipsa
977 987 1171 1062 praesentes,
1207 975 1345 1040 absentes
1364 997 1398 1036 cr

299 1083 440 1158 spectare
464 1074 567 1138 decem
591 1074 699 1137 diebus
723 1074 936 1138 tantummodo
969 1085 1143 1138 teneantur.
1195 1073 1315 1148 Quibus
1337 1071 1398 1156 slep

299 1173 353 1252 sis,
376 1173 441 1235 sine
466 1171 608 1236 absentes
631 1174 773 1236 venerint
794 1173 859 1235 sice
873 1195 947 1249 noa,
973 1194 1013 1235 ex
1029 1183 1101 1235 tunc
1116 1195 1222 1236 omnes
1238 1173 1398 1234 conveniam

298 1269 333 1332 in
351 1268 491 1354 palatio,
516 1271 550 1332 in
574 1270 740 1354 quoidam
764 1270 915 1355 Pocnfeae
938 1270 1113 1348 habitabat,
1146 1272 1287 1334 contenti
1308 1267 1398 1352 sinprl

298 1368 431 1452 sinpulis
455 1368 667 1432 tantammodo
702 1369 909 1432 servientibus
937 1367 1070 1446 clericis,
1109 1366 1158 1432 oel
1188 1367 1294 1444 laicis,
1328 1391 1398 1452 pren

299 1465 451 1528 dnaeerint
473 1464 658 1550 elipendum.
704 1465 777 1530 lllis
801 1477 904 1530 tamen
927 1467 1038 1552 quibus
1057 1477 1176 1552 pateas
1198 1468 1362 1530 necessitas
1381 1467 1398 1524 ir

299 1565 435 1647 supperit
450 1562 620 1648 indulperi,
644 1565 723 1628 duos
738 1564 850 1628 babere
861 1567 1084 1651 pemnittimus,
1109 1564 1251 1653 ejusdem
1267 1563 1398 1626 electioni

298 1663 432 1726 arbitrio
455 1673 625 1726 reservato.
672 1662 841 1726 lacedem
865 1674 968 1726 autem
991 1661 1120 1750 palatio
1145 1686 1242 1726 unum
1271 1659 1397 1726 conclea

298 1759 386 1823 uallo
419 1761 603 1824 intermedia
628 1763 755 1846 pariete
783 1783 837 1824 seu
860 1761 926 1824 alio
957 1759 1122 1838 uelamine,
1156 1782 1265 1824 amnes
1287 1759 1394 1823 babela

299 1859 332 1920 ia
355 1860 518 1922 communi.
568 1857 661 1930 Quod
699 1868 837 1943 (seruato
867 1857 965 1922 libero
1003 1859 1047 1922 ad
1085 1869 1236 1922 secretam
1274 1879 1398 1921 cameras

298 1957 406 2040 aditu)
437 1958 484 2020 ita
514 1957 684 2020 claudatur
706 1957 855 2043 undique,
885 1968 921 2020 ut
942 1956 1051 2021 nullus
1073 1955 1151 2020 illuc
1174 1957 1300 2018 intrare
1323 1951 1397 2016 vala

297 2054 346 2118 ecl
369 2057 466 2134 exire,
490 2053 574 2120 nulli
597 2055 640 2116 ad
663 2053 786 2118 eosdem
813 2053 1003 2118 Car-dinales
1028 2055 1134 2118 aditus
1155 2065 1283 2140 pateat,
1307 2052 1351 2115 rel
1364 2051 1398 2136 jo

297 2153 400 2216 cultas
423 2164 537 2216 secrete
560 2152 710 2238 loquendi
732 2175 800 2216 cum
823 2154 879 2230 eis,
903 2177 959 2216 nec
983 2154 1049 2238 ipsi
1072 2151 1197 2236 aliquos
1222 2151 1269 2214 ad
1293 2174 1322 2214 se
1345 2147 1398 2209 real

297 2261 383 2314 entes
406 2251 587 2329 admittant,
610 2252 677 2314 nisi
699 2272 760 2330 eos,
785 2253 840 2338 qui
862 2250 900 2314 de
924 2250 1084 2314 uoluntate
1108 2253 1249 2313 omnium
1273 2249 1398 2390 Cardinp

298 2347 376 2413 lium
411 2349 494 2413 inibi
523 2350 741 2435 praesentium
767 2371 830 2435 pro
862 2351 904 2412 iis
936 2359 1057 2412 tantum
1089 2370 1168 2433 quae
1197 2349 1245 2411 orl
1269 2347 1395 2411 electiom

296 2449 449 2510 instantis
472 2449 630 2529 nepotiani
647 2448 820 2532 pertinent,
845 2457 1040 2511 vocarentur.
1077 2445 1174 2510 Nulli
1188 2449 1289 2510 etiam
1303 2443 1397 2532 jesui

298 2546 379 2630 ipsis
405 2543 642 2622 Cardinalibus,
682 2545 731 2608 vel
765 2567 870 2609 eorum
909 2543 1009 2609 aliern
1041 2546 1187 2608 nuntium
1220 2546 1344 2607 mittere
1374 2551 1397 2630 'l

286 2643 500 2727 reempturam.
551 2641 613 2715 Qui
644 2665 715 2706 uero
747 2653 859 2706 contra
880 2643 1014 2730 jecerit,
1052 2645 1247 2728 scripturam
1278 2633 1397 2756 milleni

296 2737 345 2804 vel
367 2743 521 2818 nuntium,
546 2751 602 2804 aut
625 2763 692 2804 cnm
717 2741 824 2826 aliquo
847 2743 990 2827 ipsorum
1013 2751 1129 2804 secreto
1154 2739 1332 2825 tamena:
1354 2739 1396 2820 ips

288 2838 383 2923 facto
420 2839 609 2902 sententiam
645 2841 977 2902 eccommunicationis
1013 2833 1167 2902 incurrat.
1215 2839 1258 2902 In
1288 2833 1396 2902 conclu

298 2947 401 2998 tamea
426 2936 594 3021 praedicto
625 2936 736 3021 aliqua
758 2937 908 3022 fenestra
940 2947 1116 3023 competens
1144 2937 1337 3012 dimittatur,
1364 2935 1396 3018 pl

297 3057 389 3119 quam
426 3033 539 3096 iisdem
572 3031 799 3098 Cardinalibus
832 3035 876 3098 ad
907 3037 1021 3098 uictum
1049 3035 1230 3098 necessaria
1272 3017 1396 3121 conrard

296 3133 527 3214 ministrentur,
561 3132 617 3194 sed
641 3154 704 3217 per
732 3156 800 3196 eam
831 3131 914 3198 nulli
945 3134 989 3197 ad
1012 3135 1098 3220 ipsos
1118 3143 1231 3218 patere
1251 3129 1395 3218 possitis

294 3229 451 3315 pressus(
483 3231 594 3294 Verum
628 3232 666 3307 si,
699 3231 782 3316 quod
806 3230 898 3307 ebat,
938 3231 1030 3316 infra
1054 3241 1116 3302 tres
1140 3231 1218 3310 dies,
1244 3237 1395 3318 postqum

295 3339 331 3392 ut
349 3328 560 3413 praedicitur,
591 3327 736 3392 conclaue
757 3329 961 3414 praedictum
984 3329 1081 3394 iidem
1109 3325 1304 3392 Cardinales
1327 3305 1395 3392 iatri

295 3428 411 3508 veriat,
443 3448 507 3490 aon
530 3427 638 3512 sinerii
666 3428 732 3512 ipsi
754 3423 915 3490 Ecclesiae
948 3426 987 3488 de
1008 3439 1138 3512 pastore
1159 3429 1337 3511 prouisum.
1363 3397 1395 3508 pi

296 3527 434 3609 spatium
457 3526 591 3610 quiaque
623 3524 746 3588 dierum
768 3525 947 3587 immediate
978 3525 1169 3611 seqrcentinrn
1201 3523 1336 3608 sinpulis
1358 3519 1394 3586 dri

297 3621 353 3685 bas
387 3633 450 3686 tam
479 3623 515 3685 in
539 3623 683 3707 prandio
711 3645 804 3706 quam
830 3624 866 3685 in
896 3645 993 3686 coena
1023 3645 1085 3686 uno
1117 3621 1183 3685 solo
1208 3621 1337 3708 ferculo
1358 3615 1394 3684 rii

297 3722 443 3786 contenti.
494 3719 615 3793 Quibus
645 3721 828 3806 provisione
864 3743 928 3784 nori
955 3719 1054 3806 sacta
1084 3721 1240 3799 decursis,
1281 3743 1321 3782 erc
1351 3729 1362 3778 t

298 3819 511 3883 tantummodo
545 3820 659 3904 penis,
705 3818 812 3881 mnam
846 3829 876 3882 et
914 3841 999 3904 aqua
1039 3819 1260 3882 acinistrentur
1299 3815 1377 3880 eisde

297 3916 395 3978 donec
414 3915 524 3979 eadem
530 3917 674 4001 provisio
687 3914 903 4001 subsequatur.
912 3917 934 3996 ¹)
951 3953 993 3964 --
1008 3915 1115 3980 Veris
1136 3915 1214 3979 dein
1238 3915 1339 4001 adjun

297 4023 360 4087 tur,
399 4034 483 4098 quae
508 4013 659 4077 eamdem
689 4012 883 4078 electionem
917 4013 1098 4094 Pontificis,
1132 4015 1271 4100 ejusque
1301 4035 1354 4078 scr

372 4225 393 4300 ¹)
413 4223 504 4277 Lebbe
523 4225 570 4278 XI.
590 4225 651 4278 ets.
