2868 4844
345 477 385 530 lie
403 475 556 530 schismatis
575 477 749 532 incremento.
1071 477 1124 532 269

17 633 44 684 ut
68 643 119 683 sas
151 620 252 685 ferret
284 620 424 706 injurias
455 631 489 685 et
516 620 744 702 contumelias,
776 641 862 706 quae
886 619 950 684 sibi
974 621 1122 706 quotidie
1142 622 1279 725 ,ffl‘gss

15 719 47 781 ab
74 717 189 782 aulicis
222 717 459 798 inserebantur,
498 739 581 804 quas
612 720 671 782 vix
701 718 834 783 deceret
861 719 896 782 in
920 718 1119 783 vilissimum
1134 747 1216 786 insutu
1231 746 1283 788 vu.

15 817 203 900 mancipium
227 816 312 891 dici;
345 815 487 881 cedebat
510 813 565 880 ille
588 814 701 899 furori,
732 814 872 880 cedebat
895 818 1047 902 tempori,
1073 838 1121 880 ce·

14 913 98 976 debat
134 913 357 998 flagitantium
389 915 646 1000 importunitati,
682 914 843 998 fingebat,
880 914 1122 991 dissimulabat,

13 1011 132 1095 largiter
161 1011 386 1097 promittebat,
423 1011 511 1076 diem
536 1035 579 1075 ex
602 1012 656 1076 die
681 1011 836 1094 ducebat,
872 1012 924 1077 bis
959 1013 1122 1078 beneficia

14 1109 108 1190 dabat,
140 1109 207 1174 illis
230 1110 343 1175 verba.
392 1107 557 1175 Omnibus
588 1129 671 1194 quos
695 1119 753 1174 aut
778 1131 831 1174 ars
855 1113 1036 1176 assentoria
1066 1121 1124 1176 aut

12 1205 125 1272 ludicra
148 1209 185 1272 in
210 1210 311 1272 curiis
334 1219 488 1293 acceptos
512 1207 645 1288 fecerat,
670 1227 878 1293 summopere
902 1206 1034 1293 placere
1058 1219 1122 1272 stu·

12 1305 106 1384 debat,
139 1327 265 1391 eosque
289 1305 462 1370 beneficiis
484 1306 677 1390 promereri,
708 1328 773 1392 quo
797 1306 913 1370 talium
937 1307 1122 1391 patrocinio

12 1403 208 1468 dominorum
254 1405 397 1489 gratiam
448 1413 482 1468 et
531 1403 681 1467 favorem
728 1413 968 1490 assequeretur.
1018 1453 1024 1469 .
1066 1453 1074 1469 .
1114 1456 1121 1469 .

11 1501 62 1563 His
93 1503 207 1587 itaque
246 1511 279 1566 et
312 1501 496 1586 juvenibus
528 1501 643 1566 nitidis
667 1511 699 1565 et
723 1499 941 1586 elegantibus,
981 1522 1122 1587 quorum

11 1601 143 1663 maxime
169 1601 333 1664 consortio
357 1598 535 1683 gaudebat,
560 1598 708 1683 singulos
729 1599 799 1662 fere
816 1609 975 1664 vacantes
1000 1601 1123 1684 episco-

10 1708 92 1780 patus
115 1708 333 1784 caeterasque
348 1698 545 1782 praecipuas
569 1695 747 1780 dignitates
764 1696 989 1783 impendebat.
1022 1697 1124 1762 Deni-

11 1817 62 1880 que
104 1805 142 1859 ut
186 1797 378 1881 principum
417 1793 685 1858 benevolentiam
726 1794 857 1859 facilius
883 1807 1122 1881 assequeretur,

10 1903 184 1956 succutam
225 1892 366 1972 foveret,
410 1891 581 1976 lotamque
625 1902 849 1974 conservaret,
892 1901 1122 1956 conservatam

9 1988 227 2074 amplificaret,
254 1989 397 2075 plurima
419 1988 504 2054 ultro
529 1989 669 2054 donaria
692 1999 792 2075 atque
808 1991 909 2054 xenia
925 1990 990 2054 illis
1009 1989 1122 2071 dabat,

9 2107 226 2172 quascumque
264 2108 364 2172 super
402 2085 526 2150 clerum
567 2089 757 2152 exactiones
798 2097 909 2172 petere
941 2087 1124 2152 voluissent

9 2185 169 2249 annuebat
200 2185 300 2266 ultro,
331 2186 463 2270 saepius
487 2187 587 2248 etiam
613 2186 794 2270 ingerebat.
841 2185 962 2272 Sicque
990 2207 1122 2252 omnem

10 2282 119 2346 clerum
132 2283 356 2348 saecularium
368 2285 620 2368 magistratuum
633 2283 841 2368 dispositioni
854 2287 901 2349 ita
913 2285 1121 2370 subjiciebat,

10 2393 39 2441 ut
50 2380 138 2466 Papa
164 2383 273 2466 magis
296 2379 434 2466 quilibet
457 2401 582 2465 eorum,
606 2382 699 2467 Papa
723 2403 823 2468 quam
847 2383 918 2468 ipse
940 2391 1121 2468 putaretur.

10 2477 40 2539 ln
69 2477 131 2542 bac
163 2480 355 2544 tristissima
385 2481 545 2542 servitute
575 2501 642 2544 non
675 2479 750 2544 dieo
782 2481 1021 2565 praesidentia,
1057 2481 1123 2544 tria

10 2575 65 2638 trel
93 2579 211 2662 supra)
251 2587 436 2662 temporum
473 2575 577 2640 lustra
614 2597 691 2642 cum
730 2579 919 2643 incredibili
954 2578 1122 2644 Ecclesiae

9 2675 164 2738 attmtione
189 2678 497 2760 consumpserunt.“
514 2677 535 2754 ¹)

83 2809 136 2873 31.
173 2807 351 2872 Chronista
375 2829 454 2870 vero
479 2831 503 2872 s.
529 2809 685 2894 Dionysii
710 2811 756 2874 ita
780 2809 910 2874 scribit:
938 2809 1123 2891 ,Quamvis

9 2901 156 2985 Ecclesia,
182 2903 288 2968 libera
313 2925 433 2989 sponsa
450 2904 584 2986 Christi,
608 2907 655 2970 sic
680 2919 852 2992 cogeretur
874 2907 935 2972 sub
960 2907 1122 2973 ambobus

10 3003 234 3067 miserabiliter
263 3001 423 3084 ancillari,
457 3004 597 3090 quisque
621 3015 732 3070 tamen
757 3016 884 3091 partem
912 3005 1122 3071 obedientiae

8 3119 72 3162 suae
95 3121 165 3164 non
191 3101 403 3165 uniformiter
426 3101 570 3184 regebat.
603 3101 689 3166 Nam
714 3105 872 3169 immunis
895 3104 956 3169 sub
983 3104 1121 3169 Urbano

8 3196 180 3263 aderimis
206 3221 352 3280 manens,
387 3201 421 3263 in
445 3200 709 3286 promotionibus
734 3203 895 3288 majorum
921 3199 1122 3285 dignitatum

8 3295 88 3358 titulo
120 3295 163 3360 de
197 3293 358 3360 electione
382 3295 485 3362 libere
509 3299 677 3382 utebatur,
711 3310 744 3363 et
774 3301 816 3365 ad
850 3300 1062 3365 dioecesanos
1090 3312 1123 3364 et

8 3392 213 3458 ecclesiarum
231 3403 387 3479 patronos
404 3395 645 3462 devolvebatur
661 3397 801 3478 collatio,
816 3399 944 3486 quoties
959 3397 1122 3463 beneficia

9 3501 33 3550 et
53 3489 235 3576 dignitates
258 3511 379 3556 vacare
404 3495 635 3578 contingebat,
675 3495 770 3581 cujus
793 3499 840 3560 rei
865 3494 926 3561 sub
952 3493 1122 3560 Clemente

9 3585 96 3653 fiebat
127 3591 349 3672 eontrarium,
381 3601 413 3654 et
443 3613 560 3657 revera
584 3595 617 3656 in
642 3595 846 3657 infinitorum
877 3593 1121 3680 praejudicium

8 3693 34 3746 et
57 3707 254 3768 gravamen.
300 3687 468 3774 Equidem
499 3692 661 3776 permissu
692 3692 855 3756 Frarrciae
886 3695 972 3776 regis
996 3703 1027 3755 et
1051 3713 1122 3778 pro·

9 3803 116 3866 cerum,
142 3781 240 3848 velut
263 3784 425 3850 libertatis
449 3797 482 3851 et
504 3789 717 3853 ecclesiarum
741 3791 835 3874 regni
860 3789 1040 3856 vehemens
1064 3791 1121 3855 im·

10 3893 161 3964 pugnator
195 3903 309 3946 earum
341 3887 541 3969 patrimonia
573 3884 697 3952 crebris
729 3887 867 3952 decimis
891 3897 923 3951 et
947 3910 1050 3973 usque
1078 3887 1121 3954 ad

9 3999 186 4062 supremam
214 3982 473 4046 exinanitionem
499 3986 614 4049 statuit
637 3995 785 4067 atterere,
810 3997 847 4050 ut
863 3987 910 4050 sic
925 4007 1000 4050 aere
1013 3985 1121 4050 alieno

71 4247 92 4315 ¹)
111 4247 154 4301 Im
175 4253 303 4313 corrupto
322 4247 601 4314 declamaremus.
621 4251 663 4302 27.
