2822 4838
306 448 360 504 244
573 443 674 498 XXVI.
694 443 734 498 De
753 441 919 498 Pontificatu
937 444 1090 498 innocentii
1108 445 1159 499 111.

132 592 188 632 ⁰¹²⁰
202 591 295 692 ¹21³·
305 590 442 674 Imperii
475 588 619 671 insignia
651 588 842 672 susciperet.
888 587 1069 652 Mediolani
1100 589 1142 652 ab
1168 585 1305 667 Uberto,
1341 582 1402 652 u'rb

169 663 224 704 pm
249 665 267 692 τ’
305 688 406 773 hujus
429 685 690 770 archiepiscopo,
722 694 898 752 coronatus
920 707 980 748 rex
1004 684 1130 766 ltaliae,
1163 684 1303 749 Romam
1329 695 1405 749 teter

305 785 369 869 dit,
407 783 465 848 ubi
497 783 551 846 die
584 782 622 844 4⁰
651 780 806 848 Octobris
840 784 921 846 anni
955 784 1039 848 1209
1077 783 1120 848 ab
1151 783 1351 847 Innocentio
1383 783 1405 847 ll

305 882 495 948 solemniter
534 881 568 943 in
599 881 836 964 Imperatorem
878 893 1052 945 coronatus
1083 891 1140 946 est.
1194 881 1405 946 Juramentm

305 981 468 1066 praestitit
497 988 573 1042 ante
611 979 857 1042 coronationem
888 978 929 1042 de
957 978 1148 1043 obedientia
1180 989 1213 1044 et
1242 981 1405 1042 revereat

304 1078 473 1142 Romanae
498 1075 656 1140 ecclesiae
680 1085 713 1139 et
735 1097 864 1140 summo
888 1075 1044 1141 Pontifici
1075 1076 1212 1163 ejusque
1235 1098 1405 1140 successor

305 1176 368 1240 bus
406 1173 622 1252 exhibendis,
670 1174 711 1238 de
749 1174 914 1240 servanda
954 1177 1190 1239 canonicarum
1228 1173 1405 1238 electionnr

305 1274 467 1354 libertate,
502 1271 542 1335 de
567 1271 776 1336 conterendis
799 1271 985 1355 haereticis,
1015 1273 1056 1337 de
1079 1271 1294 1336 restituendis
1318 1273 1401 1336 Eccl

306 1373 375 1434 siae
398 1366 672 1455 possessionibus,
706 1369 801 1434 etde
826 1370 1054 1434 conservando
1079 1369 1196 1434 infide
1220 1369 1351 1434 feudali
1377 1371 1405 1434 11

307 1489 426 1531 manae
450 1465 608 1530 ecclesiae
632 1487 732 1548 regno
757 1465 900 1533 Siciliae.

396 1565 450 1628 22.
498 1563 564 1628 Sed
588 1563 788 1650 simulatque
813 1563 890 1631 Otto
914 1565 963 1630 IV
994 1565 1159 1650 imperiali
1191 1565 1357 1652 dignitate
1382 1591 1405 1652 p

311 1664 400 1742 titus,
426 1685 460 1726 se
474 1671 581 1726 tutum
599 1663 632 1725 in
650 1663 786 1747 Imperii
809 1665 1016 1747 possessione
1040 1666 1255 1748 existimavit,
1280 1669 1405 1729 enimn:

308 1761 453 1825 ostendit
476 1761 511 1823 in
526 1759 723 1824 Pontificem
750 1759 846 1826 valde
871 1763 1049 1846 ingratum,
1073 1785 1113 1827 ac
1128 1773 1243 1827 contra
1260 1763 1405 1848 juramer

307 1869 379 1922 tum
414 1859 608 1942 praestitum
648 1858 727 1942 jura
757 1857 969 1943 Apostolicae
1001 1860 1097 1924 Sedis
1131 1869 1230 1945 atque
1261 1859 1405 1924 Ecclesia

307 1955 497 2022 foedissime
525 1953 674 2022 violavit.
728 1955 852 2020 Adhuc
884 1959 918 2022 in
950 1955 1047 2022 Italia
1079 1979 1305 2040 commorans,
1348 1959 1405 2022 bor

307 2052 466 2118 ecclesiae
497 2053 666 2118 Romanae
694 2054 828 2136 invasit,
863 2056 1100 2139 patrimonium
1131 2055 1302 2120 Mathildis
1337 2079 1405 2120 com

308 2155 407 2216 tissae
430 2173 542 2215 sacrae
557 2149 636 2216 Sodi
653 2154 824 2217 restituere
838 2155 1015 2234 recusavit,
1040 2156 1231 2238 provincias
1253 2157 1405 2219 renitent

307 2252 409 2313 armis
441 2249 484 2312 ad
509 2247 711 2313 deditionem
743 2271 859 2333 cogere
891 2251 983 2314 nisus
1014 2260 1071 2328 est,
1111 2251 1245 2336 suisque
1270 2251 1405 2338 militibr

309 2349 420 2412 varias
443 2355 552 2431 partes
576 2345 712 2411 ditionis
734 2347 925 2432 pontificiae
962 2346 1132 2412 distribuit
1154 2347 1376 2434 possidendas
1399 2343 1405 2410 l

306 2445 417 2509 feuda.
463 2445 534 2508 Imo
559 2454 592 2506 ct
614 2465 753 2528 regnum
770 2444 914 2524 Siciliae,
939 2445 1028 2532 quod
1052 2457 1122 2509 erat
1138 2445 1309 2510 Romanae
1334 2445 1403 2510 eccl

307 2545 375 2606 siae
398 2542 546 2622 feudum,
571 2542 731 2628 cujusque
756 2544 987 2608 investituram
1011 2545 1226 2608 Innocentius
1251 2565 1340 2629 papa
1366 2545 1404 2608 Fr

306 2641 418 2704 dorico
437 2641 574 2725 juniori,
599 2639 738 2706 Henrici
762 2639 840 2723 filio,
865 2650 1080 2723 concesserat,
1105 2651 1233 2705 armata
1257 2663 1360 2705 manu
1386 2655 1404 2704 o

305 2759 429 2823 cupere
453 2747 590 2801 conatus
613 2747 672 2802 est.
947 2779 961 2812 .

396 2835 449 2900 23.
478 2835 693 2898 Innocentius
708 2836 759 2899 III
784 2834 941 2900 Ottonem
965 2834 1066 2900 semel
1091 2837 1268 2900 etiterum
1293 2837 1403 2900 monui

306 2942 345 2998 ut
355 2933 503 3019 juratam
518 2931 708 2996 solemniter
724 2933 825 2998 fidem
843 2942 1001 3016 servaret,
1025 2932 1196 2998 Ecclesiae
1211 2937 1403 3021 possessioni

307 3032 503 3115 restitueret,
535 3039 569 3093 et
598 3029 641 3094 ab
674 3031 847 3097 inferendo
877 3029 998 3096 Siculis
1029 3030 1116 3096 bello
1149 3031 1339 3096 abstineret.
1389 3043 1402 3094 l

306 3119 422 3194 omnes
446 3128 517 3213 ejus
541 3127 784 3194 admonitiones
809 3131 936 3214 sprevit
959 3128 1037 3194 Otto
1057 3129 1116 3210 IV,
1142 3131 1198 3215 qui
1222 3130 1257 3193 in
1280 3129 1402 3194 facino!

308 3227 371 3291 bus
395 3227 464 3290 suis
486 3226 731 3311 perseverabat,
757 3238 790 3291 et
812 3227 992 3292 insolenter
1014 3227 1168 3292 Pontilici
1199 3223 1402 3312 respondeba

306 3324 495 3410 spiritualia
525 3324 697 3389 Pontificis
729 3326 864 3411 quidem
895 3349 981 3409 esse,
1020 3325 1078 3390 aed
1107 3347 1142 3389 se
1174 3324 1368 3410 temporalis
1398 3315 1402 3388 i

306 3425 464 3487 universo
488 3423 633 3508 Imperio
658 3423 721 3488 sibi
747 3424 927 3512 vindicare.
976 3425 1063 3488 Num
1087 3423 1284 3510 spiritualia,
1319 3421 1401 3486 scrib

306 3543 339 3585 a.
366 3521 461 3602 1210,
495 3543 574 3606 quae
599 3521 642 3583 ad
673 3531 809 3585 oestrum
835 3523 996 3608 pertinere
1028 3521 1166 3606 officium
1196 3521 1401 3606 dipnoacualtt'

307 3617 396 3682 uobis
418 3641 483 3682 noa
506 3617 692 3702 auferimus,
716 3643 772 3682 aec
795 3619 941 3684 habemus
953 3621 1153 3707 propositum
1167 3618 1347 3704 auferendi,
1370 3595 1401 3682 iri

308 3713 463 3796 colurum,
494 3716 578 3801 quod
600 3715 781 3802 ubicumque
804 3729 953 3782 moueant
974 3715 1117 3796 illibata,
1146 3728 1176 3780 ct
1196 3739 1318 3804 semper
1340 3719 1371 3779 ia

306 3813 389 3877 ciali
420 3815 608 3878 auctoritate
640 3814 817 3900 suscipiant
858 3817 1089 3880 incrementum.
1137 3815 1176 3879 In
1208 3721 1400 3978 temporali

308 3935 380 3976 cero
398 3913 542 3998 planam,
575 3922 609 3974 ut
634 3912 731 3990 scitis,
755 3911 900 3976 habemus
917 3923 1118 3999 potestatem,
1150 3911 1189 3975 de
1213 3911 1364 3997 quibust·

308 4012 538 4074 conconvenit
554 4007 717 4098 judicare,
741 4013 890 4093 quoniam
911 4011 960 4075 liis
983 4035 1004 4074 a
1018 4007 1305 4096 quibuaEcclesicc
1328 4031 1399 4090 aaut

309 4095 414 4171 umato
439 4117 628 4189 tractantur,
645 4107 806 4196 judicium
829 4109 992 4194 aanpuiuis
1017 4109 1139 4192 upitore
1162 4129 1227 4170 aaa
1251 4105 1331 4170 licet.
1366 4091 1399 4295 ᾖ

310 4205 412 4269 deame
434 4205 533 4290 ipitur
561 4206 597 4267 iu
619 4204 843 4290 spiritualibus
875 4204 971 4270 libere
994 4203 1229 4292 plectitudiacm
1249 4214 1374 4290 potesta
