2850 4834
165 1126 297 1166 Ludovtons

321 501 374 555 196
518 501 634 556 ΧΧΧΗ.
654 503 694 558 De
712 502 889 558 Pontificibus
908 503 1048 559 Avenione
1066 505 1247 563 commoratio.

321 645 462 709 Romani
478 645 520 710 ad
538 645 734 730 dignitatem
751 647 957 732 imperialem
974 649 1005 711 ei
1022 648 1269 714 conferendam.
1291 649 1420 732 Regnum

321 753 353 806 et
377 743 557 828 Imperium
583 743 645 808 sibi
672 747 850 809 convenire
875 747 1040 811 immerito
1065 746 1238 810 contendit
1268 767 1318 826 eo,
1349 745 1420 831 quod

320 864 340 904 a
364 842 481 926 majori
505 849 598 926 perte
622 839 801 906 electorum
831 853 961 907 creatus
985 852 1017 906 et
1040 843 1246 930 Aquisgrani
1270 861 1420 908 coronatus

320 941 371 1005 sit.
419 940 491 1004 Imo
515 939 629 1005 foedas
662 942 767 1004 movit
796 940 1052 1016 iuPontificem
1082 943 1318 1020 accusationes,
1349 941 1420 1026 quod

319 1036 476 1102 abusus
468 1061 502 1101 ιιι
518 1037 671 1102 Ecclesia
694 1038 815 1118 foveat,
839 1049 872 1102 et
895 1041 1169 1103 convocationem
1194 1038 1334 1123 postulat
1357 1037 1418 1102 Con

156 1199 276 1231 emmau
277 1134 390 1231 n'hcilii
414 1135 650 1219 generaliu-
678 1136 827 1200 Joannes
844 1135 947 1200 XXII
971 1158 1074 1222 quum
1098 1136 1220 1200 fntstra
1244 1136 1420 1202 conciliatio

193 1201 292 1295 asaf
320 1237 372 1297 nis
388 1236 572 1298 tentamina
586 1256 606 1297 e
622 1233 796 1298 Ludovico
812 1244 1046 1319 exspectasset,
1063 1234 1198 1299 demum
1215 1235 1270 1298 die
1285 1236 1342 1300 23⁰
1356 1235 1419 1298 blar

318 1334 357 1397 tii
372 1355 401 1398 a.
422 1334 508 1397 1324
522 1333 878 1410 excommunicationis
895 1333 1058 1396 sententia
1073 1354 1150 1397 eum
1166 1333 1313 1397 confixit.
1335 1331 1420 1396 Ludo

317 1431 412 1495 vicus
424 1453 514 1513 vero,
525 1431 595 1515 jam
610 1432 887 1494 circumventosa
898 1429 1419 1516 Pseudominoritiespiritualibus

316 1528 407 1613 apud
421 1528 677 1594 Francofurtum
693 1527 841 1592 libellum
861 1527 1189 1593 vehementissimum
1207 1529 1314 1593 edidit
1328 1547 1420 1592 contu

315 1627 523 1708 Pontificem,
548 1647 613 1712 quo
638 1628 746 1712 ipsum
771 1625 920 1691 refellere
936 1625 1047 1690 studet
1062 1640 1162 1712 atque
1178 1628 1281 1692 etiam
1298 1626 1420 1690 haeresis

315 1735 459 1807 accusat,
485 1725 664 1810 praecipue
689 1735 821 1809 propter
845 1736 998 1808 negatam
1016 1721 1139 1788 Christi
1156 1735 1189 1788 et
1206 1725 1420 1810 Apostolorum

315 1833 554 1908 paupertatem.
586 1822 640 1886 Ex
656 1824 729 1907 ipsa
752 1821 851 1908 hujus
875 1824 1098 1886 accusationis
1114 1833 1147 1886 et
1162 1822 1318 1908 querelae
1332 1821 1420 1906 ampla

315 1922 523 2006 expositione
562 1920 774 1984 manifestum
814 1929 873 2000 est,
912 1919 1210 1986 Pseudominoritie
1248 1921 1420 1984 auctoribus

315 2021 415 2084 istum
439 2017 588 2082 libellum
615 2019 803 2082 confectum
838 2016 950 2083 fuisse.
996 2017 1051 2083 Ad
1084 2017 1274 2083 Concilium
1312 2039 1420 2106 quoque

314 2115 469 2200 generale
482 2116 607 2180 ibidem
619 2115 814 2180 Ludovicue
829 2115 973 2181 contrad
977 2138 1119 2181 oannem
1132 2115 1291 2202 appellat,
1318 2129 1350 2180 et
1363 2119 1420 2202 jura

313 2215 449 2301 Imperii
467 2215 601 2279 omnino
618 2213 810 2277 aPontifice
821 2212 950 2295 violari,
967 2213 1087 2278 acerbe
1104 2215 1362 2300 conquerimus)
1384 2213 1420 2278 ,td

313 2313 482 2398 principes
494 2335 528 2376 ιιι
537 2311 558 2377 J
561 2333 703 2376 oannem
719 2311 934 2376 concitandos
946 2313 1066 2396 sparsit
1082 2313 1181 2376 etiam
1197 2335 1377 2382 rumorem
1370 2311 1420 2413 ”l

313 2409 406 2474 aliud
413 2410 610 2475 Pontificem
619 2407 752 2474 Gallum
767 2408 885 2490 moliri,
899 2432 999 2495 quam
1013 2408 1235 2476 utGermanis
1248 2411 1419 2530 augustale

313 2510 455 2594 eriperet
485 2509 607 2594 apices,
640 2518 673 2571 et
695 2507 908 2593 Imperatoris
939 2507 1075 2572 creandi
1105 2510 1307 2574 auctoritate
1335 2485 1419 2574 adal

312 2615 478 2687 revocata,
509 2606 666 2670 electores
696 2607 864 2692 principes
893 2604 1022 2669 ferendi
1051 2605 1243 2690 suffragii·
1229 2628 1311 2691 Jure
1336 2597 1418 2671 derel

311 2703 414 2771 baret.
462 2705 526 2769 His
556 2703 745 2768 rumoribus
776 2725 819 2768 ne
841 2704 1010 2789 principes
1034 2713 1258 2783 moverentur,
1294 2707 1417 2772 ιΙοιιιιιιει

310 2801 429 2866 litteris
452 2803 495 2868 ad
519 2801 677 2866 electores
701 2802 787 2866 datis
810 2801 994 2865 calumnias
1017 2801 1098 2864 istas
1113 2801 1238 2887 rejecit,
1266 2826 1310 2868 ac
1328 2805 1416 2879 solem

311 2902 397 2964 niter
419 2909 561 2964 testatus
581 2909 639 2980 est,
670 2921 705 2963 se
728 2921 788 2984 per
810 2920 983 2984 processus
1007 2907 1122 2962 contra
1146 2897 1395 2966 Ludovicum
1390 2925 1415 2995 m,

310 3001 441 3062 stitutus
472 2998 661 3064 nullatenus
691 2996 869 3061 electorum
895 2995 1030 3081 juribus
1058 2994 1144 3059 velle
1174 2996 1351 3084 derogare.
1393 2999 1414 3063 E

310 3119 345 3160 re
377 3097 511 3182 quidem
544 3119 623 3161 vera
654 3094 689 3158 id
720 3095 933 3159 manifestum
966 3107 1028 3175 est,
1066 3094 1232 3159 loannem
1271 3098 1413 3162 dums'i
1374 3081 1414 3160 sill

310 3216 452 3258 examen
476 3194 598 3259 dubiae
615 3193 786 3258 electionis
801 3204 834 3257 et
849 3193 945 3257 electi
963 3192 1204 3271 vindicaverat,
1230 3205 1268 3258 et
1286 3197 1413 3280 indiguo

310 3315 344 3357 se
374 3315 394 3357 a
424 3292 586 3376 dignitate
618 3291 782 3377 imperiali
806 3312 977 3355 removere
1009 3311 1104 3374 posse
1127 3285 1321 3373 asserebat,
1353 3297 1412 3380 prin

309 3392 406 3475 cipiis
429 3390 559 3454 traditis
583 3413 622 3454 ac
640 3391 718 3476 jure
748 3391 890 3476 receptis
914 3389 1080 3452 institisse.
1128 3387 1288 3456 Examen
1314 3393 1379 3457 aP

308 3489 398 3553 tifice
421 3489 663 3553 instituendum
692 3509 729 3553 eo
754 3490 860 3572 magis
890 3487 1113 3551 neceesarium
1138 3497 1218 3566 erat,
1256 3490 1347 3574 quod

308 3609 382 3650 raro
406 3587 574 3672 principes
606 3586 764 3650 electores
796 3588 906 3650 minus
929 3585 1113 3649 secundum
1138 3584 1343 3673 dignitatem

308 3706 418 3764 sonae,
444 3707 543 3770 quam
560 3684 744 3749 secundum
769 3706 943 3749 munerum
967 3706 1007 3747 ac
1031 3703 1245 3747 nummorum
1275 3687 1374 3770 elargi

307 3805 384 3846 nem
410 3783 467 3847 uni
491 3803 570 3868 prae
594 3782 696 3847 altero
720 3783 879 3865 suffragia
902 3803 962 3846 sua
986 3779 1122 3844 dabant.
1158 3779 1286 3846 Rerum
1314 3800 1380 3870 pert

307 3879 397 3944 batio
426 3879 504 3944 iude
537 3882 697 3965 originem
729 3879 884 3959 habebat,
919 3878 1007 3965 quod
1041 3877 1198 3942 electores
1231 3881 1344 3946 officio

307 3977 506 4062 procurandi
541 3979 794 4042 unanimitatem
825 3977 1009 4058 defuerant,
1048 3975 1205 4062 quodque
1237 3977 1370 4045 Ludori

300 4075 379 4159 jura
403 4075 574 4140 Ecclesiae
597 4085 710 4162 aperte
734 4073 913 4156 violarat.²)

379 4217 397 4282 ¹)
416 4217 449 4273 V.
469 4218 561 4272 leut.
584 4217 668 4272 Vitas
686 4217 766 4272 Pont.
785 4217 816 4274 Τ.
837 4217 873 4271 11.
892 4232 919 4284 p.
938 4215 999 4272 tte.

378 4296 402 4368 ²)
421 4297 454 4352 V.
474 4299 609 4366 Reynald.
628 4315 652 4353 a.
674 4299 752 4354 tert.
771 4315 798 4353 n.
819 4300 861 4352 17.
