3000 4838
285 470 321 521 40
482 467 586 522 XXIII.
606 469 646 523 De
664 473 741 535 statu
759 467 859 522 Euclea.
878 465 963 536 priori
980 465 1068 521 medio
1086 482 1155 522 saec.
1174 465 1237 520 XII.

286 632 321 675 se
350 611 531 677 admodum
564 611 736 697 probabile
760 620 819 690 est,
853 610 1002 675 codicem
1026 612 1061 674 in
1085 630 1150 695 qno
1174 617 1302 674 tanturn
1327 610 1413 672 istae

286 709 466 775 decretales
489 708 710 788 habebantur,
734 709 874 773 Romam
898 711 1005 794 primo
1029 707 1176 772 delatum
1192 719 1280 772 esse
1298 705 1413 769 Etiam

285 806 468 872 Hinschius
496 809 663 888 convenit,
700 807 837 872 Nicolao
881 808 1014 871 nonnisi
1054 804 1215 892 ejusmodi
1260 802 1414 868 codicem

285 915 414 991 praesto
452 905 596 986 fuisse.¹)
642 907 759 992 Itaque
794 927 897 992 quum
937 927 976 969 ea
1008 903 1129 990 quibus
1153 905 1186 966 in
1211 923 1271 966 sua
1295 908 1415 965 contra

285 1002 442 1068 Pbotium
457 1002 548 1070 lucta
563 1003 721 1069 Nicolans
737 1003 754 1067 Ι
777 1004 825 1067 uti
850 1004 1020 1088 potuisset,
1045 1003 1278 1066 contineantur
1302 1000 1336 1062 in
1353 997 1415 1062 illa

287 1099 477 1187 diplomatis
499 1113 593 1188 porte
617 1123 702 1188 quae
726 1103 859 1166 donatio
884 1100 1016 1182 dicitur,
1048 1097 1197 1164 subsistit
1227 1097 1325 1183 plane
1359 1099 1415 1160 vie

286 1210 557 1284 argumentorum
581 1198 702 1286 quibus
726 1198 951 1286 probavimus,
983 1197 1070 1262 hanc
1102 1198 1306 1261 donationem
1328 1205 1414 1260 tem-

288 1317 366 1382 pore
389 1296 520 1360 Nicolai
542 1297 668 1362 Romae
691 1297 840 1362 nondum
864 1305 977 1361 notam
1000 1295 1112 1360 fuisse.

116 1456 214 1504 il¹¹⁸¹¹¹1⁰
228 1456 273 1496 12⁰·
378 1448 432 1513 50.
479 1447 656 1512 Posteriori
688 1457 795 1512 aetate
819 1470 898 1512 sane
922 1455 1027 1511 totum
1052 1445 1199 1530 diploma
1222 1444 1416 1508 donationis

118 1519 275 1622 moffen-
289 1538 414 1612 Romae
436 1547 598 1628 innotuit3
623 1545 756 1631 quando
781 1544 815 1610 id
836 1544 1004 1626 acciderit,
1029 1553 1182 1607 accurate
1198 1542 1327 1607 definiri
1343 1563 1416 1606 non

290 1653 405 1730 potest.
452 1642 590 1708 Saeculo
620 1642 763 1726 decimo,
794 1644 976 1728 primisque
1006 1638 1174 1727 undecimi
1204 1638 1326 1705 saeculi
1356 1639 1415 1703 de·
1493 1697 1494 1702 ,

289 1743 425 1823 conniis,
457 1743 492 1806 in
517 1741 726 1806 documentis
748 1741 973 1805 Romanorum
996 1739 1196 1804 Pontificum
1227 1738 1298 1823 ejns
1322 1759 1415 1801 men·
1493 1729 1494 1736 ἵ

287 1841 332 1904 tio
364 1861 430 1903 non
462 1841 647 1921 invenitur3
683 1838 766 1903 forte
789 1861 831 1902 ex
854 1839 1021 1924 adjunctis
1051 1859 1182 1923 quoqne
1213 1843 1414 1920 temporum,
1493 1837 1494 1844 ’

288 1959 373 2024 quae
397 1939 445 2001 uti
461 1936 608 2002 vidimus
625 1936 723 2001 valde
747 1935 879 2001 turbata
903 1943 1006 2016 erant,
1031 1934 1066 1998 id
1090 1933 1325 2019 explicandum
1350 1943 1414 1999 est.

288 2035 376 2100 Usus
392 2045 450 2116 est,
476 2037 524 2099 nti
542 2035 705 2116 diximus.
725 2033 904 2120 diplomate
920 2032 975 2097 illo
991 2057 1016 2098 s.
1032 2033 1100 2098 Leo
1115 2032 1167 2096 IX
1184 2042 1297 2096 contra
1309 2029 1415 2095 Grae-

288 2155 353 2218 cos,
377 2133 565 2220 pariterque
591 2156 615 2197 s.
632 2133 750 2196 Petrus
762 2131 919 2196 Damiani
944 2132 979 2194 in
995 2153 1055 2194 sua
1069 2130 1296 2216 disceptatione
1319 2151 1416 2216 syno-

287 2231 361 2296 dico
384 2230 423 2294 de
438 2228 627 2296 Alemonclro
652 2242 682 2295 ct
699 2229 883 2318 Codoloo,²)
907 2251 947 2295 ac
969 2230 1053 2294 forte
1076 2228 1119 2293 ad
1136 2226 1311 2314 privilegia
1327 2228 1415 2292 Pon·

287 2328 367 2393 tifici
379 2351 399 2392 a
409 2327 626 2393 Constantino
641 2351 797 2394 concessa
808 2327 966 2392 alluditur
979 2328 1013 2392 in
1026 2327 1164 2392 Dictatu
1177 2324 1329 2410 Gregorii
1343 2325 1415 2390 VII

287 2449 319 2490 n.
337 2426 374 2492 8:
402 2424 522 2509 „Quod
546 2425 660 2514 (papa)
685 2425 773 2491 solus
797 2427 842 2490 nii
860 2427 962 2511 possit
978 2423 1206 2510 imperialibus
1222 2423 1411 2507 insigniis.“

287 2523 517 2610 subsequente
547 2535 705 2610 tempore,
741 2525 895 2610 quamvis
919 2522 1129 2588 Constantini
1153 2523 1284 2586 donatio
1308 2519 1413 2586 babe-

287 2631 378 2686 retur
401 2632 438 2685 ut
460 2624 616 2706 genuina,
641 2623 782 2687 Romani
796 2621 976 2686 Pontifices
1000 2632 1112 2684 tomen
1136 2621 1195 2682 vix
1218 2618 1282 2683 hoc
1306 2618 1414 2706 diplo-

288 2729 375 2786 mate
399 2717 441 2784 ad
461 2719 539 2805 jura
563 2744 629 2804 sua·
639 2719 846 2784 vindicanda
869 2720 920 2783 usi
937 2729 1023 2783 sunt.
1054 2717 1187 2782 Etenim
1213 2717 1414 2782 donationes

286 2818 409 2904 Pipini,
436 2817 546 2884 Caroli
563 2819 618 2898 M„
643 2818 811 2882 Ludovici
827 2818 889 2901 Pii,
914 2839 954 2880 ac
978 2815 1159 2901 diplomata
1182 2814 1322 2880 aliorum
1347 2815 1416 2880 Im-

286 2927 485 3004 peratorum,
510 2917 557 2980 nti
583 2916 714 2983 Ottonis
737 2914 782 2982 M.
807 2925 840 2980 et
862 2915 1000 2980 Henrici
1024 2914 1068 2997 11,
1094 2912 1216 3000 quibus
1239 2913 1416 2978 confirma·
1493 2911 1494 2918 '

287 3015 410 3080 bantur
441 3014 517 3080 illae
551 3014 744 3079 donationes
778 3023 810 3078 ct
838 3022 992 3078 accurate
1017 3010 1288 3096 designabantur,
1329 3012 1414 3098 ipsis

362 3261 382 3332 ¹)
403 3261 452 3328 „In
471 3261 684 3330 opinaremini,
703 3261 805 3326 scribit,
825 3261 860 3315 ad
877 3260 1019 3319 universos
1038 3260 1174 3327 episcopos
1193 3257 1300 3314 Galliae
1318 3275 1343 3312 a.
1357 3260 1415 3313 865

288 3341 463 3398 demetaIium
481 3342 695 3398 Pseudo-Isidori
713 3342 879 3396 mentionem
897 3339 980 3408 iecit3
1006 3378 1038 3392 ..
1060 3379 1066 3392 .
1091 3339 1121 3392 in
1139 3339 1243 3393 duabus
1269 3339 1331 3395 aliis
1357 3341 1417 3408 epi·

287 3421 375 3484 stolis,
404 3423 491 3476 altera
509 3421 544 3476 ad
562 3422 708 3477 Rodulfum
726 3421 954 3489 archiepiscopum
972 3419 1171 3474 Bituricensem
1190 3434 1215 3472 a.
1234 3422 1295 3484 664,
1324 3419 1417 3475 altera

288 3503 323 3557 ad
341 3503 487 3558 Arduicum
506 3503 734 3572 archiepiscopum
744 3503 986 3557 Vesontionensem
1004 3517 1028 3555 a.
1043 3499 1103 3564 865,
1123 3499 1156 3554 de
1171 3499 1234 3566 jnre
1247 3499 1417 3567 chorepisco-

288 3599 389 3651 porum,
409 3583 578 3638 nihiicorum
597 3599 666 3651 quae
683 3581 920 3638 Pseudo-isidorus
940 3582 973 3635 de
990 3580 1025 3634 iis
1043 3579 1146 3634 statuit
1163 3579 1269 3634 attulit.
1300 3579 1360 3647 Qua
1379 3595 1417 3635 ex

287 3680 318 3719 re
336 3670 464 3732 apparet,
490 3665 606 3718 codicem
624 3662 921 3719 Pseudo-isidorianam
939 3660 1044 3715 Nicoiei
1062 3659 1148 3714 fuisse
1175 3657 1269 3713 classis
1287 3660 1312 3713 Δ
1330 3663 1357 3725 a,
1386 3661 1419 3715 iu

288 3760 340 3812 quo
358 3750 391 3798 ut
409 3760 492 3812 supra
510 3745 565 3799 dixi
585 3743 716 3812 epistolae
734 3743 767 3798 de
785 3742 981 3810 chorepiscopis
999 3757 1016 3796 a
1034 3740 1255 3795 Pseudo-Isidoro
1274 3741 1418 3798 coniectae

287 3841 343 3880 non
366 3826 500 3879 Inerant“
538 3823 694 3880 Decreteles
711 3820 1012 3877 Pseudo-isidorianae
1035 3836 1062 3888 p.
1082 3819 1168 3875 LVII.
1187 3849 1220 3860 -
1237 3819 1332 3874 Liceat
1351 3820 1379 3877 lr.
1400 3823 1418 3876 l.

289 3905 438 3970 advertero,
458 3905 491 3959 cl.
511 3904 620 3960 Walter
637 3918 753 3968 censere,
781 3901 921 3956 Nicolaum
940 3900 1112 3955 collectionis
1130 3899 1347 3954 Pseudolsidori
1366 3902 1420 3955 sli—
1493 3933 1494 3938 κ

289 3985 360 4053 quod
377 3985 514 4054 exemplar
525 3984 643 4039 nondum
656 3982 789 4048 habuisse,
807 3981 854 4037 sed
866 3981 1053 4036 tantummodo
1066 3979 1127 4034 illos
1139 3979 1420 4047 pseudodecretalinm

289 4065 446 4136 cognovisse
470 4071 571 4127 textus,
599 4079 664 4131 quos
684 4063 789 4118 Galliae
814 4061 930 4131 episcopi
955 4062 1040 4116 variis
1059 4060 1169 4127 scriptis
1190 4060 1224 4114 od
1245 4075 1307 4116 eum
1325 4059 1421 4119 missis

292 4146 453 4200 citaverant.
491 4145 524 4200 V.
543 4143 742 4199 Xirchenrecht
760 4143 802 4199 ed.
821 4141 895 4197 XIV.
915 4158 940 4210 p.
960 4141 1021 4196 206.
1040 4158 1067 4195 n.
1087 4141 1130 4195 13.

362 4243 383 4312 ¹)
403 4242 498 4312 Opusc.
518 4243 565 4296 1v.
586 4241 652 4311 Opp.
671 4239 703 4297 T.
723 4241 775 4297 111.
793 4257 819 4308 p.
839 4241 882 4296 33.
902 4255 944 4308 op.
965 4237 1120 4294 Wattcrich
1138 4238 1161 4295 L
1180 4240 1244 4294 219.
