2916 4842
434 466 640 522 Dissertationis
658 467 770 523 indoles.
969 477 973 482 '
997 521 1000 526 ,
1130 468 1180 522 103

153 613 183 678 2.
224 612 359 698 Imperii
385 610 542 676 videlicet
565 613 733 677 notionem
758 621 791 676 et
814 610 925 675 ideam
950 613 1181 676 efformaverat
1198 612 1349 714 mm?

70 709 127 772 sibi
143 709 328 775 Eridericus
351 710 395 775 ad
411 720 556 776 mentem
580 720 613 775 ct
635 731 787 776 normam
811 712 1022 796 antiquorum
1037 711 1181 797 Impera·
1217 686 1254 715 Μ
1330 702 1338 715 ’

71 823 170 872 torum
193 809 427 891 Romanorum,
461 807 610 895 illudque
635 830 695 872 ceu
728 809 942 873 monarchiam
974 807 1183 875 aoioauolom

68 905 127 969 sibi
164 905 353 971 immediate
389 929 409 970 a
447 906 515 971 solo
544 907 616 970 Deo
655 928 848 992 concessum
887 905 1111 972 arbitrabatur
1144 929 1184 973 ea

67 1005 266 1068 auctoritatis
289 1003 495 1090 plenitudine
519 1003 680 1085 absoluta,
698 1013 742 1068 ut
765 1026 825 1068 sua
851 1003 1005 1069 voluntas
1023 1006 1080 1091 jus
1103 1005 1185 1091 legis

70 1101 206 1166 baberet.
262 1101 434 1166 Ecclesiae
466 1102 602 1188 quidem
636 1103 874 1188 protectionem
910 1113 1082 1188 promptus
1117 1115 1187 1168 erat

68 1203 237 1286 suscipere,
270 1200 328 1265 sed
360 1200 471 1284 talem,
503 1223 568 1287 qua
600 1203 635 1265 in
665 1200 801 1266 tutelam
825 1210 859 1264 et
880 1199 1187 1269 subordinationem

68 1297 213 1362 servilem
237 1300 344 1385 ipsam
369 1298 540 1384 dejiceret,
572 1307 672 1385 atque
689 1301 804 1363 'etiam
829 1299 863 1363 iu
887 1299 1054 1364 Romanos
1077 1300 1186 1365 Ponti·

67 1396 151 1477 fices,
174 1399 357 1482 episcopos,
383 1395 507 1461 olerum
532 1399 726 1461 universum
749 1418 927 1482 rerumque
951 1397 1186 1462 ecclesiastica·

69 1517 137 1558 rum
159 1494 481 1584 administrationem
514 1505 547 1559 et
571 1495 831 1581 dispositionem,
865 1497 916 1558 sui
944 1495 1073 1564 arbitrii
1098 1519 1187 1560 exer-

67 1602 152 1656 ceret
174 1593 389 1658 moderamen
413 1615 614 1678 supremum.
651 1593 763 1674 Quum
788 1595 890 1677 igitur
914 1593 1076 1679 ejusmodi
1101 1596 1188 1679 prin·

68 1691 159 1774 cipiis
182 1689 380 1756 inhaesisset
402 1693 595 1777 Imperator,
630 1693 665 1756 in
689 1693 730 1756 iis
766 1693 872 1776 magis
897 1694 1067 1778 magisque
1091 1692 1187 1756 obfir-

67 1800 223 1869 maretur,
262 1799 294 1853 et
325 1811 364 1854 eo
396 1811 460 1876 quo
496 1789 667 1876 praeditus
700 1800 770 1853 erat
808 1791 912 1855 animi
945 1791 1060 1874 vigore
1090 1791 1188 1855 factis

68 1908 193 1973 quoque
231 1896 264 1951 et
297 1889 399 1973 gestis
438 1886 494 1952 illa
522 1889 688 1973 principia
715 1897 977 1973 prosequeretur,
1016 1897 1053 1951 ut
1079 1899 1188 1952 aucto-

68 1987 194 2050 ritatem
224 2007 317 2050 suam
348 2007 600 2072 quaquaversus
629 1984 816 2050 vindicaret
847 1995 880 2049 et
910 1985 1080 2050 dilataret:
1116 1985 1187 2049 fieri

68 2104 128 2146 nou
152 2085 271 2168 potuit,
297 2085 378 2169 quin
402 2082 497 2147 brevi
522 2083 695 2149 conflictus
711 2083 941 2148 vehementior
957 2083 1188 2148 exardesceret

69 2180 150 2245 iuter
180 2183 291 2266 ipsum
315 2190 348 2245 et
370 2181 537 2246 Romanos
560 2181 748 2262 Pontifices,
781 2181 902 2267 quibus
934 2183 1078 2248 maxime
1103 2203 1188 2245 com-

70 2281 203 2342 missum
229 2289 277 2343 est
300 2279 472 2363 divinitus,
498 2289 534 2342 ut
559 2277 727 2344 Ecclesiae
750 2278 947 2360 libertatem,
967 2279 1045 2365 jura
1069 2290 1102 2344 et
1125 2281 1188 2366 pril

69 2376 189 2462 vilcgia
215 2377 403 2442 custodiant
426 2388 459 2441 et
481 2377 670 2442 defendant.

154 2511 188 2575 3.
234 2510 305 2575 Nec
329 2509 499 2575 dissimilis
522 2510 587 2573 fuit
614 2509 670 2574 illa
702 2509 801 2592 lucta,
832 2532 917 2596 quae
940 2509 1057 2574 eadem
1081 2520 1189 2574 aetate

68 2605 107 2672 de
121 2607 296 2672 Ecclesiae
318 2606 470 2672 libertate
494 2617 527 2671 et
545 2606 679 2693 juribus
703 2609 738 2671 in
752 2607 876 2691 Anglia
900 2618 1015 2673 exorta
1030 2619 1080 2672 est
1104 2610 1190 2674 inter

70 2704 251 2770 Hearicum
274 2707 310 2769 II
340 2726 450 2790 regem
484 2715 518 2770 ut
551 2728 576 2769 s.
601 2705 766 2769 Thomam
791 2703 1052 2770 Cantuareuscm
1082 2706 1188 2771 arohi-

68 2807 269 2891 episoopum.
312 2805 365 2882 Do
388 2803 452 2869 bac
476 2806 701 2869 controversia
724 2802 827 2868 altera
851 2804 1091 2869 Dissertatioue
1115 2825 1188 2888 age·

69 2923 204 2968 mna-
214 2901 364 2968 Dissidia
380 2901 462 2966 haec
478 2903 512 2967 iu
526 2910 718 2988 suspectata
736 2910 875 2966 eventus
894 2910 971 2965 sunt
984 2903 1187 2974 summimu-

70 3003 169 3066 menti
194 2999 303 3086 quoad
317 2998 488 3066 Ecclesiae
512 2999 701 3082 historiam3
728 2999 830 3086 idque
854 3001 953 3064 etiam
977 2999 1073 3064 nobis
1096 3021 1188 3085 praa·

69 3109 152 3162 stare
176 3100 343 3180 convenit,
375 3108 413 3162 ut
441 3091 629 3162 accuratius
662 3099 891 3162 examinemus
921 3099 1032 3162 varias
1055 3118 1188 3162 accusa-

69 3198 181 3278 tiones,
206 3195 327 3282 qolbus
351 3195 529 3262 Pontifices
553 3205 585 3260 ct
607 3194 789 3281 praesules,
818 3197 880 3281 qui·
900 3217 939 3259 ea
962 3203 1070 3260 aetate
1092 3194 1190 3259 liber·

69 3303 166 3359 tatem
192 3304 225 3358 et
247 3294 477 3358 auctoritatem
496 3293 667 3359 Ecclesiae
691 3293 915 3376 vindicarunt,
940 3292 1189 3358 aProtestauti-

70 3389 128 3456 bus
150 3391 292 3478 aliisque
316 3391 532 3478 scriptoribus
556 3392 698 3479 impetiti
722 3402 808 3456 sunt
838 3389 1013 3456 Praeterea
1030 3412 1109 3456 vero
1134 3389 1189 3454 ad-

72 3490 265 3556 vertendum
296 3501 353 3572 est,
393 3491 626 3555 controversiis
656 3489 720 3555 illis
749 3499 781 3554 et
803 3490 901 3555 luctis
924 3491 1111 3553 accuratius
1135 3488 1189 3552 de·

72 3590 243 3652 terminata
270 3587 372 3654 luisse
395 3587 566 3653 Ecclesiae
591 3589 679 3674 jura,
712 3598 745 3653 et
776 3587 952 3652 relationes
976 3590 1062 3651 iuter
1085 3609 1190 3651 sacor-

73 3684 194 3750 dotium
226 3697 260 3750 et
289 3707 439 3770 regnum.
490 3685 542 3751 Ita
571 3685 690 3751 iisdem
723 3687 869 3750 maxime
899 3693 1095 3771 praeparata
1127 3684 1191 3748 fuit

73 3779 252 3848 Innocentii
287 3785 337 3849 III
371 3793 478 3868 actas,
514 3807 580 3871 qua
603 3783 774 3848 Ecclesiae
804 3793 836 3847 ct
859 3781 955 3848 Sedis
977 3781 1190 3868 Apostolicae

73 3883 245 3946 aucwritas
267 3893 302 3946 et
323 3891 467 3969 potestas
490 3882 722 3948 efficacissima
745 3883 871 3946 ratione
895 3889 930 3946 so
954 3880 1190 3962 manifestavit,

74 3977 242 4045 solemnius
275 3979 340 4044 fuit
374 3990 507 4063 asserta,
541 3991 640 4067 atque
663 3979 706 4045 ab
731 3980 809 4044 orbe
834 3977 1012 4042 christiano
1037 3999 1113 4041 cum
1136 3997 1191 4040 ve-

75 4079 234 4144 neratione
269 4081 395 4162 aguita.
430 4115 467 4126 -
500 4079 650 4162 Agamus
673 4080 775 4164 igitur
804 4080 839 4142 in
862 4076 926 4141 hac
951 4076 1190 4140 Dissertatioue

77 4177 207 4258 paruum
231 4177 270 4242 de
294 4177 401 4240 initiis
423 4176 554 4241 euadit
576 4175 736 4240 Eriderici
761 4175 777 4239 Ι
801 4196 876 4240 cum
901 4171 1059 4241 Romanis
1081 4174 1193 4238 Ponti·
