2850 4834
437 445 558 500 Ioannes
576 445 667 502 XXII.
1064 447 1112 500 161

22 609 66 650 sus
84 587 217 654 audacia
241 587 367 652 dicitur
389 589 535 654 minatus
558 589 660 654 fuisse
675 589 833 654 Pontifici
856 611 981 674 poenas
1004 588 1116 652 haere·

18 687 144 768 ticorum,
172 687 237 750 nisi
260 696 433 750 revocaret
456 709 610 770 errorem,
639 709 738 774 quem
770 689 879 773 ipsum
902 683 1117 773 pertinaciter

18 785 83 846 tueri
104 783 189 848 lama
211 783 359 849 mendax
383 784 590 870 vulgaverat.

88 883 136 947 12.
163 882 313 948 Joanncs
337 881 442 947 XXII
472 882 527 947 die
556 883 615 948 18⁰
638 883 725 949 Nov.
751 884 837 948 1333
868 883 994 948 litteras
1023 881 1115 946 dedit
1133 880 1286 929 0⁰²0⁸²¹⁰⁶⁰

16 977 47 1039 sd
66 977 252 1066 Philippum
267 979 440 1044 Valesium
465 1003 578 1066 regem
594 981 811 1061 Francorum,
836 982 869 1045 in
895 981 1016 1068 quibus
1040 944 1214 1045 0011.'¹'¹⁰'²⁰
1223 943 1285 984 '³⁸⁸²'

13 1077 183 1160 testabatur,
209 1099 243 1142 se
268 1077 309 1141 de
333 1080 500 1163 praesenti
526 1080 719 1164 quaestione
744 1078 830 1143 nihil
853 1078 1045 1143 definivisse
1061 1077 1116 1142 vel

12 1176 180 1256 asseruisse,
212 1176 271 1240 sed
303 1175 409 1240 solum
434 1176 681 1263 scripturarum
706 1187 738 1241 et
760 1177 898 1240 Patrum
927 1177 1017 1240 dicta
1043 1197 1116 1262 pro·

10 1271 114 1355 tulisse,
139 1283 175 1336 ut
199 1272 349 1338 discussa
361 1276 485 1340 veritas
497 1277 532 1340 in
549 1287 697 1361 apertam
715 1275 824 1338 lucem
840 1275 997 1360 prodiret.
1025 1274 1115 1338 Dein

10 1389 73 1432 rero
94 1369 137 1434 ad
159 1369 324 1436 tollendos
346 1373 496 1437 sinistros
520 1395 669 1438 rumores
692 1375 793 1438 etiam
816 1395 904 1438 anno
931 1373 1027 1456 1334,
1061 1371 1115 1436 die

10 1467 207 1551 illanuarii,
231 1471 266 1533 in
292 1467 495 1535 Consistorio
515 1470 708 1556 Apostolioo
732 1492 843 1535 coram
869 1467 1113 1549 Cardinalibus,

10 1577 130 1630 testante
154 1568 226 1652 ejus
251 1589 439 1632 successore
455 1569 637 1633 Benedicto
655 1569 734 1649 XII,
758 1570 1027 1653 protestationem
1051 1566 1115 1632 hac

10 1661 37 1726 ie
63 1687 95 1728 re
128 1667 241 1730 emisit
263 1664 324 1729 sub
348 1665 412 1730 hec
435 1667 559 1731 forma:
589 1669 734 1730 Mamur
762 1677 791 1730 et
816 1677 1032 1752 protestamur
1063 1689 1115 1729 εω-

10 1785 108 1846 merse,
149 1761 235 1848 quod
266 1764 421 1849 quidquid
452 1767 487 1828 ia
516 1767 699 1850 quaestione
732 1786 786 1828 seu
818 1768 955 1828 materia
983 1765 1116 1828 visionis

10 1863 178 1942 sicimorum,
203 1861 348 1925 uidelicet
371 1886 414 1926 aa
436 1864 562 1926 atrimae
586 1887 607 1926 a
624 1865 768 1948 pcccatis
791 1873 821 1926 et
838 1864 954 1948 poeuis
972 1871 1115 1948 peccato-

10 1983 57 2022 rum
80 1969 242 2045 parqatae
264 1960 396 2023 uideant
418 1961 561 2024 diuinam
584 1964 751 2025 essentiam
774 1959 836 2024 illa
858 1962 992 2040 visioue,
1021 1983 1116 2045 quam

10 2058 163 2142 Apostolus
192 2068 282 2121 uocat
302 2057 478 2142 facialem,
508 2081 563 2122 ceu
594 2082 783 2144 quacumque
815 2059 884 2122 alia
916 2059 1053 2122 materia
1079 2057 1115 2120 ia

10 2156 182 2220 emtoribus
205 2165 235 2218 ct
257 2155 481 2220 collationibus
504 2159 623 2220 uostris
646 2157 806 2220 amemus:
834 2155 1037 2242 allipavimus
1060 2179 1115 2219 seu

10 2257 212 2340 imposuimus
234 2276 299 2317 acu
321 2255 517 2318 iuteadeates
533 2255 658 2340 aliquid
674 2254 885 2318 determinare
907 2255 957 2318 oel
972 2254 1115 2318 decidere

10 2376 41 2416 eu
68 2353 210 2430 credere,
241 2353 325 2438 quod
348 2365 427 2418 esset
458 2357 568 2439 quouis
596 2354 688 2418 modo
713 2352 898 2439 Scripturas
930 2376 1040 2418 sacrae
1064 2352 1114 2416 ob-

10 2454 76 2528 ium,
99 2449 153 2514 cel
170 2451 364 2514 contrarium
378 2451 462 2536 fidei
485 2452 690 2530 orthodoxae,
714 2450 770 2515 sed
784 2449 868 2515 illud
891 2451 992 2514 solum
1012 2460 1114 2514 tersere

10 2549 183 2630 {credar-e,
216 2547 299 2632 quod
330 2560 360 2613 et
384 2549 569 2635 scripturae
601 2572 711 2614 sacrae
734 2559 841 2635 potest
864 2559 894 2613 et
911 2559 1051 2634 poterat,
1085 2552 1115 2610 et

10 2649 158 2716 adtolicae
176 2643 260 2728 fidei
282 2649 467 2727 coaoeuire,·
499 2658 529 2711 et
556 2649 587 2712 si
600 2647 722 2734 forsan
745 2649 781 2710 ia
800 2646 978 2732 praedictis
1002 2670 1114 2711 sermo·

10 2751 73 2816 idus
97 2743 149 2811 ecl
176 2741 409 2838 collationibus,
424 2744 545 2830 aliqua,
570 2769 649 2831 quae
661 2743 711 2809 acl
724 2743 909 2830 Scripturae
934 2767 1045 2809 samue
1061 2769 1116 2809 seu

10 2851 54 2914 dei
76 2842 278 2912 artodoaeae
301 2845 409 2928 quouis
433 2843 524 2908 modo
540 2854 641 2908 esseut
656 2841 705 2906 ael
716 2843 899 2906 uiderentur
914 2842 1017 2921 odoia,
1040 2844 1116 2930 ursa

10 2960 107 3012 ruetcr
140 2942 353 3008 intentionem
377 2965 398 3004 a
420 2941 512 3006 aobia
533 2939 642 3028 fluisse
662 2939 798 3026 prolata
821 2940 955 3004 dicimus
978 2951 1009 3004 et
1032 2964 1115 3005 asse·

10 3049 87 3126 imus,
113 3065 219 3127 eaque
242 3062 424 3104 revocamus
446 3062 603 3126 expresse,
626 3061 692 3104 aaa
706 3039 903 3104 iuteadcutes
917 3036 985 3101 illis
1001 3038 1115 3102 adbae-

10 3169 46 3210 rre
76 3167 137 3209 aec
171 3164 211 3204 ca
242 3139 277 3200 iu
300 3139 468 3223 praesenti
490 3137 671 3223 defendere,
702 3161 758 3201 aec
786 3139 882 3200 etiam
904 3135 1114 3220 infuturum.

10 3243 111 3308 ethali
138 3239 280 3303 demum
306 3235 515 3318 aegritudine
540 3245 721 3321 correptus,
746 3236 939 3300 convocatis
956 3231 1116 3298 Cardine·

10 3339 64 3406 bus
97 3349 134 3404 et
160 3333 324 3401 Praelatis
358 3333 412 3396 die
435 3333 474 3397 3⁰
497 3333 695 3398 Decembris
719 3333 868 3418 ejusdem
892 3333 984 3408 enni,
1016 3330 1116 3395 tabel-

10 3438 124 3502 onibus
158 3430 307 3520 publicis
335 3431 435 3495 etiem
464 3430 711 3516 praesentibus,
750 3431 829 3495 fidei
859 3428 1116 3494 declarationem

10 3535 91 3616 lidit,
118 3545 162 3600 ut
185 3540 416 3618 praecaveret,
440 3552 483 3594 ne
507 3552 592 3615 quae
615 3551 675 3615 per
690 3531 800 3614 ipsum
816 3529 906 3594 dicta
923 3536 1019 3591 erant
1034 3525 1117 3590 falso

10 3635 260 3720 stelligerentur,
278 3629 312 3691 in
325 3649 392 3714 qua
407 3629 471 3692 ait:
498 3627 607 3712 ,Ecce
624 3626 713 3713 quod
727 3635 873 3691 nostram
886 3626 1116 3706 intentionem,

10 3756 75 3798 sam
106 3750 193 3797 cum
218 3735 335 3792 sancta
358 3724 512 3790 Ecclesia
535 3725 700 3790 catholica
735 3727 823 3789 circa
847 3723 929 3788 baec
953 3721 1118 3787 hebemus

10 3831 240 3908 babuimus,
272 3825 358 3888 serie
390 3824 614 3909 praesentium
645 3833 683 3887 ut
717 3825 864 3909 sequitur
890 3821 1116 3886 declaramus:

10 3945 130 3996 aomar
157 3923 316 4012 siquidem
339 3933 370 3986 et
392 3922 561 4000 credimus,
585 3921 669 4007 quod
694 3923 822 3986 animae
833 3931 1004 4007 perpetue,
1028 3940 1117 4005 sepa·

10 4041 65 4094 ttae
90 4053 113 4092 a
138 4020 346 4110 corporibus,
380 4030 455 4084 suat
476 4021 512 4084 ia
535 4019 631 4098 coelo,
661 4017 819 4083 coelorum
841 4039 937 4104 rapae
961 4039 999 4080 ac
1015 4038 1117 4102 para-

10 4131 51 4211 to,
77 4139 109 4192 et
134 4145 211 4188 mem
239 4117 370 4185 Christo
392 4120 428 4183 iu
450 4118 607 4182 consortio
631 4115 825 4202 Aupelorum
848 4125 1065 4202 ooaprepatae,
1089 4121 1121 4176 et

10 4227 79 4290 deut
103 4225 220 4288 Deum
254 4241 293 4282 ac
326 4217 470 4308 divinam
501 4216 668 4281 essentiam
691 4213 784 4300 facie
816 4213 998 4300 adfaciem
1021 4211 1119 4293 clare,

26 4354 182 4403 suman,
195 4345 388 4386 ntusmttonu.
404 4343 470 4383 Tem.
486 4341 526 4384 VI.
922 4320 956 4375 ll
