2828 4842
269 434 322 488 312
537 435 637 492 XXVI.
657 435 697 489 De
716 434 881 489 Pontificem
900 435 1052 490 Innocentii
1072 435 1123 492 ΙΙΙ.

268 579 303 640 in
326 579 428 662 ipsine
452 577 631 642 obedientia
664 579 792 642 studeas
816 599 1009 660 conservare,
1036 601 1098 664 per
1120 602 1214 663 qnam
1238 588 1266 641 et
1287 581 1374 664 ipma

96 677 433 761 subvenltImimperinm
459 675 517 739 tibi
539 675 651 738 melias
673 673 914 759 conservatae)
961 674 1100 762 Scripsit
1119 676 1219 739 etiam
1237 674 1376 740 Pontifex

97 742 160 790 perta
175 742 255 782 latino.

266 772 308 836 ad
334 772 598 858 archiepiscopos
623 783 656 836 et
679 775 850 858 episcopos
874 771 962 836 orbis
994 773 1159 858 catholici,
1194 775 1241 838 eis
1264 795 1376 837 annun·

265 873 352 934 tiens
376 880 515 934 eventus
539 872 617 934 istos
649 872 768 934 summi
802 871 975 952 momenti,
1008 893 1128 956 eosque
1159 871 1305 935 hortatus
1327 883 1376 952 est,

265 977 301 1032 ut
324 977 485 1053 quantum
509 979 643 1053 possent
665 969 852 1034 conferrent
881 969 924 1032 ad
949 991 1072 1034 novum
1097 971 1278 1055 Imperium
1301 969 1377 1032 Con·

265 1065 594 1150 stantinopolitanum
627 1066 838 1130 firmandum.
887 1066 1093 1130 Attendentec
1124 1070 1231 1152 ἐρέτην,
1264 1065 1377 1129 scribit.

264 1165 347 1250 qnod
370 1166 501 1227 mutatio
524 1166 616 1253 linjns
639 1167 770 1250 Imperii
793 1165 940 1228 denter-ae
969 1167 1011 1228 eit
1034 1167 1166 1228 metatio
1191 1163 1325 1240 Eecetsi,
1354 1175 1377 1223 et

265 1261 304 1324 ab
329 1283 363 1324 eo
379 1261 507 1347 factum
529 1265 571 1326 sit
595 1263 680 1325 istnd
704 1263 758 1347 qni
782 1274 924 1348 tempora
947 1273 1048 1324 mutat
1067 1272 1096 1325 et
1113 1262 1267 1347 transfert
1281 1285 1378 1346 repra.

264 1381 332 1422 cnm
352 1383 411 1444 per
437 1357 521 1422 illud
560 1369 662 1422 terrae
695 1369 822 1424 sanetae
845 1361 947 1444 possit
970 1358 1082 1423 ntilins
1106 1361 1273 1438 subveniri,
1313 1359 1378 1443 prtia

260 1459 369 1541 potins
392 1481 485 1541 qnam
504 1481 565 1543 per
588 1456 671 1521 ittet
693 1459 757 1520 ista
781 1459 929 1521 credatur
945 1479 1041 1542 prosse
1059 1460 1242 1543 recuperari
1264 1457 1301 1518 ele
1317 1457 1379 1525 leri,

256 1554 502 1639 fraternitatem
536 1566 670 1618 vestram
699 1579 857 1618 mone-mne
889 1568 918 1617 et
951 1555 1152 1618 entortnmnr
1182 1557 1217 1618 in
1242 1557 1379 1619 Domino.

261 1675 320 1736 per
333 1652 519 1737 Apostolica
534 1653 620 1716 vobis
636 1655 756 1740 scripta
767 1653 998 1739 praecipiendo
1015 1653 1212 1730 niandantes,
1237 1661 1381 1737 quaternis

265 1760 328 1812 tam
352 1751 481 1812 clericos
506 1774 599 1835 qnam
623 1751 722 1814 inicos
746 1751 918 1835 efficaciter
941 1751 1111 1826 inclneatie,
1144 1761 1179 1813 nt
1211 1751 1255 1812 ad
1285 1771 1380 1834 caper·

264 1847 379 1911 sencias
403 1847 589 1932 spir-itacios
614 1851 743 1934 pariter
767 1859 796 1910 et
820 1848 1007 1934 temporales
1037 1848 1169 1910 divitias
1192 1847 1237 1910 ad
1257 1845 1381 1932 praefa-

265 1957 328 2008 tnm
352 1947 576 2030 Imperatorem
601 1947 763 2024 accedant,
788 1949 852 2031 qni,
876 1957 911 2009 nt
928 1951 995 2033 ejns
1010 1945 1112 2008 verbis
1136 1956 1273 2020 nitamur,
1297 1967 1380 2028 qnam

263 2043 405 2126 sufficiat
436 2046 602 2120 universio,
637 2067 712 2128 qnos
746 2045 790 2106 ael
814 2067 881 2106 enm
905 2045 1096 2107 christianae
1120 2043 1283 2127 reiipionis
1307 2038 1383 2104 zelas

264 2141 446 2220 adcluserit,
479 2142 620 2227 einpnlos
651 2143 716 2206 citit
739 2153 769 2204 et
790 2154 894 2228 potest
917 2142 1084 2204 secundnm
1109 2151 1209 2204 statne
1242 2163 1314 2203 snos
1337 2161 1383 2200 ca·

262 2241 463 2324 rietatemqne
488 2240 644 2332 nataliam
669 2253 698 2304 ct
722 2262 835 2324 aspere
851 2239 976 2302 divitiis
992 2249 1022 2301 et
1035 2238 1204 2303 torrentes
1221 2237 1382 2324 ampliare.

190 2344 195 2352 “
262 2347 297 2399 nt
318 2333 668 2422 Constantinopolitano
694 2339 829 2423 Imperio
853 2337 1001 2400 roborato
1026 2347 1056 2399 et
1078 2339 1114 2400 in
1130 2337 1292 2400 devotione
1307 2337 1383 2421 Apo

261 2433 392 2498 stolicae
418 2434 510 2498 Sedis
537 2435 654 2498 ibidem
681 2437 811 2500 ecclesia
840 2437 996 2513 stabilita,
1027 2436 1110 2499 idem
1137 2437 1316 2520 Imperator
1346 2430 1384 2494 al

263 2533 494 2618 eoepnpnancias
522 2535 679 2598 barbaras
712 2537 867 2611 nationes,
899 2557 977 2619 qnae
1010 2543 1125 2596 terram
1157 2535 1191 2596 in
1215 2557 1279 2618 qna
1303 2531 1384 2594 Dens

262 2642 369 2693 noster
393 2633 464 2694 Item
488 2643 561 2694 ante
585 2633 714 2696 snecnla
739 2645 880 2695 noctram
904 2633 1052 2717 stipantes
1077 2642 1123 2694 est
1146 2631 1276 2716 operari
1306 2628 1383 2692 saln-

264 2741 333 2806 tem,
358 2731 501 2815 pcccatis
531 2733 650 2794 nostris
681 2731 876 2814 eniperitibns
909 2730 1051 2794 detinent
1075 2740 1270 2814 (retinetene,
1297 2749 1383 2788 niano

254 2829 342 2916 finti
366 2838 394 2888 et
417 2815 544 2890 bractio
569 2839 692 2892 extento
718 2829 823 2892 valeat
842 2851 1029 2914 properare.
1041 2827 1066 2912 ἓ)

354 2958 426 3024 103.
459 2957 593 3022 Studuit
610 2959 687 3023 dein
702 2959 859 3022 Pontifex
883 2958 1036 3022 ordinare
1060 2981 1111 3022 res
1136 2957 1383 3022 ecclesiasticas.

264 3053 376 3134 Quum
395 3057 494 3142 juxta
519 3069 614 3142 praete
631 3057 750 3121 Veneti
777 3059 810 3120 in
837 3055 1061 3142 patriarcham
1087 3055 1383 3140 Constantinopoli-

262 3165 375 3216 tanum
402 3153 575 3238 elegissent
591 3154 754 3219 Thomam
771 3153 974 3218 Moresinnm
992 3155 1167 3233 Venetam,
1193 3153 1383 3217 electionem

263 3249 397 3335 quidem
422 3251 521 3330 illam,
547 3263 659 3337 utpote
683 3252 773 3316 haud
799 3255 958 3316 canonice
982 3252 1114 3331 factam,
1152 3253 1313 3332 irritavit3
1345 3269 1384 3312 at·

262 3359 373 3412 tamen
397 3352 591 3413 auctoritate
615 3373 674 3414 sua
699 3350 890 3436 Apostolica
914 3351 1078 3414 Thomam
1102 3352 1136 3413 in
1161 3351 1382 3435 patriarcham

262 3447 332 3532 ipse
363 3449 489 3510 creavit
519 3471 558 3511 ac
583 3449 707 3513 Itomae
741 3451 958 3512 consecravit.
1005 3447 1075 3512 Nec
1108 3449 1205 3511 cessit
1229 3447 1384 3511 Pontifex

264 3620 476 3628 -—-—

338 3705 357 3770 ¹)
377 3702 463 3770 Epist.
483 3704 506 3756 d.
527 3704 551 3758 d.
573 3706 588 3758 7
608 3705 675 3760 Nov.
696 3704 774 3760 1204.
811 3703 934 3772 Regesta
952 3720 978 3758 n.
998 3705 1076 3758 2321.
1090 3734 1124 3746 —
1139 3704 1280 3758 Immerito
1294 3705 1385 3758 asserit

261 3781 374 3847 Pichler,
402 3782 475 3837 hisce
500 3784 589 3838 verbis
613 3801 727 3853 regnam
751 3783 1084 3851 Constantinopolitanum
1108 3784 1279 3838 declaratum
1309 3787 1385 3838 tutem

261 3863 337 3917 Sedis
350 3863 521 3930 Apostolicae
540 3865 662 3932 feudum,
683 3865 723 3917 its
742 3873 770 3918 et
790 3865 818 3917 in
836 3864 898 3917 aliis
913 3863 1101 3917 Innocentium
1115 3863 1156 3918 111
1174 3865 1264 3930 quoad
1286 3867 1383 3920 modum

261 3943 371 4077 aBgepdiS
381 3943 416 4074 in3
429 3943 607 4076 hlocffnegotio
627 3961 736 4013 carpere
754 3945 862 3998 nititur.
893 3943 926 4000 V.
941 3941 1035 3997 Gesch.
1056 3943 1103 3997 der
1122 3943 1217 3998 kirchl.
1229 3944 1383 4013 Trenmmg.

287 4065 292 4077 .
328 4064 333 4077 .
374 4027 405 4073 .:
417 4027 434 4074 0
494 4068 499 4078 .

335 4121 356 4188 π)
376 4119 461 4174 Gesta
481 4138 506 4174 n.
526 4123 569 4175 st.
