2832 4844
332 455 374 508 De
392 453 536 510 Ordinibus
554 453 777 511 mendicantibus.
1063 457 1117 512 475

38 597 187 684 Spirituolss
217 621 273 662 eas
304 597 499 683 rejecerunt.
548 597 602 662 Ad
627 597 822 683 Spirituales
852 597 988 683 quidem
1019 602 1116 686 perti-

35 709 140 760 nuerunt
159 698 253 761 initio
277 697 474 779 insigniores
498 694 635 762 Ordinis
660 697 739 777 viri;
779 695 837 760 sed
861 697 925 782 ipsi
955 697 1116 783 impedire

7 799 9 862 ἶ
34 817 76 856 non
95 805 229 879 potuere,
252 795 431 880 quominus
455 795 489 857 in
514 785 894 858 hacFranciseanorum
919 806 1012 880 parte
1036 818 1115 881 pau-

7 883 94 954 latin
115 895 215 978 magis
238 892 411 977 magisque
435 892 598 977 oppositio
624 894 658 956 in
682 891 801 958 Sedem
827 891 1053 978 Apostolioam
1083 905 1116 957 et

7 991 9 1006 .
31 991 216 1072 nysticismus
238 987 342 1054 falsus
366 988 606 1074 praevalerent.

92 1087 155 1153 105.
201 1087 289 1152 Istae
312 1085 502 1150 tendentiae
526 1109 560 1150 se
586 1086 840 1152 manifestarunt
863 1089 1055 1171 praesertim
1079 1090 1115 1154 in
1147 1101 1217 1138 ltrror
1232 1102 1260 1174 1¹!

8 1183 94 1244 ¹libro
119 1185 344 1250 introductor-io
375 1185 411 1248 in
433 1183 641 1268 EoonpeIium
673 1194 843 1248 aetenam.
891 1184 1114 1270 Evangelium
1137 1162 1274 1273 smil&

23 1292 160 1346 scurnum
190 1305 274 1370 opus
304 1292 384 1363 erat,
416 1282 506 1367 quod
533 1281 708 1346 Joachimo
733 1280 859 1346 Abbati
891 1279 1113 1366 Cisterciensi,

23 1377 80 1442 laiso
105 1380 247 1463 fortasse,
287 1378 550 1462 adscribebatur,
589 1381 686 1465 eique
716 1381 886 1464 praemisit
917 1380 1114 1448 Gerhardus

21 1473 144 1541 llinorita
173 1501 263 1543 anno
290 1480 375 1544 1254
407 1478 502 1544 illum
531 1477 652 1542 librum
686 1478 972 1547 introductorium.
1017 1481 1111 1558 Sum-

21 1577 130 1640 narium
145 1576 318 1642 doctrinae
342 1579 514 1663 utriusque
538 1579 646 1662 operis
661 1587 749 1642 erat:
773 1576 907 1642 Novum
923 1577 1113 1644 Testamen-

18 1684 67 1734 tun
81 1675 311 1740 evacuandum
326 1696 405 1756 esse,
430 1676 519 1739 sicut
529 1674 634 1763 Vetus
646 1674 895 1741 Testamentum
912 1685 1111 1741 evacuatum

18 1784 61 1835 est:
89 1781 119 1834 et
139 1771 226 1858 Legi
248 1771 365 1838 Novae
389 1793 448 1836 seu
472 1771 596 1838 Christi
621 1772 868 1856 subrogandam
891 1794 964 1836 esse
986 1772 1111 1858 Legem

14 1863 128 1949 Spiritus
149 1869 278 1952 Sancti,
302 1871 400 1934 sicuti
423 1870 497 1934 Lex
511 1869 608 1934 Nova
632 1891 689 1934 seu
715 1867 837 1934 Christi
861 1869 1039 1954 subrogata
1063 1883 1112 1935 est

14 1959 73 2048 Leg'
87 1966 197 2032 Veteri
223 1991 280 2032 seu
305 1969 422 2032 Patris.
467 1967 568 2032 Hanc
591 1967 716 2052 Legem
740 1967 884 2052 Spiritus
899 1965 1014 2034 Sancti
1039 1991 1110 2034 esse

11 2066 131 2130 annium
154 2067 432 2152 perfectissimam
457 2067 548 2130 etin
572 2077 769 2150 perpetuum
792 2064 996 2146 duraturam,
1025 2089 1111 2132 eam·

12 2179 55 2244 pne
81 2164 244 2250 incepisse
275 2187 295 2228 a
324 2187 350 2228 s.
374 2164 553 2229 Francisco
578 2173 611 2227 et
634 2165 722 2228 veris
746 2163 817 2248 ejus
841 2162 1024 2249 discipulis.
1070 2167 1110 2229 In

10 2253 74 2340 Iege
95 2261 224 2343 Veteri,
247 2285 268 2326 a
292 2261 408 2326 mundi
432 2261 569 2326 exordio
595 2283 699 2347 usque
723 2261 767 2326 ad
791 2259 961 2325 Christum
985 2272 1110 2344 natum,

11 2350 131 2423 honines
155 2361 284 2424 vixisse
307 2358 490 2424 secundum
515 2379 659 2440 carnem,
686 2361 720 2423 in
744 2358 835 2442 Lege
858 2359 953 2424 Nova
977 2383 1110 2424 carnem

7 2453 69 2517 inter
89 2467 120 2520 et
143 2460 312 2543 spiritum,
345 2459 380 2520 in
404 2456 495 2541 Lege
518 2479 597 2522 vero
622 2456 765 2542 Spiritus
789 2456 902 2522 Sancti
927 2457 1110 2532 vivendum

7 2569 56 2612 ess
75 2555 263 2620 secundum
287 2555 449 2640 spiritum.
496 2555 536 2619 Iu
560 2555 651 2640 Lege
675 2555 788 2620 Veteri
813 2577 871 2618 seu
895 2555 1003 2620 Patris
1027 2559 1110 2640 regi-

7 2665 58 2712 nen
75 2652 249 2718 Ecclesiae
274 2655 487 2718 commissum
514 2653 614 2717 fuisse
638 2652 806 2739 aliquibus
830 2674 872 2718 ex
896 2653 1012 2718 ordine
1036 2676 1110 2720 con·

7 2740 180 2832 ligatorum,
208 2754 244 2814 in
264 2751 354 2834 Lege
378 2751 455 2816 Filii
481 2772 539 2814 seu
555 2750 679 2816 Christi
704 2749 843 2832 clericis,
867 2752 901 2816 in
918 2751 1007 2836 Lege
1033 2773 1111 2818 vero

7 2839 121 2926 ipit-itus
137 2847 261 2914 Sancti
285 2848 367 2914 illud
392 2850 667 2915 committendum
681 2849 854 2914 Monachis
874 2850 1110 2936 nudipedibus.

7 2935 107 3010 Similia
131 2969 272 3034 quoque
295 2949 468 3033 proposuit
492 2969 607 3012 versus
629 2948 729 3015 finem
753 2947 876 3012 saeculi
899 2947 997 3025 XIII,
1025 2947 1111 3016 Com·

7 3046 132 3108 tenturio
156 3048 197 3110 ἐπ
213 3045 452 3132 Apocalypsin,
476 3047 621 3110 Joannes
650 3046 744 3112 Oliva
767 3045 814 3132 (u.
832 3069 861 3110 a.
883 3046 982 3134 1247)
1006 3047 1112 3113 Mino·

7 3137 45 3202 ita
66 3141 263 3228 Spiritualis
285 3143 464 3209 ardentior.
504 3144 570 3209 Hic
593 3155 704 3210 tamen
728 3165 853 3210 errores
876 3165 952 3208 suos
976 3169 1006 3211 a.
1025 3147 1111 3212 1283

7 3244 160 3325 evocavit,
185 3252 222 3306 et
245 3252 478 3328 antequam-a.
504 3242 589 3308 1297
614 3251 807 3323 moreretur,
832 3242 1015 3308 declaravit
1038 3242 1111 3308 sub·

7 3335 169 3404 tissionem
204 3362 300 3404 suam
333 3338 395 3404 sub
428 3337 730 3406 Constitutionibus
761 3339 858 3404 Sedis
890 3339 1110 3425 Apostolicae.

7 3431 70 3499 larii
93 3460 137 3502 ex
162 3436 407 3525 Spiritualibus
441 3440 543 3502 etiam
567 3447 681 3502 coetus
704 3437 933 3502 schismaticos
957 3439 1111 3504 Fraticel-

7 3550 76 3598 nun
110 3537 372 3616 constituerunt,
410 3545 443 3600 et
475 3537 612 3600 existis
644 3535 790 3600 dissidiis
821 3536 946 3600 factum
977 3547 1036 3618 est,
1076 3549 1113 3602 ut

7 3631 71 3694 nnlti
102 3633 259 3698 Minores
297 3643 408 3719 partes
439 3633 605 3698 Ludoviei
635 3633 757 3700 Bavari
796 3644 910 3698 contra
933 3633 1112 3700 Pontifices

7 3728 275 3812 mplecterentur.
321 3730 486 3796 Paulatim
510 3741 622 3795 tamen
645 3731 844 3796 Pontificum
868 3731 1055 3816 prudentia,
1080 3744 1113 3798 et

7 3823 233 3896 loderatorum
263 3828 400 3896 Ordinis
429 3831 635 3912 auctoritate,
669 3839 777 3892 motus
807 3828 855 3894 illi
884 3829 988 3894 sedati
1024 3842 1109 3897 suut.

7 3917 73 3990 lum
107 3929 143 3994 in
177 3925 250 3993 alia
282 3927 512 3992 dissertatione
543 3928 581 3991 de
616 3927 818 4011 Pontificibus
842 3927 1112 3992 Aveaioneaet'bas

7 4025 83 4100 posd
108 4026 206 4090 hanc
232 4027 459 4110 quaestionem
484 4025 647 4090 invenies.

66 4123 139 4190 106.
194 4121 328 4206 Insigni
352 4124 480 4187 ratione
505 4122 636 4187 saeculo
653 4121 740 4186 XIII
765 4145 835 4186 sese
852 4122 1049 4188 evolverunt
1072 4147 1112 4187 ae

7 4219 249 4305 nultiplicarunt
271 4220 715 4301 studiorum-Universitotee,
746 4243 786 4284 ac
809 4231 879 4284 tum
904 4243 1017 4284 sacrae
1041 4231 1112 4284 tum
