2858 4834
318 456 368 508 178
548 451 631 504 XXV.
653 451 692 504 De
711 466 791 503 enims
809 468 830 504 s.
850 450 967 504 Thomas
987 451 1199 507 Centauriensis.

309 597 544 684 praeberemus,
560 595 785 679 fraternitatis
810 606 881 658 tune
906 595 966 678 et¹)
986 595 1149 679 praedicti
1163 599 1301 683 episcopi
1315 599 1414 660 liloni-

316 696 416 760 censie
444 695 487 758 ad
510 716 567 757 nos
598 691 721 756 litteras
758 693 948 777 impetrauit.
1001 690 1093 764 Qreod
1125 697 1203 756 enim
1238 695 1274 756 dr
1299 697 1416 778 antiquis

315 790 590 856 conmetndinilus
623 801 652 852 et
676 789 884 874 dipnitatilns
916 791 1139 854 conservandis
1161 794 1256 876 prius
1290 792 1417 855 naucleri

315 901 491 976 ropavcrat,
521 912 630 974 nuper,
662 889 743 950 sicem
768 897 800 950 tn
824 885 938 950 etalii
961 887 1124 951 observare
1145 892 1368 973 promiseratis.
1389 915 1416 950 ro

315 1012 384 1052 cum
405 985 505 1051 multa
528 987 683 1048 instantia
705 987 800 1069 petiit
824 987 1010 1048 auctoritate
1036 985 1238 1071 Apostolicae
1263 987 1351 1051 Sedis
1371 986 1420 1048 sili

317 1098 346 1151 rt
368 1088 435 1150 suis
453 1086 592 1171 posteris
616 1084 805 1166 corifirmari.
837 1081 901 1146 Sed
923 1105 981 1146 nos
1002 1085 1184 1168 petitionem
1208 1087 1299 1148 istam
1324 1109 1420 1169 aeona-1

316 1207 408 1270 quam
432 1183 625 1246 admisimus.
672 1181 889 1244 Verumtamen
912 1203 951 1244 ne
975 1182 1019 1244 ad
1042 1184 1172 1245 nimiam
1195 1183 1420 1246 amaritudinum

317 1293 347 1344 et
372 1281 622 1344 uehementiorem
663 1280 764 1341 animi
795 1278 1004 1341 turbationem
1037 1303 1104 1342 eum
1135 1282 1219 1342 circa
1250 1303 1307 1344 reos
1344 1293 1368 1341 ct
1400 1293 1420 1340 n

316 1382 419 1466 ipsum
436 1398 690 1464 provocaremus,
724 1399 760 1438 ne
785 1376 880 1438 etiam
905 1375 940 1436 id
963 1377 1213 1440 consideratione
1243 1380 1292 1441 tui
1312 1389 1420 1461 puton-¹

317 1489 368 1540 tur
390 1473 619 1561 quomodolibet
642 1473 832 1558 impediri,²)
872 1495 928 1536 nos
960 1473 1019 1536 tihi
1042 1485 1071 1536 et
1093 1475 1194 1550 nohis,
1220 1475 1274 1559 (ne
1290 1476 1376 1562 sorte
1397 1478 1420 1534 ia

316 1579 465 1664 majorem
495 1572 628 1634 colorem
653 1571 839 1634 iracundiae
866 1571 1016 1634 reduersus
1041 1581 1068 1634 te
1092 1573 1336 1658 escardesceret).
1367 1596 1420 1633 cori*

317 1673 430 1736 sultius
448 1671 618 1758 prouidere
643 1669 789 1744 volentos,
824 1681 853 1732 et
878 1681 1052 1754 pensantes
1085 1680 1225 1756 tempora
1246 1670 1420 1757 periculoso,

317 1769 483 1854 lepatiom's
507 1768 631 1830 litteras
651 1766 803 1853 praefato
839 1768 1072 1852 archiepiscopo
1097 1769 1312 1832 concedendas
1342 1769 1420 1830 eidem

316 1871 384 1956 rapi
407 1868 652 1946 concessimnsd)
686 1865 868 1951 Epistulam
893 1864 1042 1930 Thomas
1066 1866 1108 1929 nd
1133 1865 1330 1930 Pontificem
1354 1887 1420 1927 rom

318 1975 478 2030 memorat
502 1985 596 2048 porro
622 1963 799 2027 Eduardus
823 1960 928 2044 (irim,
963 1963 1145 2027 nionachus
1170 1974 1201 2027 et
1225 1966 1420 2040 coaevitate

317 2065 397 2128 Vita
420 2086 444 2127 s.
469 2060 627 2126 Thomae.
674 2060 804 2140 Narrat,
831 2063 960 2124 venisse
984 2063 1177 2146 episcopum
1201 2055 1420 2126 Ebroicensed

318 2160 492 2244 (Errenx),
518 2168 554 2221 ut
576 2180 688 2243 regem
713 2169 744 2222 et
760 2157 1047 2243 archiepiscopum
1065 2157 1306 2240 reconciliaret,
1331 2167 1420 2242 regen

317 2281 395 2323 vero
421 2280 494 2321 eam
518 2249 726 2320 chnstituisse
744 2257 978 2336 conditionem,
1004 2267 1039 2319 ut
1055 2256 1201 2322 Thomas
1217 2258 1376 2321 scriberet
1394 2251 1420 2336 el

318 2358 444 2442 Papam
477 2376 534 2440 pro
568 2353 817 2417 confirmatione
853 2353 1150 2423 Consuetudinum.
1204 2357 1348 2420 Instante
1377 2355 1420 2438 epi

318 2477 420 2541 scopo,
446 2455 501 2532 ait,
521 2477 583 2538 per
595 2453 733 2515 eumdem
749 2453 876 2537 scripsit
893 2463 1020 2515 sanctus
1034 2454 1289 2539 archiepiscopus
1308 2453 1420 2520 Domini

319 2554 442 2638 Papae,
476 2563 511 2614 ut
541 2551 726 2634 dionaretur
758 2573 817 2614 sua
849 2554 1037 2614 auctmitate
1061 2563 1090 2613 et
1114 2553 1214 2638 sipilli
1236 2554 1420 2638 impressiore

320 2653 424 2737 sepias
448 2649 638 2711 traditiones
662 2647 853 2730 corfirmare.
904 2649 996 2734 Papa
1027 2671 1098 2712 uero
1117 2651 1323 2735 perpendens
1347 2648 1420 2720 illico

320 2748 402 2834 quod
431 2748 510 2810 hanc
532 2747 721 2830 petitionem
751 2747 1005 2831 archiepiscopus
1032 2770 1152 2810 summa
1181 2752 1420 2812 constricturus

319 2849 461 2909 cessitate
486 2844 630 2929 fecisset,
664 2845 812 2928 scriptum
844 2867 910 2906 cnm
943 2846 1163 2929 indipnatione
1187 2846 1327 2930 quadam
1362 2870 1380 2907 a
1407 2869 1420 2903 s

394 3127 413 3174 ¹r
434 3125 512 3192 Apud
525 3125 624 3185 Labbe.
643 3125 785 3192 Harduin,
805 3133 833 3180 et
852 3128 879 3179 in
894 3127 1058 3181 Collectioae
1078 3128 1155 3196 regia
1174 3127 1358 3183 Consiliorum
1377 3128 1420 3180 itin

320 3215 346 3262 et
365 3223 418 3261 uon
438 3207 559 3262 habetur.
588 3207 636 3260 sed
655 3205 757 3274 legitur
777 3207 978 3271 „fraternitatis
1003 3217 1067 3261 tuae
1086 3208 1217 3274 praedicti
1237 3209 1358 3276 episcopi
1378 3208 1420 3260 Eht

320 3288 439 3344 recensis
459 3287 565 3341 litteras
584 3287 768 3353 impetrarit“,
788 3287 829 3340 ita
848 3293 879 3340 nt
897 3303 991 3340 sensus
1010 3303 1068 3341 esse
1081 3289 1166 3355 possit
1184 3289 1287 3354 fratris
1304 3291 1348 3342 tat
1364 3305 1420 3356 prm

320 3371 390 3424 dicti
409 3368 538 3435 episcopi.
576 3368 617 3419 En
636 3367 663 3420 in
682 3367 868 3435 suppositione
887 3383 941 3421 non
960 3369 1067 3421 cuntur
1091 3385 1124 3421 ex
1144 3369 1185 3422 his
1204 3368 1309 3422 litteris
1330 3363 1420 3430 elensi

320 3449 363 3502 dri
381 3447 431 3513 111,
451 3447 578 3500 Thomam
597 3447 708 3512 petiisse
726 3447 956 3502 confirmationem
974 3449 1210 3507 consuetudinum:
1235 3458 1381 3504 contextus
1399 3455 1420 3514 pt

322 3529 377 3582 tius
396 3526 559 3580 eontrarium
579 3527 710 3581 suaderet.
749 3529 878 3582 Attamen
897 3529 930 3582 de
948 3529 1065 3595 epistota
1082 3529 1199 3582 'thomae
1218 3531 1303 3584 etiam
1323 3537 1420 3583 aneton

322 3608 416 3662 coaevi
435 3623 499 3673 quos
518 3606 631 3660 citamus
650 3607 805 3673 loquuntur.

409 3725 415 3768 t
435 3715 569 3781 Quomodo
592 3715 664 3779 haec,
691 3716 715 3768 si
734 3716 848 3770 Thomas
873 3717 929 3784 ipse
949 3715 1050 3770 litteris
1069 3717 1141 3770 datis
1160 3718 1242 3784 petiit
1262 3717 1420 3772 continuum

320 3811 380 3850 uera
399 3796 551 3849 t‘ontiticis‘?
571 3797 621 3848 Est
633 3797 727 3863 gravis
746 3796 873 3863 objectio;
894 3802 983 3864 potest
996 3803 1086 3850 tamen
1100 3797 1262 3864 responderi,
1283 3798 1420 3852 Pontifices

322 3878 429 3931 novisse
462 3877 591 3930 Thomnm
616 3876 722 3930 norinisi
746 3878 832 3930 invite
857 3878 985 3941 scribere,
1011 3877 1098 3943 ipsum
1123 3876 1179 3930 iliis
1204 3877 1420 3932 consuetudinibi

321 3975 379 4012 esse
400 3957 477 4011 vaide
496 3960 654 4024 oppositum.
678 3973 822 4025 regemque
841 3958 961 4025 potuisse
980 3958 1119 4026 conjicere.
1145 3957 1177 4010 oh
1195 3955 1316 4011 Thomas
1343 3947 1420 4024 eripui

323 4040 423 4092 tionem
444 4038 571 4104 denegari
592 4037 820 4092 confirmationem
839 4055 856 4092 a
876 4038 1015 4092 Pontifice.

396 4147 417 4198 't
439 4144 534 4208 thbe,
554 4144 586 4198 X.
606 4162 627 4198 c.
650 4147 735 4212 1194;
755 4145 830 4200 Giles
849 4146 915 4214 Epp.
935 4163 956 4201 s.
970 4145 1088 4199 Thomna
1105 4145 1136 4202 Τ,
1156 4145 1192 4199 Π.
1213 4161 1236 4213 p.
1257 4148 1280 4198 t
