2902 4848
427 483 468 537 De
487 481 605 537 Concilio
624 480 784 536 Basileensi.
1114 480 1168 536 367

48 625 230 690 eminentiae
247 625 341 691 Sedis
357 625 571 713 Apostolicae.
608 625 698 690 Hinc
722 647 781 711 per
804 623 968 711 postulata
992 622 1034 688 ab
1051 625 1168 688 Aenea

49 723 159 807 Sylvio
190 745 358 810 expressa,
394 733 431 786 ut
461 723 633 806 Eugenius
664 721 782 786 litteris
814 722 961 786 firmaret
989 722 1079 807 quod
1110 741 1169 807 per

48 833 188 886 oratores
219 822 328 908 quoad
359 820 565 904 agnitionem
598 819 822 886 Consiliorum
855 821 1068 905 promiserat,
1094 821 1166 906 jam

47 941 102 1004 per
116 941 151 982 se
164 917 303 1003 intelligi
318 941 383 983 non
396 930 534 1005 poterat,
559 919 623 983 nisi
636 920 762 1002 agnitio
780 939 856 981 cum
874 917 931 981 tali
950 919 1166 981 restrictione.

47 1015 192 1082 Verbum
221 1017 357 1103 quidem
381 1016 654 1103 praeeminentiae
686 1013 910 1080 Conciliorum
936 1015 970 1078 iu
995 1013 1168 1099 postulatis

46 1113 230 1179 adhibitum
256 1123 315 1196 est,
340 1114 397 1179 sed
422 1116 583 1178 evitatum
607 1115 743 1178 omnino
759 1115 795 1177 in
811 1113 928 1178 litteris
945 1113 1099 1196 Eugenii,
1120 1114 1167 1176 its

46 1224 79 1274 ut
102 1212 230 1277 nullum
256 1211 395 1278 dubium
421 1213 462 1277 de
487 1223 597 1276 mente
621 1212 693 1298 ejus
716 1233 888 1276 remanere
905 1212 1014 1296 possit.
1046 1211 1085 1274 3⁰
1101 1210 1166 1274 Ex-

45 1311 163 1395 pressis
186 1311 297 1376 verbis
329 1311 445 1376 scribit
469 1312 600 1374 Aeneas
623 1308 773 1394 Sylvius:
817 1307 910 1374 Circa
937 1309 1168 1396 professionem

45 1413 145 1498 nsajor
176 1407 351 1495 difficultas
378 1407 460 1495 fait.
512 1407 742 1472 Aaatoritatem
773 1431 906 1493 maeque
945 1403 1166 1486 Consiliorum,

43 1507 89 1568 uti
100 1507 133 1570 in
153 1505 286 1570 Basilea
309 1505 476 1571 declarata
492 1505 618 1592 ficerat,
643 1503 731 1569 nullo
745 1515 841 1592 pacto
856 1505 985 1568 admitti
999 1503 1165 1590 uolebat.¹)

132 1621 186 1684 27.
221 1619 335 1685 Posset
357 1631 469 1685 tamen
493 1621 576 1684 sorte
601 1619 781 1684 difficultas
806 1619 868 1684 hac
893 1623 1020 1686 ratione
1044 1621 1328 1723 urgeri.U¹²⁰¹f¹g{¹:¹·

43 1717 214 1803 Eugenius
225 1719 273 1783 IV
299 1719 416 1782 litteris
441 1718 526 1782 datis
550 1718 604 1781 die
631 1719 667 1780 1⁰
684 1716 782 1782 Febr.
798 1741 826 1784 a.
842 1719 927 1782 1446
938 1719 1166 1785 Fridericolll
1208 1696 1221 1733 p
1303 1711 1309 1722 ’

42 1814 289 1881 Germanorum
329 1817 524 1902 Imperatori
563 1818 740 1896 concessit,
787 1827 823 1879 ut
860 1816 993 1881 decreta
1025 1815 1166 1882 Consilii

42 1913 243 1979 Basileensis
281 1915 324 1979 ab
356 1913 492 1979 Alberto
531 1936 607 1998 rege
640 1925 812 1999 acceptata
849 1913 902 1996 (de
935 1914 1167 1980 collationibus

41 2011 279 2079 beneficiorum
296 2017 372 2094 etc.)
397 2035 494 2100 porro
512 2015 546 2077 iu
564 2011 746 2078 Germania
770 2012 1036 2094 observarentur,
1061 2035 1166 2101 usque

42 2111 122 2176 dum
155 2133 215 2198 per
245 2110 391 2196 legatum
422 2111 466 2176 ab
495 2113 566 2197 ipso
597 2111 748 2195 proxime
781 2111 989 2192 mittendum,
1024 2111 1077 2176 vel
1109 2134 1168 2197 per

42 2207 231 2273 Concilium
256 2209 411 2292 generale
435 2209 531 2274 aliter
554 2219 714 2272 statutum
738 2207 878 2294 fuerit.²)
925 2209 1002 2274 lam
1028 2231 1106 2274 vero
1132 2211 1165 2276 in

42 2306 176 2371 decreto
203 2305 344 2371 Concilii
370 2305 572 2371 Basileensis
596 2306 637 2370 de
662 2305 893 2371 collationibus
919 2307 1165 2390 beneficiorum,

40 2406 138 2468 initio
164 2415 442 2470 commemoratur
474 2415 507 2469 et
536 2402 788 2468 commendatur
817 2405 987 2470 decretum
1011 2409 1166 2472 sessionis

39 2504 178 2589 quintae
203 2499 344 2567 Concilii
371 2501 645 2584 Constantianam,
677 2500 765 2588 quod
796 2502 1004 2568 Basileeuses
1036 2506 1166 2570 univer·

39 2598 102 2664 sali
133 2601 262 2665 ratione
294 2599 566 2686 intelligebant.³)
614 2599 711 2664 Unde
742 2602 843 2664 etiam
874 2599 916 2665 ab
940 2602 1092 2685 Eugenio
1117 2603 1165 2666 1v

38 2695 123 2760 illud
149 2697 318 2762 decretum
344 2697 596 2762 Constantiense
621 2697 802 2762 admissum
828 2721 899 2763 esse
924 2701 1020 2764 sensu
1044 2700 1165 2766 Basile-

38 2797 182 2876 ensium,
208 2796 322 2860 inferri
334 2806 454 2883 posset.
480 2835 521 2844 -
547 2795 612 2860 Sed
638 2798 802 2882 imprimis
827 2799 859 2861 in
878 2800 1089 2862 concessione
1104 2801 1166 2864 ista

37 2893 185 2976 Eugenii
217 2895 266 2960 IV
304 2895 477 2959 manifeste
511 2903 640 2958 tentum
677 2895 786 2980 agitur
825 2895 865 2960 de
905 2895 1167 2982 dispositionibus

33 2993 193 3078 practicis
225 2993 334 3078 quoad
360 2991 597 3056 beneficiorum
623 2992 844 3074 collationem,
877 3017 897 3058 a
919 2994 1167 3059 Basileeusibns

38 3089 148 3172 factis,
188 3112 271 3176 quas
305 3091 483 3156 observare
518 3091 694 3157 Germanis
728 3093 891 3176 concedit,
931 3093 1037 3158 donec
1072 3093 1167 3158 aliter

37 3198 225 3268 statuatur3
264 3188 451 3254 nullatenus
487 3212 565 3254 vero
605 3191 715 3276 agitur
750 3190 790 3254 de
827 3191 1077 3256 confirmatione
1112 3191 1166 3256 vel

37 3281 254 3350 concessione
287 3288 395 3374 quoad
421 3287 607 3352 doctrinam
640 3288 687 3353 ibi
718 3287 862 3354 allatam.
909 3288 984 3354 Hac
1014 3288 1165 3354 observa·

35 3384 129 3446 tione
161 3393 229 3448 tota
254 3383 433 3450 difficultas
458 3384 603 3451 diluitur.
653 3383 828 3450 Caeterum
865 3397 1087 3474 opportunum
1119 3398 1168 3453 est

36 3479 224 3563 advertere,
249 3483 439 3568 Eugenium
454 3481 503 3546 IV
527 3482 642 3546 eodem
669 3483 722 3547 die
746 3485 784 3548 5⁰
808 3485 993 3564 Februarii,
1018 3507 1083 3571 quo
1107 3507 1166 3571 per

36 3587 183 3664 quatuor
215 3578 397 3665 diplomata
421 3579 600 3645 Germanis
629 3579 837 3666 principibus
867 3585 962 3646 varia
993 3586 1165 3668 concessit,

36 3673 192 3762 publicas
215 3676 359 3743 edidisse
383 3678 508 3742 litteras
523 3679 620 3743 Decet
636 3680 814 3743 Romanam
829 3681 1018 3766 Pontsflcem,
1043 3683 1165 3768 quibus

36 3773 141 3854 cavit,
173 3796 215 3839 ne
248 3797 290 3840 ex
322 3775 593 3841 concessionibus
624 3779 802 3841 auctoritas
833 3776 929 3842 Sedis
952 3779 1165 3864 Apostolicae

82 3939 255 3946 ---.-—..-.

117 4024 137 4091 ι)
156 4024 232 4078 Orat.
253 4025 286 4078 ad
307 4023 474 4079 Fridericum
493 4024 544 4080 Ill.
581 4025 614 4082 V.
634 4025 698 4080 Diix
716 4043 742 4094 p.
760 4027 822 4085 278.

115 4102 138 4170 ¹)
157 4104 189 4158 V.
210 4103 344 4172 seynae
367 4105 401 4158 ad
420 4121 445 4159 a.
465 4105 581 4164 1447.n
610 4106 634 4165 6.

116 4181 138 4248 ³)
156 4183 188 4236 V.
209 4199 273 4238 sess.
295 4184 394 4238 xxxi.
422 4184 534 4240 Concilii
559 4186 644 4242 Basil.
668 4187 775 4244 Decret.
801 4187 835 4242 de
853 4187 949 4246 Collat.
968 4187 1067 4256 Labbe‚
1096 4191 1163 4250 (loll.

35 4263 122 4318 Cone.
141 4270 203 4321 tum.
223 4263 301 4321 xm.
321 4265 369 4319 eol.
389 4267 449 4323 602.
