2852 4836
313 440 365 492 174
509 440 624 497 XXXII.
644 440 684 495 De
703 441 880 496 Pontificibus
900 443 1040 498 Arenioue
1058 443 1237 498 commutatis.

844 751 904 812 11.

599 908 659 970 De
681 909 989 974 crematarum
1012 908 1158 973 turbis.

402 1065 455 1129 23.
502 1063 661 1150 Magnum
693 1067 862 1150 negotium
888 1065 1108 1132 Pontificibus
1131 1066 1407 1144 Avenionensibns,

311 1183 351 1226 ac
375 1164 553 1248 praecipue
576 1163 701 1228 Joanni
725 1163 838 1245 XXII,
870 1165 1060 1229 excitarunt
1090 1165 1244 1248 dissidia,
1282 1187 1417 1260 quae
1384 1167 1408 1228 iu

311 1257 438 1326 Ordme
449 1261 602 1326 Fratrum
611 1262 778 1326 Minorum
792 1273 907 1326 exorta
919 1273 1005 1328 sunt.
1041 1263 1090 1328 Eo
1115 1263 1170 1328 vel
1194 1266 1300 1350 magis
1317 1216 1417 1338 submi

311 1356 375 1422 hac
400 1357 440 1422 de
464 1381 499 1422 re
523 1359 618 1424 nobis
642 1359 809 1444 agendum
834 1369 892 1442 est,
917 1360 1007 1446 quod
1032 1382 1111 1426 mox
1125 1361 1406 1426 Pseudomiuon'tns

312 1453 355 1520 ab
373 1455 523 1521 Ecclesia
547 1456 738 1522 deficientes
762 1480 897 1522 causam
921 1458 1088 1524 Ludovici
1113 1459 1237 1524 Bavari
1262 1459 1417 1524 vehemen-

310 1565 361 1617 ter
388 1565 635 1666 promoverunt,
667 1565 699 1620 et
729 1577 796 1621 non
828 1558 950 1642 exigua
984 1555 1072 1622 mala
1106 1559 1175 1622 suis
1208 1557 1361 1623 doctrinis
1387 1569 1417 1617 st

311 1650 446 1716 factis
438 1675 472 1716 un
495 1653 648 1718 Ecclesia
679 1657 872 1722 excitarent.
922 1653 967 1720 Ut
994 1676 1073 1719 vero
1103 1677 1204 1720 causa
1241 1657 1306 1720 ista
1332 1637 1417 1742 plene

312 1747 525 1832 intelligatur,
561 1751 639 1816 inde
670 1750 712 1816 ab
743 1755 838 1818 initio
872 1753 943 1838 ejus
975 1754 1113 1837 originis
1146 1752 1368 1818 enarrabimus
1389 1766 1410 1814 st

312 1846 501 1913 ulteriorem
526 1848 603 1914 dein
628 1849 852 1916 evolutionem
876 1872 1123 1936 prosequemur.

140 1942 321 2061 θ’ξξξξω
280 1955 302 1985 ω
401 1947 441 2011 In
458 1946 584 2013 Ordine
600 1947 813 2014 celeberrimo
838 1959 871 2012 et
893 1949 1098 2062 amplissimo
1122 1972 1147 2016 s.
1164 1949 1370 2029 Francisci,'
1359 1969 1410 2032 pn

311 2045 383 2130 ipso
407 2045 582 2110 fundatore
598 2049 744 2130 vivente,
770 2057 802 2112 et
823 2047 901 2113 dein
926 2049 1072 2112 maxime
1095 2057 1169 2134 post
1192 2048 1266 2132 ejus
1291 2057 1404 2111 mortem

312 2143 360 2205 uti
384 2144 536 2227 superius
561 2146 817 2256 exposuimus,¹)
844 2143 969 2230 duplex
986 2154 1057 2209 orta
1080 2156 1130 2209 est
1152 2145 1332 2224 tendentia,
1354 2142 1411 2206 alio·

311 2262 385 2303 rum
400 2240 545 2326 quidem,
570 2243 626 2327 qui
651 2241 785 2326 largiori
809 2244 937 2307 ratione
960 2241 1109 2326 regulam
1134 2241 1412 2328 interpretabuntur

312 2345 345 2402 et
367 2339 578 2402 severitatem
602 2339 841 2406 moderandam
865 2362 936 2404 csse
961 2339 1150 2421 censebant,
1179 2340 1321 2405 aliorum
1343 2359 1411 2407 vern,

312 2436 369 2521 qui
393 2436 516 2500 arctius
540 2435 688 2522 regulam
712 2437 946 2524 exponendam
961 2460 1031 2504 esse
1048 2460 1276 2524 magnumque
1295 2440 1411 2523 rigorem

311 2533 517 2619 sequendum
557 2556 628 2600 esse
662 2537 863 2602 statuebant.
922 2536 1005 2601 Inde
1040 2536 1176 2622 quidem
1212 2536 1418 2601 dissensiones

312 2630 475 2716 quaedam
515 2633 601 2696 inter
634 2633 782 2699 membra
813 2633 950 2700 Ordiuis
988 2633 1250 2720 proveniebant·
1289 2644 1412 2698 attamen

310 2740 500 2794 sanctorum
527 2732 683 2813 virorum,
715 2755 743 2797 e.
767 2755 798 2818 g.
824 2755 848 2800 s.
874 2733 1140 2816 Bonaventurae,
1174 2753 1277 2817 opera
1306 2705 1418 2796 ssctnml

311 2838 370 2909 est,
401 2837 438 2891 ut
468 2830 597 2893 minora
636 2851 679 2894 ex
708 2831 780 2894 istis
813 2830 1025 2896 incommoda
1055 2841 1281 2916 sequerentur.
1327 2829 1418 2893 Extra

312 2926 421 3010 ipsum
437 2924 598 2991 Ordinem
622 2929 723 2992 etiam
747 2929 890 3010 fuerunt,
916 2929 973 3014 qui
996 2927 1145 3013 regulam
1170 2927 1415 3014 impetebantur

313 3022 463 3087 illicitum
487 3033 520 3088 et
543 3023 833 3091 inobservabilem.

403 3140 455 3206 24.
503 3140 581 3204 Jam
605 3143 820 3206 Innocentius
844 3141 892 3207 IV
929 3166 959 3206 a.
988 3141 1072 3206 1245
1104 3141 1282 3206 articulum
1305 3138 1416 3224 regulus

313 3235 353 3301 de
377 3240 599 3324 paupertate²J
631 3241 873 3326 interpretatus,
910 3239 1102 3321 declaravit,
1137 3239 1270 3304 Fratres
1294 3241 1415 3304 Minores

314 3335 357 3400 ad
372 3357 468 3400 usum
493 3337 615 3402 hebere
640 3361 735 3424 posse
751 3339 881 3420 fundos,
907 3339 1015 3421 aedes,
1040 3337 1291 3424 suppellectilia,
1315 3338 1412 3402 libros:

313 3455 428 3500 eorum
452 3457 531 3501 vero
554 3438 703 3501 omnium
723 3438 789 3523 jus,
814 3437 1000 3502 dominium
1024 3447 1058 3501 st
1080 3438 1316 3522 proprietatem
1340 3435 1415 3522 perti·

314 3555 392 3596 nere
415 3532 459 3598 ad
476 3533 702 3618 Apostolicam
724 3535 854 3617 Sedem,
880 3538 952 3599 sine
976 3536 1071 3621 cujus
1095 3555 1259 3600 consensu
1282 3533 1329 3598 illi
1351 3525 1416 3596 nihl

313 3651 427 3694 eorum
461 3631 615 3715 vendere,
652 3641 840 3718 permutare
874 3643 933 3698 aut
967 3633 1112 3698 alienare
1145 3643 1289 3720 possent.
1343 3630 1414 3694 Huic

390 3890 410 3956 ¹)
429 3889 462 3944 V.
481 3889 595 3946 Dissert.
615 3889 753 3956 XXVIII,
778 3889 830 3946 III.
858 3891 900 3944 De
920 3893 1031 3945 laterae
1049 3897 1129 3944 stolo
1150 3891 1299 3956 Ecclesiae,
1324 3905 1348 3943 n.
1367 3883 1407 3940 103

388 3987 409 4058 ’)
428 3989 551 4058 Regulae
569 4005 590 4046 s.
611 3988 748 4043 Francisci
767 4005 789 4044 c.
808 3989 862 4044 VI:
884 3989 1011 4056 „Fratres
1030 3989 1098 4044 nibil
1118 3988 1300 4057 appropriant
1319 4001 1363 4040 nec
1381 3983 1414 4034 tls»

314 4083 395 4134 mum,
421 4084 470 4124 nec
488 4071 581 4134 locum,
605 4085 654 4124 neo
672 4069 792 4136 aliquam
811 4086 874 4135 rem,
898 4071 945 4126 sed
965 4077 1093 4137 tanquam
1113 4068 1252 4138 peregrini
1270 4075 1299 4122 et
1316 4065 1417 4120 alsense

313 4149 344 4204 iu
361 4149 411 4205 boc
428 4150 534 4204 saeculo
553 4149 582 4204 in
601 4157 763 4218 paupertate
782 4156 811 4205 et
829 4150 986 4206 humilitate
1006 4151 1061 4206 Deo
1080 4149 1244 4204 famulantes
1261 4149 1360 4203 radant
1377 4157 1412 4210 pn

315 4231 485 4299 eleemosyna
503 4231 693 4286 confidenter.“
