2902 4848
426 455 469 509 De
486 455 606 509 Concilio
624 453 782 512 Basileenai.
1113 457 1166 511 ert

51 597 194 682 Concilii,
220 599 298 663 dum
325 600 518 664 convocatis
541 598 771 663 sacerdotibus
787 597 1036 664 Basileensibua
1059 598 1165 664 decla·

51 700 129 762 ravit
151 719 247 763 suam
271 699 502 783 praesentiam,
535 707 568 760 et
596 698 695 783 justa
719 698 852 762 decreta
877 696 1065 762 Concilium
1091 718 1166 783 ape-

51 797 194 860 riendum
226 817 307 862 esse.
340 833 382 844 -
414 795 491 859 Bini
523 806 633 859 autem
665 794 764 878 legati
790 819 810 859 a
834 795 1005 860 Cardiuali
1029 795 1165 861 Juliano

50 897 130 958 missi
157 893 211 958 die
235 895 293 960 23·
321 891 402 960 Julii
428 903 657 957 convocarunt
680 893 836 958 abbatem
859 893 1109 959 Vizelaccnsem
1134 904 1168 958 et

49 993 124 1057 duos
157 993 308 1057 doctores
332 991 536 1056 Parisienses
566 991 608 1055 ab
635 991 860 1056 Universitate
885 992 1068 1077 deputatos,
1108 994 1165 1076 qui

49 1112 187 1176 eousque
211 1089 269 1156 soli
296 1088 522 1153 veneruntad
548 1088 746 1169 Concilium,
777 1089 890 1153 echis
914 1109 990 1152 cum
1014 1088 1166 1175 pluribus

48 1187 170 1252 celero
185 1187 367 1252 Basileensi
393 1188 601 1270 congregatis
625 1187 658 1250 in
684 1185 782 1251 domo
807 1186 982 1272 capitulari
1007 1187 1165 1252 ecclesiae

47 1285 242 1351 cathedralis
272 1284 484 1366 Basileensis,
523 1283 749 1366 declararunt,
790 1283 976 1350 Concilium
1014 1297 1165 1370 apertum

47 1407 121 1465 esse,
146 1383 190 1448 ad
215 1387 348 1470 negotia
371 1381 546 1446 tractanda
569 1393 681 1446 tamen
707 1384 865 1469 majorem
891 1383 1027 1448 Patrum
1052 1403 1165 1447 nume·

46 1505 113 1546 rum
139 1485 323 1569 exspectari
341 1480 473 1545 debere.
514 1481 612 1544 Circa
629 1500 775 1544 mensem
792 1479 1020 1566 Septembrem
1037 1479 1166 1567 appulit

45 1579 206 1644 Basileam
228 1583 299 1666 ipse
313 1579 470 1645 Julianus
491 1576 688 1658 Cardiualis,
716 1591 749 1643 et
764 1577 882 1643 litteris
895 1581 1028 1664 seriptis
1045 1579 1166 1643 institit

45 1679 128 1764 apud
147 1681 319 1764 episcopos
341 1688 373 1740 et
399 1677 580 1761 principes,
606 1687 643 1739 ut
666 1677 707 1740 ad
727 1674 914 1742 Concilium
939 1690 1162 1763 properarent.

46 1774 153 1856 Quum
179 1797 257 1841 vero
282 1785 356 1862 post
385 1785 459 1837 octo
492 1793 622 1838 menses
653 1797 672 1837 a
702 1784 850 1860 tempore
883 1795 948 1860 quo
975 1775 1161 1839 Concilium
1174 1772 1337 1812 ⁰¹¹⁰⁰⁰¹'⁸‘²··

46 1874 265 1939 inchoandum
279 1885 350 1938 erat
362 1872 554 1960 paucissimi
568 1883 697 1938 tantum
714 1874 869 1938 adessent
885 1881 964 1956 (tres
972 1876 1118 1959 episcopi
1134 1883 1167 1938 et

45 1985 165 2058 septem
197 1970 365 2056 abbates),
399 1971 439 2036 de
464 1993 627 2036 consensu
658 1970 878 2058 praelatorum
904 1973 1042 2036 Romam
1077 1973 1168 2036 misit

44 2069 204 2136 loannem
229 2071 471 2156 Pulchripatris
495 2070 695 2156 (Beaupere)
720 2071 917 2134 canonicum
939 2070 1165 2148 Bisuntinum,

44 2169 95 2252 qui
123 2165 163 2232 de
176 2169 331 2234 omnibus
343 2169 386 2232 ad
401 2167 589 2233 Concilium
614 2167 843 2253 spectantibus
860 2168 902 2233 ad
917 2167 1104 2253 Eugenium
1116 2167 1165 2232 IV

44 2275 73 2328 et
97 2263 293 2333 Cardiuales
324 2267 470 2332 referret.
519 2266 584 2330 Hic
614 2265 656 2330 ab
681 2266 833 2350 Eugenio
866 2268 897 2329 in
925 2263 1165 2330 Consistorium

44 2363 206 2430 admissus
244 2366 429 2445 enarravit,
473 2367 692 2452 paucissimos
738 2375 866 2430 tantum
910 2366 952 2430 ad
994 2367 1165 2451 Synodum

46 2464 191 2544 venisse3
217 2463 338 2527 multos
362 2461 526 2548 praelatos
550 2462 704 2548 impediri
729 2463 824 2528 bellis
848 2465 935 2528 inter
950 2465 1166 2550 Burgundiae

45 2570 74 2621 et
97 2561 254 2624 Austriae
279 2561 391 2641 duces,
415 2561 593 2646 quominus
617 2560 783 2625 Basileum
808 2563 976 2644 venirent3
1007 2563 1167 2628 scandala

44 2681 110 2720 esse
141 2659 272 2724 infinita
295 2657 463 2738 Basileae,
497 2679 599 2744 quum
631 2659 782 2723 nonnulli
807 2659 935 2724 incolae
963 2661 1020 2725 ad·
1040 2683 1163 2727 morem

44 2753 254 2822 Hussitarum
279 2755 520 2822 ecclesiasticos
554 2771 837 2843 persequerentur,
868 2758 1000 2843 aliaque
1024 2759 1164 2840 addidit,

42 2855 86 2917 uti
113 2853 255 2936 videtur,
281 2865 492 2940 exaggerata.
529 2855 592 2919 His
616 2855 748 2934 auditis,
774 2856 945 2940 Eugenius
969 2857 1010 2921 de
1027 2856 1164 2922 consilio

42 2951 155 3016 decem
173 2952 403 3018 Cardinalium
428 2975 511 3037 quos
527 2973 640 3016 secum
660 2953 815 3036 habebat,
842 2952 1012 3019 Cardinali
1028 2955 1049 3020 J
1053 2954 1164 3019 uliano

44 3049 158 3114 litteris
182 3049 270 3116 datis
295 3049 326 3118 d.
350 3049 622 3115 12⁰Novembris
637 3051 730 3115 dedit
744 3051 934 3116 facultatem
961 3051 1163 3116 dissolvendi

40 3145 177 3214 Consilii
204 3161 236 3214 et
260 3148 467 3214 convocandi
492 3171 620 3214 novam
645 3149 816 3234 Synodum
841 3160 915 3236 post
938 3171 1063 3214 annum
1088 3172 1164 3214 cum

43 3245 179 3312 dimidio
219 3247 391 3312 Bononiae
434 3246 635 3314 habendam.
692 3247 941 3312 Commemorat
977 3252 1009 3313 in
1047 3251 1162 3314 eadem

43 3345 180 3427 epistola
210 3369 259 3426 ea,
295 3367 381 3433 quae
411 3346 560 3411 Joannes
588 3347 762 3431 Beaupere
792 3346 958 3428 retulerat,
992 3348 1050 3411 sed
1082 3348 1166 3411 dicit

42 3441 150 3524 etiam,
174 3443 311 3509 aliunde
328 3444 399 3530 jam
418 3465 459 3507 ex
477 3445 579 3507 variis
593 3442 709 3511 litteris
726 3455 758 3507 et
773 3446 899 3508 nuntiis
915 3445 1016 3509 fuisse
1033 3447 1167 3530 cognita

40 3540 184 3622 pericula
208 3552 241 3604 et
264 3539 486 3620 difficultates,
512 3563 597 3627 quae
621 3541 853 3626 prohibebant,
880 3545 1057 3628 quominus
1072 3543 1163 3608 Basi-

40 3635 107 3700 leae
131 3641 381 3704 continuaretur
405 3641 458 3702 vel
483 3642 593 3725 potius
622 3640 714 3703 lieret
738 3639 945 3723 Concilium3
979 3644 1163 3726 negotium·

40 3755 101 3819 que
131 3739 266 3802 unionis
289 3735 493 3802 Graecorum
526 3740 650 3823 pariter
678 3749 715 3802 ut
745 3741 909 3804 motivum
938 3738 1164 3804 dissolutionis

43 3833 176 3900 indicat.

125 3931 156 3998 6.
189 3933 324 3998 interim
347 3955 424 3997 vero
441 3933 591 3998 Basileus
616 3957 773 3998 numerus
797 3933 1032 4021 praelatorum,
1057 3945 1161 4000 oratu·

41 4049 109 4093 rum
134 4033 235 4095 etiam
260 4033 448 4118 principum
478 4043 577 4118 atquc
602 4030 832 4098 Cardiualium
849 4035 919 4120 qui
953 4033 1164 4098 advenerunt

41 4119 153 4193 crevit.
201 4129 412 4215 Quapropter
435 4129 591 4194 Julianus
623 4130 760 4215 legatus,
792 4133 939 4216 acceptis
971 4131 1088 4196 litteris
1120 4132 1161 4196 de

40 4221 192 4302 facultate
216 4227 419 4292 dissolvendi
445 4227 597 4312 Concilii,
622 4229 847 4310 considerans,
878 4251 1013 4294 causam
1037 4233 1162 4316 praeci·
