2858 4834
399 403 485 458 Gesta
503 402 590 469 quood
609 401 761 469 Imperium,
1094 402 1147 456 24⁷

45 559 258 636 opportunum
274 557 384 613 sutem
403 547 536 611 videtur
549 543 662 631 eliqua
676 547 794 611 afferre
809 569 852 611 ex
868 569 908 611 ee
922 546 1145 632 descriptione

45 651 144 714 nortis
166 647 244 732 ejus
274 667 360 734 quae
383 643 525 710 hebetur
547 644 637 730 apud
660 645 820 727 Martene,
845 643 1008 709 Anecdot.
1032 643 1146 708 Τ.ΙΠ.

43 771 68 832 p.
91 746 182 810 1674.
233 745 273 808 Vi
295 744 397 807 morbi
418 753 579 828 correptas
601 743 815 832 Imperator
801 767 837 807 sn
859 743 1070 829 Hareesbarp,
1094 765 1147 828 op·
1164 749 1219 791 ⁰¹⁸⁰
1221 750 1256 789 ¹²1·
1276 749 1308 788 ¹⁸

39 845 106 930 pido
134 842 302 908 Gerlariae
319 843 481 927 proaeima,
512 861 605 927 qaam
628 840 691 904 sibi
713 839 862 906 letlsvm'
849 842 1009 905 imminere
1032 837 1149 906 intelli·

40 954 121 1026 pera,
160 963 264 1006 coram
293 939 461 1026 frequenti
498 939 695 1002 sacerdotnm
732 962 850 1004 corona
879 938 994 1003 stolam
1024 937 1149 1004 albatis

41 1041 191 1129 cujusdam
221 1039 374 1124 abripuit,
409 1060 502 1124 qvam
526 1035 605 1100 collo
628 1058 685 1101 svo
710 1037 855 1116 obvolvit,
891 1061 984 1123 eopse
1008 1037 1150 1124 corporis

39 1139 137 1202 tatia
160 1159 266 1202 coram
289 1135 431 1200 omnibns
448 1143 647 1221 protestatae
670 1146 739 1199 est:
765 1133 853 1214 „snt
876 1136 934 1200 isac
956 1135 1041 1200 stola
1062 1135 1150 1199 vobis

40 1236 170 1300 omilin
199 1233 356 1319 confiteor,
387 1233 471 1319 qnod
496 1234 637 1317 praviter
663 1235 793 1320 peccavi
821 1243 932 1298 sonmo
961 1234 1065 1298 sedem
1088 1235 1150 1298 Ro·

40 1357 165 1411 nonam,
196 1343 227 1397 et
256 1355 295 1396 ea
323 1355 382 1417 qno
406 1333 562 1396 Dominus
587 1354 651 1417 per
668 1333 834 1418 principes
862 1355 909 1396 me
932 1332 1151 1410 honoraverat,

39 1434 86 1516 pri
111 1431 258 1495 unanimi
287 1445 440 1494 consensa
469 1452 516 1492 me
542 1430 579 1493 in
606 1451 709 1514 repom
737 1427 907 1516 elepaant,
938 1440 968 1493 st
995 1430 1152 1494 Dominus

41 1531 121 1614 Papa
156 1528 305 1592 electione
337 1527 522 1611 confirmata
543 1527 579 1589 in
601 1525 825 1613 Imperatorem
847 1529 1024 1592 Romanam
1048 1549 1151 1590 conse·

40 1629 139 1692 crorit.
191 1622 311 1690 Contra
333 1627 438 1711 ipsam
461 1625 585 1710 Papam
608 1648 676 1688 cvm
698 1625 828 1690 ecclesia
844 1627 1002 1706 Romana,
1027 1637 1058 1690 et
1080 1649 1153 1691 snos

40 1727 157 1788 nartiac
179 1724 236 1810 psi
257 1723 296 1786 de
320 1723 416 1786 latere
443 1722 618 1801 veniebant,
643 1745 695 1786 eos
718 1723 799 1787 male
822 1720 970 1805 tractavi,
994 1735 1152 1790 cantarna-

39 1827 107 1886 a'tsr
145 1825 211 1907 epi,
251 1831 281 1884 et
316 1822 447 1907 insuper
476 1819 624 1884 ecclesias
653 1819 739 1884 alias
768 1823 910 1906 praviter
940 1822 1151 1906 damm'flcavi.

42 1921 216 2006 Propterea,
247 1918 372 1982 domine
403 1917 511 1995 allas,
542 1919 578 1981 in
613 1917 808 1983 absolutione
838 1943 906 1983 mea
922 1923 1036 2008 juravi
1058 1941 1153 2006 svper

39 2017 183 2104 reliquias
209 2015 349 2080 Simonis
379 2027 409 2080 et
438 2016 548 2080 Jarlae
577 2039 653 2101 qvos
683 2015 792 2104 (quas)
827 2019 866 2082 de
894 2015 1046 2082 Goslaria
1077 2019 1154 2081 milri

38 2115 141 2200 afferri
157 2136 397 2201 praeceperam,
421 2113 505 2199 qvod
528 2113 572 2177 aa
595 2115 701 2178 omnia
724 2138 803 2201 qnae
826 2117 894 2180 vita
916 2118 1025 2180 comite
1041 2138 1154 2203 prose-

37 2217 84 2298 psr'
101 2225 226 2300 potero,
256 2211 346 2275 stabo
370 2212 521 2276 mandato
544 2213 677 2277 Domini
698 2213 819 2299 Papae,
851 2213 939 2278 salvo
967 2224 1072 2277 tamen
1094 2213 1153 2277 Im-

35 2314 115 2396 perio
141 2333 221 2388 meo,
251 2310 296 2372 ad
318 2309 402 2394 qnod
424 2312 572 2374 canonice
599 2333 667 2374 snm
689 2309 804 2376 eleetos
827 2323 857 2376 et
880 2311 1059 2376 solemniter
1075 2333 1153 2398 pro-

39 2417 164 2476 tectas!
219 2409 295 2472 Tnm
319 2431 438 2472 cracem
460 2431 554 2494 qnam
577 2419 801 2495 assumpserat,
825 2410 899 2473 clam
916 2432 949 2474 se
971 2412 1006 2474 in
1030 2433 1155 2474 sacram

39 2509 264 2595 erpedttionen
287 2505 451 2593 olliparet,
476 2506 564 2570 etad
579 2507 615 2571 ia
630 2530 726 2593 usqae
749 2507 805 2572 snb
828 2507 965 2572 vesabas
987 2507 1153 2587 celaverat,

37 2605 136 2690 palam
151 2605 306 2670 revelavit
322 2603 563 2690 spoponditque,
586 2627 619 2668 se
642 2606 677 2668 in
694 2627 817 2669 sacram
840 2606 1070 2692 sepelitionem
1077 2629 1154 2692 pro·

40 2727 197 2782 renonem,
223 2703 376 2788 siqnidem
397 2700 635 2768 convalesceret.
671 2701 742 2776 Qua
760 2725 854 2768 sacra
865 2703 1065 2790 professione
1088 2704 1155 2768 rita

39 2801 160 2865 solemni
190 2801 315 2866 absolvi
345 2802 552 2888 repoposcit,
584 2823 713 2887 corpore
744 2801 788 2865 acl
809 2801 940 2866 verbera
967 2801 1156 2888 accipienda

40 2901 159 2966 tardato.
212 2900 273 2962 His
297 2897 438 2962 omnibvs
458 2900 610 2984 peractis,
641 2920 805 2984 supremas
828 2900 1006 2964 testamenti
1029 2898 1155 2962 tabulas

40 2997 124 3060 ser-ili
137 3000 253 3087 jussit,
276 2997 435 3061 mandans
458 2997 598 3060 Hernico
620 2996 772 3061 Palatino
796 2999 902 3062 comiti
924 2999 1037 3076 Rheni,
1061 3009 1097 3061 vt
1119 3001 1155 3062 in

39 3096 207 3159 custodiam
229 3117 320 3158 snam
342 3097 498 3181 accipmret
520 3095 662 3179 insipnia
683 3095 876 3182 imperialia,
910 3096 1075 3181 sedeatque
1095 3117 1156 3182 per

42 3195 144 3276 ripinti
166 3194 365 3279 septimanas
383 3202 461 3278 post
484 3192 640 3256 decessum
664 3215 752 3256 srsam
766 3205 974 3272 conservaret,
998 3195 1073 3258 dein
1092 3205 1154 3257 tra·

41 3289 117 3353 leret
146 3289 296 3354 manibus
326 3287 425 3368 illins,
460 3313 548 3376 qvem
574 3292 742 3377 principes
770 3294 963 3355 anartimiter
995 3291 1154 3377 eleperint,

42 3398 89 3448 aot
104 3390 296 3475 imperatori
318 3385 439 3452 mmnlo
464 3411 531 3466 sno,
556 3389 585 3451 si
593 3390 758 3474 principes
782 3391 816 3453 in
840 3413 907 3454 eam
930 3391 1154 3454 consenserint.

45 3486 212 3550 »mandam
243 3485 319 3549 hoec
357 3487 425 3549 vita
462 3508 494 3549 se
531 3487 662 3550 destitui
701 3485 897 3574 intellipcns,
935 3487 1156 3552 eucharistiam

40 3584 123 3664 petiit
146 3585 315 3668 statimqne
338 3585 485 3668 spiritam
508 3583 670 3648 eaelralam't
693 3585 745 3648 die
768 3587 829 3648 23⁰
849 3585 934 3674 MaJ'i
957 3584 1155 3672 (secundum

45 3677 112 3744 elios
135 3680 191 3744 die
220 3679 278 3743 19⁰
300 3679 405 3766 Meji).
417 3681 441 3762 ¹)

120 3779 173 3844 27.
223 3778 263 3842 In
286 3777 349 3842 hac
372 3777 531 3843 relatione
554 3777 637 3843 illud
660 3779 902 3844 advertendum
927 3781 1029 3860 venit,
1059 3781 1086 3843 si
1110 3789 1156 3844 ts·

47 3893 108 3939 men
138 3897 256 3939 verum
291 3887 348 3958 est,
381 3876 470 3963 quod
503 3877 543 3941 de
568 3877 773 3942 restrictione
807 3877 929 3941 dicitur
952 3899 1052 3963 quom
1077 3879 1157 3942 tecit

108 4106 126 4174 ¹)
143 4105 285 4160 visionem
313 4105 347 4160 de
374 4105 465 4160 animo
483 4104 592 4159 Ottonis
619 4103 702 4159 hebes
721 4119 763 4173 sp.
783 4103 875 4159 Thom.
896 4105 1047 4175 cantiprat.
1067 4105 1099 4160 Ιι,
1118 4105 1154 4162 11.

48 4197 65 4234 r.
82 4186 118 4238 it.
136 4203 161 4240 a
183 4189 225 4241 19.
247 4217 278 4227 -
298 4186 432 4254 Bsynsld,
452 4185 486 4239 sd
505 4202 528 4240 s.
550 4185 629 4242 1218.
648 4187 691 4240 38.
