2832 4844
231 421 269 474 De
289 420 439 472 Socraticae
462 417 639 488 l'raprnatica
659 431 680 470 s.
699 413 830 468 Ludovici
850 413 897 466 lX.
1076 412 1129 466 455

48 563 181 628 ecclesiam
205 561 397 627 orientalem
422 563 623 636 effutierant,
659 581 698 622 ac
723 560 856 622 demum
880 559 1056 642 petierunt,
1089 578 1129 618 ne

46 665 92 738 reci
112 662 231 726 decima
255 663 290 726 in
314 671 421 724 terrae
437 668 570 723 sanctae
585 656 769 722 subsidium
788 655 1033 720 concederetur.
1068 653 1129 716 Re-

47 759 103 844 pulit
122 771 280 824 oratorum
312 757 402 822 dicta
426 756 579 822 Clemens
609 764 707 840 atquo
736 755 894 838 subjectis
926 754 1141 835 argumentis.

44 859 122 940 t'rsgit,
143 859 232 940 gravi
258 855 396 941 epistola
420 854 463 918 ad
480 852 626 939 capitula
650 862 683 916 et
707 852 849 916 decanos
871 850 1029 915 ecclesiae
1053 847 1130 914 Gal-

44 955 140 1018 licanae
155 956 240 1018 data.
288 952 461 1038 Exprobat
481 954 571 1037 ipsis,
596 950 683 1036 quod
700 952 734 1014 in
752 960 865 1014 sancto
881 971 958 1032 rege
977 946 1130 1033 juvando

42 1053 109 1115 laicis
130 1053 296 1116 inferiores
320 1052 395 1114 sint.
444 1051 569 1131 Nonne,
599 1049 722 1129 scribit,
751 1049 871 1133 pudere
895 1047 985 1110 debet
1005 1047 1300 1131 par-itaclenuredsr

42 1163 61 1205 a
79 1151 196 1226 taedam,
226 1149 309 1234 quod
340 1149 384 1211 ad
406 1147 640 1233 impediendum
673 1168 829 1210 commrsne
858 1146 1022 1231 r·ali9ionis
1054 1145 1130 1206 cliri-
1178 1119 1260 1166 ''mnu‘'

40 1249 136 1310 ‘tianae
158 1273 193 1311 ac
212 1247 291 1330 fidei
307 1245 499 1310 orthodoxae
514 1247 679 1330 crepationi,
704 1247 748 1307 sic
771 1245 867 1308 centri
885 1265 1061 1330 prorupere
1084 1263 1131 1304 oo·

41 1355 118 1420 artas,
140 1357 172 1408 ut
196 1357 299 1408 terrae
317 1343 507 1430 praedictae
539 1344 631 1428 quasi
654 1343 794 1406 totaliter
825 1343 969 1405 manibus
993 1341 1130 1402 inimico·

39 1467 87 1502 ann
107 1445 276 1528 expositae,
308 1451 417 1505 tantae
442 1442 694 1526 opportunitatis
724 1452 869 1526 tempore,
895 1439 1065 1528 praedicto
1089 1438 1132 1500 ci·

39 1539 125 1603 alien
146 1541 405 1604 christianissimo
429 1561 499 1623 rope
524 1563 591 1602 ιιιττι
614 1539 781 1602 multonem
799 1548 980 1624 mapuatuns
1003 1546 1033 1600 et
1056 1535 1133 1598 alio·

39 1661 85 1697 run
112 1640 197 1722 repni
227 1638 385 1701 Francius
417 1637 670 1722 diversarumque
695 1639 840 1722 partium
869 1635 1070 1699 multitudine
1101 1655 1134 1696 se

39 1734 69 1794 od
87 1735 166 1798 illius
185 1747 406 1822 praeparante
429 1735 614 1810 srrlsidinm,
639 1757 750 1797 manus
775 1732 893 1798 ausilii
915 1732 1134 1797 subtrahatur:

36 1859 84 1894 ‹.·an
105 1835 255 1896 decuisset
277 1857 331 1896 ros
348 1834 460 1918 potins
483 1833 719 1895 armiliatricem
747 1830 952 1894 liberalitatis
975 1829 1133 1914 offerendo

37 1930 184 2008 dederam,
209 1930 319 1994 celeris
344 1929 513 1993 oblationis
530 1931 762 2015 prorntitudine
786 1932 821 1992 iu
844 1930 898 1992 lroc
922 1929 1019 1992 laicos
1040 1951 1133 2013 prae·

37 2032 139 2092 rfnisse.
171 2079 179 2092 .
290 2029 435 2112 Profecto
468 2031 552 2114 repis
584 2028 696 2091 saltent
728 2030 891 2092 memorati
923 2027 1134 2090 consideratio

35 2125 161 2188 telana
190 2126 278 2190 robis
307 2129 342 2188 in
375 2127 417 2188 iis
446 2125 606 2189 silentium
635 2127 803 2202 indiscissa,
834 2138 868 2189 ut
899 2126 1135 2188 corrsiderantes

34 2227 172 2302 attentius,
196 2225 336 2310 qualiter
352 2226 418 2310 ipse
443 2223 687 2287 odoindicanda
711 2226 762 2286 sui
778 2225 997 2310 Redemptoris
1022 2215 1134 2308 opp'ro-

35 2319 94 2396 ln'n,
117 2346 175 2384 sua
199 2321 345 2408 effundit,
370 2347 438 2384 curn
462 2323 495 2385 in
521 2324 624 2407 ipsunt
643 2345 722 2384 onais
744 2323 837 2406 quasi
860 2325 954 2385 totius
977 2324 1027 2384 sui
1049 2342 1134 2384 eaer-

31 2421 92 2482 aas
114 2421 318 2505 refundatur,
343 2421 510 2506 postponit
531 2443 677 2502 reptant,
709 2443 740 2482 se
765 2445 801 2483 ac
825 2443 897 2483 suos
921 2421 1061 2506 exponit,
1086 2420 1136 2482 ori

33 2531 111 2578 retro
133 2519 311 2581 custodiam
343 2529 374 2580 et
403 2520 515 2580 ostiam
548 2519 804 2580 circumstantiae
837 2518 933 2581 labiis
961 2519 1133 2604 poneretis,

32 2639 55 2671 nr*
76 2617 109 2677 de
124 2621 342 2710 caprarumque
360 2615 573 2678 ruderationis
588 2617 782 2678 concessione
799 2615 861 2680 sibi
880 2617 924 2679 ad
939 2617 993 2679 lroc
1008 2615 1134 2700 facien-

30 2711 73 2774 dao·
96 2739 234 2778 murmur
257 2725 442 2798 oltemperet,
468 2725 524 2776 aut
542 2715 738 2798 qraeriasonia
751 2725 923 2791 resonaret,
942 2714 1136 2800 praesertim

28 2836 100 2892 pram
124 2835 164 2876 ra·
188 2835 223 2874 eo
248 2813 395 2874 nimirum
420 2835 475 2874 ros
502 2813 693 2875 conscientia
724 2813 848 2875 dederet
880 2835 1020 2898 anparere,
1052 2810 1136 2896 quod

28 2907 103 2972 laras
125 2933 225 2974 onera
247 2912 360 2994 procia
390 2908 473 2972 ultro
498 2921 607 2994 sponte
640 2910 842 2974 srrbcuntibns
862 2933 922 2996 pro
947 2921 1011 2972 tam
1034 2932 1135 2972 neces·

26 3010 96 3068 sario
119 3009 267 3092 cruciflm
290 3007 445 3092 obsequio,
469 3031 524 3071 cos
547 3009 685 3085 incitati,
719 3011 874 3072 contracti
905 3009 1008 3072 subire
1041 3009 1137 3070 etiam

27 3101 91 3168 laia
115 3107 312 3186 reomatis.¹)
361 3106 472 3186 Quum
498 3108 599 3189 igitur
632 3105 695 3169 hac
725 3109 850 3171 ratione
883 3105 1041 3171 scriberet
1065 3102 1135 3168 Ole-

26 3223 102 3266 nens
115 3205 164 3269 IV
190 3226 305 3268 mense
330 3203 517 3288 Septembri
541 3205 620 3268 anni
641 3205 736 3285 1267,
761 3214 794 3267 et
817 3206 851 3268 in
876 3204 1024 3268 favorem
1048 3203 1136 3286 regis

26 3304 291 3366 contributionem
316 3299 402 3365 clero
427 3304 601 3386 imponens
625 3303 760 3367 triennii
785 3303 932 3366 decimas
955 3302 985 3364 ei
1010 3299 1134 3385 petenti

24 3403 236 3482 concessisset,
262 3401 336 3485 quis
360 3399 422 3463 sibi
448 3399 647 3484 persuadere
671 3403 783 3486 possit,
807 3399 997 3465 annotasti
1021 3419 1135 3461 mense

25 3495 125 3562 ilanio
151 3498 365 3562 Ludovicum
390 3497 535 3561 edictum
560 3521 635 3562 acre
651 3498 793 3562 edidisse
815 3509 929 3562 contra
944 3497 1137 3560 exactiones

23 3599 117 3660 curiae
140 3597 341 3662 Romanae?
387 3596 451 3660 Per
474 3618 508 3659 se
527 3597 599 3681 jam
622 3595 713 3660 haud
737 3597 916 3661 verisimile
940 3606 998 3676 est,
1024 3597 1134 3659 incon·

23 3691 92 3757 solta
120 3693 210 3760 Sede
236 3694 428 3779 Apostolica
457 3716 567 3779 regem
600 3696 693 3779 pium
727 3695 880 3759 ordinare
910 3694 1054 3758 voluisse
1081 3715 1137 3758 ros

23 3791 251 3856 ecclesiasticas
275 3793 366 3876 regni
391 3793 452 3873 sui,
478 3793 536 3856 sed
561 3813 598 3856 eo
623 3802 769 3877 temporo
793 3807 893 3878 quam
920 3794 1064 3856 maxime
1087 3791 1135 3854 in·

22 3902 115 3973 eptam
141 3891 265 3955 fuisset
288 3889 449 3974 ejusmodi
475 3891 571 3954 edere
597 3889 837 3974 Soractionern.²)

82 4062 100 4123 ¹]
118 4059 256 4128 Rasnald.
277 4075 300 4112 a.
323 4061 398 4114 1267.
420 4075 463 4112 nn.
484 4059 526 4116 58.
547 4059 589 4114 59.

80 4142 101 4206 ²)
119 4141 254 4209 Beugnot
273 4139 301 4192 in
319 4155 368 4192 sna
381 4139 535 4193 defensione
548 4140 700 4206 genuitatis
714 4139 867 4193 Sanctionis
880 4137 1074 4207 pragmaticae,
1093 4135 1136 4189 ni·

23 4227 79 4272 ntnr
95 4223 259 4276 documento
284 4219 413 4288 inscripto
434 4221 612 4288 ,gravamina
631 4220 760 4275 ecelesiae
780 4221 962 4285 Gallicanae“‚
988 4219 1060 4272 edito
1080 4217 1134 4284 pri·
