2822 4838
295 433 350 488 258
563 429 664 488 XXVI.
686 432 724 486 Da
744 431 908 490 Pontificatu
927 433 1083 490 Innocentii
1102 432 1151 490 lIL

272 565 366 662 'ejus
397 573 609 658 magnatibus
640 575 820 640 honorifice
850 599 890 640 sc
922 577 1042 642 devote
1065 585 1228 661 receptus,
1258 575 1338 640 fecit
1359 579 1399 640 im

295 674 412 760 prinis
434 673 583 740 ecclesiia
606 683 639 737 et
661 672 893 740 aeclesiasticis
917 675 999 738 viris
1022 673 1064 738 de
1079 673 1210 738 demnis
1233 683 1266 736 et
1290 675 1399 758 injurii:

295 772 447 838 satisfieri
472 780 700 856 congruenter,
732 793 773 838 ao
807 771 929 836 deindo
952 773 1100 856 reginam
1126 770 1262 836 deloco
1296 773 1330 834 in
1354 789 1400 856 qut

295 869 403 934 luerat
425 869 468 934 ad
492 868 660 956 quoddam
684 868 794 954 regale
818 879 963 934 castrum
986 869 1032 952 (S.
1056 869 1179 954 Leger)
1202 867 1338 948 adduci,
1361 867 1400 932 ub

295 967 527 1054 praesentibus
551 966 810 1052 archiepiscopis
842 977 875 1031 et
907 968 1072 1052 episcopis
1102 969 1261 1052 regnique
1288 989 1400 1050 magna

295 1064 395 1146 tibus,
427 1075 550 1130 ettam
575 1063 653 1130 cleri
678 1088 777 1151 quam
803 1065 915 1152 populi
941 1065 1154 1130 multitudine
1186 1066 1331 1150 copiosa,
1361 1087 1400 1126 rei

296 1161 339 1226 ad
364 1162 557 1227 mandatum
581 1163 681 1248 legati
713 1166 863 1250 reginam
892 1166 1028 1249 recepit,
1064 1164 1190 1228 faciens
1215 1165 1249 1228 in
1274 1165 1401 1228 animan

296 1281 390 1324 suam
409 1260 756 1344 juramentolirmsri,
787 1262 876 1348 quod
900 1261 1081 1326 honorifice
1113 1283 1187 1326 eam
1211 1269 1248 1324 ut
1271 1263 1401 1345 reginau

297 1369 453 1422 tractaret
482 1369 515 1422 et
543 1359 669 1445 absque
694 1360 824 1446 judicio
850 1359 1019 1424 Ecclesiae
1050 1381 1117 1423 non
1141 1359 1333 1422 dimitteret.
1377 1357 1401 1420 E

297 1458 345 1520 sie
382 1458 452 1541 ipse
487 1456 632 1542 Legatus
670 1459 869 1522 sententiam
905 1456 1090 1538 interdicti,
1129 1477 1213 1542 quae
1251 1477 1314 1542 per
1350 1467 1401 1518 oct

298 1576 427 1618 menses
450 1554 637 1636 duraverat,
662 1555 827 1620 relaxavit
849 1577 925 1620 cum
950 1553 1053 1618 multo
1069 1554 1191 1640 gaudio
1209 1563 1242 1617 et
1256 1552 1402 1642 applausi

298 1651 367 1733 (die
384 1653 420 1714 7⁰
436 1650 639 1737 Septembris
663 1655 743 1718 anni
764 1651 872 1738 1200).
920 1651 986 1717 Sed
1010 1651 1160 1718 nonnulli
1185 1650 1248 1715 sibi
1266 1651 1402 1738 (Legato

299 1750 529 1832 detraxerunt,
568 1751 656 1836 quod
689 1750 861 1836 apostolici
891 1751 1040 1816 mandeti
1069 1750 1176 1815 forma
1206 1749 1359 1833 neglecta
1387 1751 1402 1814 it

298 1847 992 1935 quibusdamsuperficialiterprocessisset.
1017 1847 1300 1934 superinductam
1314 1862 1402 1912 suten

297 1967 357 2010 rex
380 1969 400 2010 a
424 1948 492 2010 suis
516 1949 683 2032 separavit
705 1946 925 2034 amplexibus,
959 1947 1016 2010 sed
1040 1970 1060 2011 a
1083 1947 1176 2031 regni
1208 1945 1336 2010 finibus
1359 1967 1403 2044 nup

298 2042 449 2126 exclusit,
479 2047 559 2131 quia
590 2046 730 2128 gravide
758 2056 828 2110 erat
858 2055 891 2109 et
917 2047 1027 2131 partui
1053 2046 1126 2131 jam
1150 2046 1275 2109 vicina.
1324 2045 1403 2112 Porrl

300 2163 433 2205 causam
467 2144 570 2227 ipsius
594 2143 760 2208 Dominus
785 2143 963 2230 judicavit,
996 2145 1075 2229 quia
1099 2152 1173 2228 post
1195 2151 1331 2228 partum
1355 2163 1403 2226 gra

300 2241 569 2323 viterinfirmsta,
586 2240 736 2307 debitum
753 2243 863 2306 carnis
878 2241 1049 2322 exsolvit,“
1068 2242 1177 2328 (initio
1189 2241 1267 2304 anni
1282 2239 1403 2320 1201).¹

142 2361 272 2412 rugosum
389 2356 442 2420 39.
489 2355 678 2441 Ingeburga
719 2355 910 2440 solemniter
937 2365 974 2420 ut
1002 2357 1118 2441 regina
1149 2355 1308 2436 adducta,
1345 2365 1404 2440 et,

165 2426 252 2475 ’ψ’
299 2476 389 2539 rege,
429 2456 582 2539 quamvis
615 2456 737 2536 invite,
777 2456 812 2520 in
844 2457 905 2519 isto
939 2465 1108 2518 conventu
1140 2465 1276 2538 recepta
1309 2454 1404 2518 fuerat

299 2551 479 2616 Insistebat
493 2561 604 2616 tamen
622 2551 798 2638 Philippus
814 2555 849 2616 in
866 2574 924 2616 suo
939 2554 1106 2638 proposito
1124 2574 1196 2616 eam
1222 2547 1404 2614 dimittendi

300 2658 333 2714 et
355 2647 553 2734 postulabat,
584 2659 621 2714 ut
645 2673 745 2714 causa
770 2651 904 2715 divortii
929 2651 970 2714 ob
995 2649 1191 2714 affinitatem
1215 2659 1404 2712 tractarcuu

300 2746 399 2812 Unde
430 2756 589 2812 statutum
622 2746 686 2812 fuit
715 2771 736 2812 a
766 2747 884 2832 legato,
923 2759 960 2812 ut
990 2759 1064 2834 post
1096 2769 1155 2810 sex
1187 2768 1330 2826 menses,
1368 2765 1404 2808 se:

300 2843 536 2926 hebdomades,
562 2868 686 2932 sexque
706 2846 778 2910 dies
802 2847 836 2910 in
860 2846 987 2930 synodo
1011 2844 1245 2912 Suessionibus
1270 2839 1404 2908 habenda

300 2944 364 3006 ista
387 2965 488 3006 causa
522 2952 727 3025 tractaretur,
758 2965 883 3029 rexque
906 2944 1037 3008 Daniae
1063 2941 1212 3008 Canutus
1236 2941 1291 3006 III
1327 2943 1404 3005 etian

301 3062 341 3103 es
364 3039 405 3103 de
429 3061 463 3103 re
487 3041 606 3104 certior
628 3041 735 3106 factus
758 3053 821 3122 est,
850 3051 888 3105 ut
910 3043 1019 3106 missis
1043 3041 1170 3105 nuntiis
1202 3041 1325 3104 sororia
1349 3061 1402 3101 sua

302 3159 436 3202 causam
466 3140 550 3201 tueri
580 3149 698 3224 posset
745 3141 883 3204 Interim
908 3161 986 3203 vero
1011 3138 1200 3224 lngeburga
1233 3139 1356 3201 iterum
1390 3157 1404 3198 u

302 3237 436 3320 captiva
460 3235 574 3301 habita
597 3246 647 3301 est
669 3260 689 3301 a
705 3259 791 3322 rege,
816 3239 930 3302 necin
947 3239 1051 3323 ipsius
1068 3235 1186 3301 sacello
1212 3237 1285 3321 ejus
1307 3255 1404 3300 nomer

303 3336 337 3398 in
368 3334 573 3398 orationihus
603 3337 787 3400 recitatum.
834 3335 943 3399 Etiam
976 3357 1015 3398 ea
1046 3336 1080 3398 in
1108 3357 1144 3399 re
1175 3356 1241 3399 non
1266 3331 1404 3397 satisfeci

303 3429 477 3516 Philippus
509 3453 552 3494 ex
583 3434 710 3516 integro
746 3432 911 3497 mendatis
934 3433 1114 3514 Pontificis,
1147 3430 1235 3518 quod
1259 3431 1404 3516 Agnetsu

303 3551 369 3594 non
393 3539 487 3592 extra
510 3551 648 3614 regnum
673 3530 751 3594 duci
775 3540 914 3614 curaret,
947 3530 1015 3612 sed,
1041 3552 1143 3616 quum
1166 3529 1309 3614 gravida
1334 3541 1404 3592 esset

304 3629 339 3692 in
363 3626 496 3692 castello
519 3630 610 3712 regio
634 3626 766 3715 (Passy)
790 3650 862 3692 esm
888 3639 1044 3693 servaret.
1091 3627 1181 3692 Hinc
1205 3626 1404 3714 quorumdan

304 3725 466 3812 querelae,
498 3726 587 3811 quod
610 3725 757 3812 Legatus
780 3729 948 3791 remissius
972 3728 1101 3810 egisset,
1133 3748 1233 3813 quem
1257 3747 1301 3790 ex
1325 3724 1404 3788 alter

304 3834 397 3911 parte
428 3824 602 3910 Philippus
632 3825 821 3902 accusabat,
852 3825 940 3910 quod
973 3825 1088 3889 durius
1120 3825 1229 3910 ipsum
1259 3829 1404 3886 tractaret

305 3924 519 3988 Innocentius
536 3922 587 3986 ΙΙΙ
603 3943 681 3986 vero
704 3920 821 3987 litteris
837 3923 966 3986 monuit
981 3943 1103 4006 regem,
1129 3930 1165 3984 ut
1181 3920 1315 4006 plenam
1331 3919 1404 3984 liber

304 4031 406 4086 tatem
430 4020 638 4106 Ingeburgae
662 4019 868 4086 concederet.
