3000 4838
298 417 332 472 66
503 417 606 472 XXIII.
625 417 666 472 De
683 423 760 471 statu
778 417 878 472 Enalos.
897 418 981 486 priori
1000 419 1087 475 mulio
1106 437 1174 476 sose.
1196 423 1258 477 ΧΗ.

133 559 273 662 Ῑέοᾞῃῖόᾞ
298 559 476 625 Matirildae
498 561 582 646 quod
604 563 710 646 utique
734 561 774 624 ab
798 585 836 626 ea
859 561 950 626 beato
974 564 1067 627 Petro
1090 576 1213 630 constat
1236 589 1300 632 resse
1323 568 1421 634 coila·

142 683 267 725 uarum..
296 669 370 740 tum,
393 658 481 724 uobis
504 660 721 722 committimus
744 671 774 722 et
797 682 837 723 em
853 659 1058 746 Apostolieao
1075 660 1167 727 Sedis
1183 663 1422 750 dispensatione

295 757 501 836 concedimus,
527 769 619 842 atque
642 758 878 843 inpraesentia
892 759 1038 846 fratrum
1061 770 1239 825 nostrorum
1248 763 1421 850 archiepis·

293 878 451 941 soporum,
468 857 694 942 cpiscoporum,
711 853 869 934 abbatum,
885 879 941 919 nec
959 878 1023 922 non
1033 859 1217 944 principum
1227 871 1256 923 et
1267 859 1422 925 baronum

288 977 351 1038 per
366 951 519 1017 annulum
535 954 726 1032 investimus,
750 955 799 1017 ita
814 953 959 1018 videlicet
973 965 1009 1018 ut
1025 968 1148 1019 centum
1170 956 1272 1022 libras
1294 962 1423 1044 arpenti

293 1049 426 1136 sinpodis
450 1051 544 1114 annis
566 1050 657 1114 uobis
681 1061 711 1114 et
734 1050 961 1116 successoribus
982 1055 1101 1117 nostris
1124 1054 1279 1134 eaesoloas,
1303 1067 1423 1142 etpost

221 1157 222 1162 ’
294 1159 379 1213 tuum
402 1148 520 1213 obitum
536 1151 723 1235 proprietas
746 1148 856 1238 adjus
873 1159 903 1212 et
918 1150 1092 1214 dominium
1107 1162 1236 1216 sauctae
1250 1153 1422 1218 Romanas

293 1245 439 1312 ecclesiae
470 1271 537 1310 cum
561 1247 742 1333 intepritate
765 1245 881 1332 absque
904 1247 1113 1312 diminutione
1145 1261 1174 1314 et
1200 1249 1347 1314 molestia
1370 1275 1420 1317 re·

293 1357 441 1411 uertatur.
532 1343 595 1417 Qui
617 1367 689 1408 aero
714 1365 801 1408 arces
826 1346 961 1410 tenuerit
983 1345 1032 1408 vel
1054 1358 1156 1410 rector
1179 1357 1282 1412 terrae
1297 1348 1420 1435 fuerit,

292 1443 380 1508 boato
405 1445 498 1508 Petro
532 1453 562 1505 et
591 1441 683 1507 nobis
705 1443 883 1527 nostrisque
907 1444 1134 1509 successoribus
1156 1444 1342 1520 fidelitatem
1357 1447 1419 1532 fu·

291 1542 387 1605 aiant.
439 1539 602 1606 Caeterum
636 1563 700 1626 pro
731 1541 865 1604 caritate
895 1551 1000 1607 uestra
1036 1541 1138 1606 mobili
1171 1545 1239 1608 uiro
1274 1545 1419 1610 Hearico

290 1639 451 1704 Bouariae
476 1639 551 1703 duci
571 1660 684 1723 persero
706 1648 808 1702 uestro
833 1648 863 1702 et
877 1637 972 1722 filiae
995 1651 1116 1704 uestras
1133 1643 1230 1706 umori
1242 1645 1309 1730 ejus
1333 1667 1419 1706 eam·

290 1737 360 1802 dem
384 1749 501 1802 terram
524 1760 591 1800 oum
608 1737 763 1824 praefato
794 1759 887 1800 censu
911 1747 941 1799 et
964 1738 1158 1824 supradictis
1181 1739 1420 1805 conditionibus

290 1835 475 1922 Apostolicu
500 1833 713 1898 benedictione
737 1833 943 1913 concedimus,
968 1836 1016 1898 ita
1042 1847 1156 1914 tamen,
1181 1849 1216 1901 ut
1238 1837 1321 1900 idem
1347 1839 1420 1902 drea:

237 1969 243 1980 ·
289 1919 458 1997 hominium
473 1934 585 2020 faciat
607 1942 638 1995 et
658 1931 843 2008 fidelitatem
874 1931 965 1996 beato
990 1933 1082 1997 Petro
1107 1959 1143 1998 ac
1166 1934 1258 1999 nobis
1281 1939 1417 2000 nostris-

289 2054 346 2116 que
384 2028 612 2094 successoribus
640 2032 739 2118 juret.
791 2031 867 2093 Post
896 2053 1027 2114 quorum
1063 2030 1181 2095 obitum
1209 2034 1419 2118 praedictum

288 2131 464 2192 comitissae
488 2126 657 2192 Maeotidis
688 2125 843 2191 allodium
870 2127 915 2191 ad
938 2132 996 2215 jus
1026 2139 1057 2192 et
1086 2129 1259 2194 damiuium
1282 2143 1416 2196 sanetae

288 2229 453 2290 Romanae
476 2226 632 2306 ecelesias,
658 2227 737 2289 siout
760 2248 860 2310 supra
882 2226 999 2289 dictmn
1011 2239 1065 2308 est,
1082 2229 1236 2312 intumum
1252 2239 1282 2291 et
1295 2228 1417 2315 absque

288 2325 496 2390 diminutione
521 2335 613 2410 atque
636 2321 826 2409 difficultate
851 2323 961 2410 aliqua
983 2325 1164 2404 reducatur,
1194 2325 1281 2390 salvo
1306 2335 1418 2392 tamen

287 2445 408 2510 semper
434 2425 468 2488 in
500 2421 642 2486 omuibus
669 2421 807 2511 ejusdem
830 2433 958 2485 sanctae
982 2423 1146 2486 Romanae
1170 2421 1317 2488 ecclesiae
1333 2428 1416 2514 jure

287 2543 324 2584 ac
342 2523 553 2608 proprietate.
561 2517 586 2606 ¹)
613 2518 896 2600 Lothoriusfortc,
921 2521 1075 2604 quamvis
1096 2521 1327 2585 investituram
1351 2543 1418 2607 per

286 2616 446 2682 annulum
462 2619 637 2703 acciperet,
663 2616 848 2681 hominium
864 2617 1019 2681 Pontifici
1036 2615 1128 2682 haud
1144 2620 1325 2704 praestitit3
1351 2619 1416 2685 sed

286 2714 471 2779 hominium
510 2714 747 2801 praestandum
787 2723 875 2778 certo
915 2724 985 2778 erat
1015 2714 1163 2779 Honrioo
1196 2714 1419 2801 Imperatoris

285 2835 416 2896 gonaro,
442 2815 495 2877 cui
513 2812 600 2878 illico
618 2812 776 2878 allodium
800 2822 874 2898 post
897 2811 990 2877 illum
1016 2815 1229 2878 commissum
1252 2814 1325 2878 fuit.
1356 2815 1418 2881 Ita

285 2921 396 2975 autom
419 2933 489 2976 rem
512 2911 696 2998 Imperator
719 2911 891 2996 disposuit,
923 2921 960 2974 ut
983 2912 1010 2974 si
1035 2921 1217 2976 moreretur
1240 2911 1328 2977 bono.
1351 2912 1417 2980 ills.

284 3008 489 3095 amplissima
512 3019 622 3074 tamen
647 3020 684 3072 ut
706 3009 807 3073 feudo
821 3008 916 3074 Sedis
932 3007 1145 3094 Apostoliose
1161 3010 1265 3095 ipsius
1284 3030 1416 3094 genero

284 3110 533 3188 remanerent.²)

374 3215 427 3280 83.
475 3213 587 3294 Quum
611 3212 791 3278 Lothorius
815 3215 927 3298 copias
950 3235 1018 3278 non
1042 3211 1180 3278 haberet
1203 3211 1345 3297 validus,
1374 3227 1417 3280 ut

284 3315 393 3376 varias
416 3311 533 3376 Italiae
551 3321 666 3397 ,partos
690 3311 732 3376 ad
757 3310 995 3398 subjectionem
1020 3311 1193 3394 redigeret,
1219 3313 1254 3376 in
1269 3309 1413 3377 Germa·

357 3563 376 3623 ¹)
397 3563 446 3629 Ap.
466 3559 629 3625 Wsttcrioh,
649 3559 685 3613 11.
706 3559 768 3614 209.

237 3665 242 3675 ¹
355 3641 373 3703 ²)
393 3643 435 3696 Ad
455 3641 584 3710 ejusmodi
603 3640 727 3696 Lothsrii
747 3639 779 3693 ob
798 3637 898 3693 allodis
909 3637 1050 3694 uothildis
1069 3636 1238 3692 vasallitium
1256 3635 1413 3704 portinent,

282 3729 413 3789 quantum
432 3721 548 3787 videtur,
567 3727 634 3776 nats
652 3721 700 3776 ills
719 3719 808 3784 verbs,
836 3725 965 3773 contento
982 3717 1105 3772 versibus
1123 3715 1262 3784 inscriptis
1280 3716 1414 3784 picturas

281 3804 387 3857 ouidsm
411 3801 440 3855 in
459 3801 563 3868 pslstio
582 3801 768 3856 Lutersusnsi.
805 3799 838 3854 In
863 3799 956 3853 sudem
982 3799 1092 3866 pictum
1109 3796 1255 3852 Lothsrius
1279 3809 1412 3853 coronam

281 3883 379 3951 recipit
397 3897 412 3936 o
430 3881 553 3936 moribus
571 3881 720 3946 Pontificis,
740 3887 769 3934 et
787 3879 916 3947 adscripti
935 3885 1000 3932 sunt
1018 3877 1066 3932 isti
1085 3891 1192 3931 versus:

440 3961 499 4015 Rex
518 3961 595 4016 veuit
614 3967 678 4016 ants
697 3960 775 4024 fores,
791 3959 887 4028 jursus
906 3957 981 4027 prius
1000 3957 1075 4012 urbis
1093 3956 1214 4021 honores,

440 4041 508 4096 Post
525 4041 602 4096 homo
620 4043 654 4096 fit
671 4056 765 4110 popae,
784 4039 881 4107 recipit
900 4055 951 4106 quo
970 4038 1053 4092 doute
1071 4052 1204 4092 coronam.

351 4121 383 4175 In
400 4121 523 4176 versibus
541 4121 649 4189 quidem
667 4119 771 4187 aliquid
789 4119 911 4188 ambigui
922 4117 1047 4183 habetur,
1065 4117 1112 4172 ssd
1125 4132 1159 4172 ex
1169 4114 1287 4170 historio
1299 4113 1409 4172 fuctum

280 4201 442 4257 illustratur.
