2902 4848
323 475 380 530 ete
611 475 737 533 XXXlV.
758 476 798 530 De
817 474 931 530 Concilll
951 475 1163 534 constantiensi.

325 622 359 684 in
376 619 567 684 Catholicae
590 621 738 684 animum
762 622 942 705 reprimere
967 629 1119 701 tentaret,
1143 619 1191 684 illi
1218 621 1303 686 duce
1317 623 1431 686 Joanne

325 717 428 782 Zislia
458 719 599 802 sumptis
627 719 727 782 armis
751 717 963 799 rebellarunt,
997 720 1031 782 in
1056 729 1167 782 monte
1193 719 1307 784 circuli
1331 719 1441 782 Bechi*

323 817 437 880 nensis
460 815 502 878 ad
520 815 723 880 Lusinitiuru
747 837 881 880 amnem
905 817 1162 880 munitissimam
1182 817 1297 882 urbem
1313 805 1441 890 Thabor}

324 915 460 998 dictam,
487 913 631 979 undeet
654 916 715 999 ipsi
734 913 937 978 Thaboritae
957 917 1066 978 vocati
1091 926 1177 996 sunt,
1202 927 1441 982 exstruxerunt:

324 1021 358 1076 et
381 1012 424 1076 ab
448 1035 535 1077 anno
555 1011 640 1076 1419
665 1014 699 1077 in
718 1011 906 1076 Catholicae
930 1011 1097 1076 crudelius
1118 1017 1319 1095 saevierunt,
1345 1027 1441 1092 sacer-l

325 1112 419 1176 dotes
444 1111 606 1196 imprimis
630 1119 663 1173 et
686 1109 866 1174 monachos
889 1109 1109 1191 trucidarunt,
1133 1112 1257 1198 templa
1281 1124 1315 1177 et
1337 1121 1441 1204 mona-l

160 1210 424 1273 henneisteria
448 1218 673 1274 vastaverunt.
721 1207 857 1272 Interim
883 1207 1047 1271 Martinus
1072 1208 1100 1270 V
1129 1209 1173 1274 ad
1197 1210 1441 1296 impedienduml

190 1283 276 1322 ’ω’
323 1307 470 1372 haeresis
507 1327 717 1391 progressum
741 1305 846 1370 edidit
871 1304 1160 1389 Constitutionem,
1194 1331 1261 1394 qua
1294 1309 1441 1394 praelatisl

323 1404 556 1469 ecclesiasticis
596 1415 629 1468 et
666 1403 919 1491 inquisitoribus
956 1403 1152 1486 mandabat,
1192 1416 1230 1470 ut
1266 1406 1435 1470 haereticos

323 1525 506 1589 eorumque
529 1504 674 1568 fautores
698 1523 715 1564 e
739 1504 943 1588 praescripta
961 1501 1167 1588 judiciorum
1191 1503 1298 1568 forma
1323 1515 1430 1567 coerce·

323 1613 407 1685 rent,
439 1612 471 1666 et
502 1623 615 1666 eorum
640 1611 785 1664 mentem
817 1601 906 1663 circa
939 1600 1112 1664 damnatos
1141 1603 1175 1664 in
1200 1601 1429 1666 Constantiani

325 1700 477 1766 Concilio
501 1698 657 1764 articulos
681 1697 892 1784 explorarent
922 1699 1105 1764 secundum
1139 1699 1315 1764 formulam
1348 1701 1378 1764 in
1400 1701 1432 1762 35»

324 1801 435 1884 capita
459 1799 660 1862 distinctam.
707 1796 883 1860 Praeterea
905 1797 1072 1862 Joennem
1097 1798 1267 1862 Dominioi
1292 1793 1429 1861 Cardine·

323 1900 392 1964 leni
418 1899 450 1960 in
465 1896 660 1960 Bohemiam
674 1893 808 1978 legavit,
833 1894 875 1958 ad
892 1894 1100 1958 reducendos
1116 1894 1159 1960 ad
1172 1894 1272 1960 fidem
1287 1911 1431 1959 errante:

324 1995 487 2058 excitavit
510 2013 642 2079 quoque
666 1993 838 2076 episcopos
862 1991 1030 2072 Poloniae,
1062 1994 1096 2055 in
1121 2015 1221 2078 quam
1246 2015 1351 2079 prava
1374 1993 1429 2054 hae-

269 2131 277 2148 ·
323 2094 406 2156 resis
436 2095 536 2157 etiarn
567 2101 813 2177 penetraverat,
848 2100 884 2154 ut
913 2111 987 2154 eam
1018 2093 1108 2154 omni
1141 2113 1220 2154 cura
1252 2089 1427 2154 evellerent:

324 2200 456 2255 etcum
483 2190 638 2254 Hussitae
663 2187 825 2252 violenter
848 2188 883 2252 in
907 2187 1098 2252 Catholicae
1121 2191 1301 2267 saevirent,
1325 2186 1428 2252 beilum

325 2311 457 2353 sacram
481 2298 596 2354 contra
619 2286 692 2351 illos
716 2285 848 2352 indixit.
896 2285 1132 2370 sigismundus
1155 2288 1351 2372 Imperator,
1373 2303 1430 2370 poe

325 2399 463 2450 mortam
489 2387 599 2450 fratris
623 2387 673 2449 sui
699 2383 887 2448 Wenceslai
913 2383 1029 2468 (1419)
1054 2387 1152 2448 etiam
1179 2405 1238 2448 rex
1255 2383 1430 2448 Bobenia·-¹

299 2486 482 2548 ·sectari0s
515 2493 643 2548 arinata
676 2485 835 2546 manain
860 2482 1011 2548 ordinem
1043 2482 1194 2566 redigere
1228 2495 1363 2546 conatus
1384 2497 1432 2543 est.

324 2583 382 2646 sed
417 2581 463 2646 illi
496 2592 588 2646 tanta
622 2584 654 2644 vi
680 2581 891 2661 dimicarunt,
923 2591 960 2644 ut
988 2583 1153 2646 exercitus
1178 2580 1355 2645 catholicos
1377 2601 1429 2642 narn

325 2680 425 2746 semel
464 2680 704 2765 superaverint,
751 2689 784 2742 et
821 2678 944 2743 bellum
991 2701 1050 2764 per
1084 2678 1196 2764 plures
1235 2699 1339 2742 annos
1371 2699 1431 2738 cea·

323 2782 507 2843 tinuarunt.

416 2877 468 2941 64.
516 2877 594 2940 Post
617 2884 756 2938 mortem
780 2874 922 2939 Joannis
945 2875 1067 2940 Zislnae
1091 2876 1207 2961 (1424)
1233 2875 1382 2940 Hnssitae
1404 2875 1431 2932 iu

325 2973 437 3060 plures
478 2973 638 3038 factiones
679 2975 771 3038 scissi
812 2985 899 3038 sunt.
956 2972 1026 3037 Alii
1069 2972 1225 3060 appellati
1265 2972 1433 3038 Thaboriti.

325 3070 569 3152 Waldeusium,
598 3069 730 3136 Wiclefi
755 3081 787 3134 et
811 3071 925 3136 Hussii
958 3072 1108 3156 vestigiis
1132 3074 1279 3156 pressius
1302 3069 1431 3136 inhaere·

324 3180 413 3250 runt,
431 3191 562 3233 omnem
578 3191 683 3255 paene
698 3167 869 3234 Ecclesiae
886 3168 1069 3234 catholicae
1086 3169 1284 3252 doctrinam,
1300 3170 1430 3253 regimen

325 3279 360 3332 et
394 3269 618 3334 institutiones
655 3267 933 3348 condemnarunt,
974 3277 1006 3331 et
1045 3269 1224 3332 constituto
1265 3266 1328 3332 sibi
1361 3265 1432 3328 dare

323 3369 487 3452 Procopio
512 3367 609 3444 Raso,
634 3364 821 3430 Catholicae
845 3364 1023 3430 crudeliter
1045 3366 1209 3452 persecuti
1235 3377 1323 3430 sunt.
1367 3361 1430 3426 Alii.

326 3469 406 3532 dicti
432 3463 597 3550 Orphani,
631 3461 720 3548 quod
751 3464 859 3548 capite
889 3485 947 3528 seu
978 3463 1063 3527 duce
1094 3475 1258 3542 carerent,
1296 3481 1430 3548 quamve

325 3562 507 3650 aliquando
543 3587 563 3625 a
599 3561 790 3626 Thaboritie
828 3560 1041 3626 dissentirent
1075 3571 1108 3624 et
1142 3572 1297 3648 separata
1330 3558 1370 3624 ab
1400 3559 1429 3616 ii÷

324 3663 461 3746 agmina
474 3661 720 3740 constituerent,
739 3660 893 3742 exigente
907 3669 1017 3724 tamen
1035 3660 1232 3723 necessitate
1244 3655 1427 3743 conjunctim

326 3779 404 3822 cum
440 3756 503 3821 iilis
542 3757 696 3841 agebant.
754 3757 837 3838 Alii,
877 3759 1102 3841 cognominati
1139 3755 1316 3838 Calixtini‚
1354 3765 1428 3817 eram

326 3858 461 3943 ingenio
493 3856 590 3940 longe
621 3855 844 3938 moderatiori,
878 3854 1065 3920 Ecclesiam
1088 3853 1287 3920 catholicam
1311 3856 1429 3940 ejusque

326 3955 452 4019 cultum
478 3967 511 4018 et
533 3957 681 4040 regimen
707 3974 771 4019 non
797 3953 1076 4036 condemnabant,
1101 3954 1157 4018 sed
1176 3955 1352 4040 praecipue
1374 3971 1428 4033 pn·

327 4051 524 4138 pugnabant
553 4051 613 4116 lios
649 4063 791 4139 quatuor
828 4051 998 4116 articulos:
1042 4053 1077 4116 1⁰
1108 4061 1145 4115 ut
1179 4075 1204 4116 s.
1238 4045 1427 4115 Eucharistis

326 4149 484 4214 omnibus
515 4149 577 4214 sub
609 4160 749 4236 utraque
779 4152 889 4236 specie
922 4151 1163 4236 porrigeretur3
1203 4151 1241 4214 2⁰
1270 4159 1307 4212 nt
1332 4161 1426 4210 omne-⁴

322 4246 514 4311 sacerdotes
544 4246 657 4329 libere,
690 4249 761 4311 sine
791 4249 929 4332 praevia
961 4249 1107 4336 episcopi
1132 4246 1275 4328 licentia,
1306 4239 1424 4305 verbum
