2902 4848
400 471 440 525 De
458 469 565 536 Synodo
584 467 749 522 Florentius.
1084 466 1137 520 389

21 618 148 700 exponi,
173 637 235 679 nec
259 616 300 679 iis
324 615 446 699 opponi
470 633 576 697 posse.
607 613 684 677 Jnm
699 631 780 675 vero
804 612 839 676 in
863 609 1137 676 antecedentibus
1165 611 1295 713 'sff'sstfl‘

21 713 183 794 delinitur,
215 712 364 776 Romano
388 712 541 776 Pontifici
565 713 601 775 iu
623 711 661 774 B.
689 711 781 774 Petro
803 712 966 795 poscendi,
997 709 1138 798 rependi,
1175 684 1286 724 ,m

21 821 50 872 et
68 811 267 896 puber-nundi
293 807 502 874 univwsulcm
527 806 701 873 Ecclesium
723 831 745 871 o
766 809 809 872 D.
836 809 879 873 N.
904 809 985 872 Jesu
1012 807 1138 874 Christo

17 909 166 994 plenam
183 917 411 995 potestatem
432 905 552 993 (πλήρη
565 899 726 986 ἐξουσίαν)
742 906 898 970 traditam
913 929 987 973 esse.
1019 903 1140 971 Verbis

24 1006 122 1090 magis
159 1007 358 1090 perspicuis,
398 1006 592 1090 praesertim
632 1004 658 1067 si
697 1005 798 1067 etiam
837 1005 1015 1088 magnilica
1054 1025 1140 1089 quae

18 1103 218 1167 antecedunt
248 1103 510 1184 considerantur,
542 1123 671 1166 summa
702 1103 881 1166 auctoritas
904 1103 943 1166 R.
968 1101 1140 1166 Pontificis

21 1201 177 1265 declarari
217 1222 283 1265 non
322 1211 465 1287 poterat3
513 1201 661 1286 ineptum
703 1221 782 1264 vero
820 1211 906 1265 esset
943 1209 1139 1286 potestatem

15 1300 144 1385 plenam
176 1321 276 1384 quam
301 1299 417 1363 dieunt
438 1321 460 1364 a
483 1298 617 1363 Christo
641 1319 847 1380 concessum,
879 1297 999 1362 deinde
1029 1298 1140 1362 dicere

20 1395 180 1460 limitibus
214 1403 384 1460 sacrorum
421 1417 587 1460 canonum
626 1397 823 1463 restrictam.
882 1395 933 1460 Ad
973 1415 1140 1461 summum

16 1495 129 1582 aliqua
159 1495 291 1558 directio
322 1495 432 1581 quoad
457 1516 554 1558 usum
577 1497 750 1580 potestatis
780 1515 839 1580 per
862 1515 973 1558 sacros
997 1515 1141 1558 canones

20 1595 112 1658 innui
138 1593 288 1678 posset.¹)
307 1629 346 1640 --
361 1593 427 1657 Scd
453 1613 514 1656 nec
538 1591 602 1656 hoc
625 1591 756 1656 admitti
780 1602 906 1677 potest;
941 1591 1026 1656 nibil
1048 1585 1141 1654 uliud

17 1692 136 1755 ultimo
159 1693 265 1755 inciso
289 1692 487 1771 continetur,
521 1691 586 1754 nisi
617 1689 799 1774 confirmari
833 1692 932 1754 etism
965 1711 1009 1753 ex
1039 1689 1142 1753 sacris

17 1787 179 1853 Conciliis
202 1801 235 1851 et
258 1786 444 1852 canonibus
460 1787 592 1874 plenam
609 1787 781 1852 Pontificio
801 1797 1007 1873 potestatem.
1054 1787 1141 1852 Nam

15 1889 50 1950 in
80 1885 233 1972 originali
269 1897 363 1950 textu
386 1907 504 1950 revera
528 1885 671 1950 habetur
701 1886 981 1972 „quaemadmodum
1012 1886 1140 1966 etiom“,

17 1985 206 2049 nullatenus
236 1995 348 2048 autem
380 1995 410 2048 et
442 1983 488 2048 ibi
521 1986 700 2049 invenitur.
751 1983 904 2049 Examen
936 1984 1063 2047 factum
1093 1994 1143 2047 cst

14 2104 107 2147 anno
135 2084 313 2148 lutosum
340 2082 428 2147 illius
456 2082 634 2169 Orips'nalis
656 2083 791 2162 decreti,
816 2082 904 2168 quod
929 2084 964 2146 in
980 2079 1142 2146 Archivio

20 2181 185 2244 Vaticano
210 2191 435 2262 conservatur,
460 2191 529 2244 tum
558 2178 745 2268 Oriqiaulis,
770 2180 857 2265 qnod
882 2183 916 2244 in
934 2179 1144 2245 Bibliotheca

16 2278 248 2342 Laurentiano
272 2277 464 2343 Florentius
489 2288 607 2342 exstat.
653 2279 691 2342 In
710 2276 874 2364 Originali
899 2278 955 2342 illo
980 2278 1142 2342 Vaticano

16 2375 161 2469 babetur
191 2397 234 2439 ex
265 2398 333 2440 una
363 2386 457 2461 parts
487 2386 597 2440 textus
630 2375 752 2440 latinus
791 2397 866 2440 cum
900 2375 1144 2462 subscriptione

11 2473 226 2559 arstographa
251 2475 393 2560 Eugenii
417 2475 466 2538 IV
490 2483 523 2538 et
545 2474 672 2560 aliquot
696 2472 940 2556 cardinalium,
974 2495 1017 2538 ex
1040 2473 1144 2538 altera

14 2583 112 2656 parte
137 2580 248 2636 textus
271 2593 411 2656 graecus
430 2593 505 2636 cum
522 2571 766 2658 subscriptione
781 2572 923 2638 Joannis
937 2571 1143 2655 Pslacologi3

15 2673 51 2734 in
79 2669 244 2756 Originali
269 2670 461 2735 Florentino
500 2668 643 2735 habetur
674 2670 873 2756 subscriptio
905 2669 1077 2734 Pontificio
1112 2679 1146 2732 et

15 2770 235 2854 Imperatoris
258 2777 357 2854 atque
374 2771 523 2832 omnium
541 2769 763 2834 membrorum
782 2768 935 2848 Concilii,
961 2789 1036 2834 cum
1052 2766 1145 2833 bulla

13 2866 178 2951 plumbea
216 2866 388 2935 Pontificis
430 2877 463 2931 et
503 2889 605 2930 nureo
641 2868 863 2952 Imperatoris.
916 2867 1076 2932 Jamvero
1110 2868 1144 2930 in

13 2975 160 3050 utroque
184 2963 247 3027 hoc
272 2963 435 3050 Originali
461 2963 602 3028 babetur
626 2965 907 3050 „quemadmodum
930 2966 1047 3028 etiam“
1072 2965 1145 3028 niti·

10 3063 167 3127 dissimis
189 3085 230 3126 ac
254 3061 420 3127 distinctis
442 3062 561 3126 litteris
584 3065 754 3148 scriptum.
784 3062 960 3126 Praeterea
984 3063 1018 3127 in
1038 3061 1145 3126 tribus

8 3160 93 3224 aliis
118 3159 301 3225 Codicibus
325 3160 448 3225 saeculi
473 3161 550 3242 XV,
584 3183 670 3246 quae
694 3163 727 3224 in
753 3160 918 3225 Vaticana
941 3159 1146 3225 bibliotheca

10 3267 162 3338 exstant,
179 3257 295 3322 eadem
313 3257 410 3322 lectio
427 3257 639 3344 invenitur.¹)
665 3258 715 3322 De
728 3261 875 3342 genuina
888 3259 990 3343 igitur
1004 3257 1146 3322 lectione

11 3356 149 3420 nullum
174 3367 324 3442 superest
347 3357 497 3422 dubium.

95 3607 115 3660 'i
136 3605 177 3658 Ex
196 3604 238 3659 his
258 3605 338 3660 focile
357 3603 441 3668 vides,
460 3619 540 3672 quam
560 3605 654 3674 inepta
672 3605 728 3658 sint
747 3605 795 3658 illa
813 3603 888 3658 Petri
909 3604 942 3658 de
961 3604 1066 3658 nterea:
1091 3608 1146 3668 „at

7 3703 28 3740 e
52 3693 199 3740 contextas
219 3683 299 3738 latini
318 3685 469 3754 depravata
488 3683 604 3740 lectione
623 3685 729 3740 eruitur
743 3685 858 3753 plenam
877 3701 936 3738 esse
956 3685 1051 3753 Papae
1068 3693 1146 3753 pote·

11 3771 130 3830 atatem,
156 3763 236 3831 idque
255 3765 364 3833 probari
383 3763 454 3819 actis
473 3765 654 3820 Conciliornm
679 3774 708 3819 et
731 3765 904 3819 canonibus.“
940 3763 1146 3832 Qualiscumque

7 3847 57 3898 sit
77 3845 158 3898 lectio
175 3844 326 3914 originalis,
343 3847 428 3914 plena
440 3853 567 3914 potestus
583 3847 639 3915 jum
658 3846 784 3913 superins
796 3844 923 3899 Pontifici
941 3845 1037 3898 iisdem
1057 3845 1147 3899 verbis

6 3933 126 3980 assem
144 3923 208 3987 fuit,
227 3925 339 3993 proinde
358 3941 427 3992 quse
445 3933 597 3992 sequuntur
615 3927 657 3980 his
676 3926 860 3982 contradicere
879 3941 933 3980 non
952 3930 1087 3991 poterant.

94 4005 116 4070 ¹)
136 4005 305 4062 cncivilts
324 4011 391 4060 catt.
410 4021 462 4060 ser.
475 4007 534 4060 VII.
555 4022 580 4064 v.
594 4009 619 4064 9.
639 4007 657 4063 1.
671 4023 701 4070 c.‚
721 4005 767 4060 ubi
787 4005 871 4060 etiam
884 4005 1034 4060 Focaimilc
1054 4011 1147 4060 textus

5 4099 163 4151 expressus
182 4091 232 4142 est.
259 4087 291 4139 In
309 4085 364 4139 cod.
385 4101 457 4142 num.
477 4085 547 4141 4037
566 4085 755 4140 abbreviatum
775 4092 817 4139 est
835 4084 902 4139 illud
922 4085 1007 4138 etiam
1026 4083 1147 4140 evidenti

9 4165 142 4232 ratione;
168 4179 202 4219 en
221 4165 349 4234 ejusmodi
368 4173 462 4220 autern
480 4166 716 4221 abbreviationem
735 4181 785 4219 nsu
804 4164 885 4220 focile
903 4165 1064 4233 explicetur,
1084 4180 1148 4231 qno·

7 4244 146 4299 modain
165 4245 228 4300 aliis
247 4245 405 4313 quibusdam
423 4245 557 4302 codicibus
577 4254 603 4300 et
623 4248 679 4301 loeo
698 4249 783 4299 etiam
802 4245 950 4314 irrepserit.
