2868 4844
297 443 350 497 238
513 441 629 496 XXXII.
647 441 689 496 De
706 439 885 496 Pontificibus
902 439 1043 494 Areuiane
1061 437 1237 494 commoratio.

299 584 459 650 malitiam
475 595 661 671 temporum
678 584 769 648 hand
788 593 985 670 perventum
1000 592 1049 648 cst
1060 581 1187 668 sdcjus
1199 579 1394 646 abolitionem.

298 682 437 768 Singula
450 683 505 747 hic
528 683 681 768 persequi
696 681 831 767 longum
849 690 916 760 est3
941 680 1086 744 suffiunt
1100 701 1141 744 ea
1154 701 1396 754 commemorare,
1419 687 1420 770 ,

300 785 434 868 quaein
452 803 547 846 sacra
563 780 698 865 Synodo
715 780 914 845 Tridentino
938 778 1001 842 bac
1025 778 1066 842 de
1090 799 1126 840 ro
1150 777 1237 842 facts
1252 787 1284 841 et
1297 787 1396 840 saron

227 955 241 982 u
300 890 385 944 sunt.
432 879 500 964 Ipsi
535 877 675 942 Consilii
708 878 896 943 Tridentini
921 877 1036 941 Patres
1070 877 1225 961 quamvis
1255 873 1420 950 desiderint

244 955 272 983 ω’
299 977 478 1062 flagrarent
501 976 819 1060 exstinguendorum
844 975 978 1060 penitus
1002 971 1282 1050 commendatum,
1306 971 1396 1035 delini·

300 1086 409 1140 mento
439 1085 551 1140 tamen
584 1074 695 1160 aliquo
730 1075 891 1139 utendum
922 1073 986 1138 sibi
1018 1093 1186 1154 censuere,
1218 1069 1397 1138 ineluctabili

171 1195 190 1206 ⁴·
299 1171 513 1238 incumbente
529 1175 724 1237 necessitate
740 1171 906 1237 serviendi
923 1171 1075 1256 tempori,
1100 1180 1134 1234 et
1148 1167 1397 1236 accommodandi

299 1295 332 1336 se
357 1273 397 1335 iis
421 1269 543 1334 saeculi
569 1271 718 1334 moribus
740 1280 774 1334 et
797 1267 931 1350 morbis,
956 1269 1012 1354 qui
1031 1267 1250 1334 validioribus
1269 1266 1399 1333 remediis

299 1368 590 1435 exacerbarentur.
621 1369 670 1432 Ea
690 1368 825 1433 videtur
847 1389 917 1432 csse
943 1367 1060 1430 horum
1078 1364 1221 1432 Concilii
1245 1365 1399 1430 verborum

299 1468 481 1532 sententia:
518 1464 595 1531 Cum
612 1465 768 1552 plenoque
791 1467 995 1542 monasteria,
1030 1467 1127 1529 edam
1149 1463 1307 1540 abbatiae,
1332 1463 1399 1548 prio

298 1577 390 1629 rauce
420 1577 451 1628 et
477 1567 722 1650 praepositurae
753 1587 793 1628 etc
824 1561 912 1628 moia
940 1584 1060 1640 smum,
1102 1561 1214 1647 quibos
1243 1561 1401 1626 censebere

298 1664 439 1747 fucrant,
479 1663 768 1738 administratione,
807 1683 870 1726 aon
901 1661 985 1724 levio
1013 1683 1116 1746 passa
1143 1659 1269 1742 fcaerim
1298 1671 1356 1722 mm
1378 1659 1401 1718 in

300 1758 532 1848 spiritualibus,
556 1783 650 1846 quana
672 1762 707 1824 in
731 1759 959 1846 temporalibus
981 1759 1180 1835 detrimenta,
1205 1759 1293 1844 eupit
1313 1765 1401 1819 smus

301 1857 448 1947 Synodm
481 1859 525 1921 ad
555 1881 723 1945 coaptum
752 1859 945 1922 monasticae
975 1857 1058 1921 oitac
1091 1853 1298 1942 disciplinam
1320 1853 1402 1917 enno

299 1979 454 2021 reuocare.
510 1957 622 2020 Verrem
656 1955 736 2020 adeo
767 1955 850 2019 duro
886 1951 1093 2041 difficilisque
1131 1965 1177 2018 eet
1209 1953 1402 2040 praecamina

301 2067 473 2141 temporum
504 2055 655 2132 conditio,
692 2065 728 2118 ut
758 2079 814 2118 nec
844 2055 954 2118 etcum
981 2053 1136 2130 cantone,
1174 2075 1232 2116 nec
1271 2071 1402 2114 eornm

301 2153 413 2239 ubique
437 2155 521 2240 quod
543 2164 668 2241 optaret
690 2153 861 2216 renocdinm
878 2154 986 2238 possit
1008 2150 1162 2215 adbiberi.
1210 2149 1312 2214 Hisce
1334 2166 1403 2232 pras

301 2253 435 2317 eunctis
472 2251 668 2316 Pontificem
710 2248 900 2336 interpellat
938 2247 1143 2330 Concilium,
1187 2259 1223 2312 ut
1264 2257 1352 2310 curet
1380 2245 1403 2305 in

301 2348 470 2416 coenobiis
489 2351 560 2434 jam
585 2348 826 2413 commendatis
849 2345 1032 2430 regularem
1068 2366 1171 2410 unum
1195 2345 1269 2430 ejus
1292 2341 1404 2410 Ordinis

302 2448 480 2531 designari,
505 2451 561 2532 qui
577 2469 688 2512 eorum
714 2447 839 2532 praesit
862 2445 1153 2524 administrationi,
1177 2454 1212 2508 et
1227 2445 1263 2508 in
1279 2445 1319 2507 iis
1340 2459 1404 2525 quae

302 2545 441 2632 posthac
477 2547 692 2628 vacaverint,
726 2567 767 2608 ne
800 2545 949 2608 nominet
980 2541 1136 2608 Pontifex
1165 2541 1230 2606 nisi
1262 2537 1405 2626 regulares

302 2645 474 2728 peritiores
505 2656 538 2707 et
567 2665 709 2730 quorum
740 2643 810 2706 vita
841 2642 1059 2706 monasticam
1091 2639 1239 2704 redoleat
1262 2639 1405 2724 spiratque

209 2813 210 2816 Ἴ
302 2743 568 2807 sanctimoniam.
581 2743 605 2826 ¹)
659 2740 842 2826 impedivit
873 2749 984 2804 numm
1018 2738 1102 2802 dura
1134 2736 1190 2802 illa
1220 2747 1254 2801 et
1281 2731 1406 2800 difficilis

303 2851 488 2925 temporum
514 2840 672 2920 conditio,
697 2849 735 2903 ut
757 2840 858 2904 etiam
882 2848 997 2922 postea
1021 2835 1239 2902 commendac
1254 2845 1406 2899 cessarent

304 2939 459 3024 quamvis
494 2938 633 3001 Romani
667 2935 846 3002 Pontifices
884 2943 917 3000 et
955 2933 1106 3000 Concilio
1144 2931 1353 3019 particularia
1383 2924 1407 2989 id

303 3045 534 3122 percuperent.
581 3034 753 3100 Interdum
788 3031 1111 3098 commendabantur
1141 3031 1348 3106 monasteris,
1377 3046 1407 3088 ne

304 3131 348 3196 ab
363 3132 540 3196 haereticis
562 3133 718 3218 occupari
743 3141 891 3218 possent3
916 3130 974 3196 sed
999 3131 1145 3195 maxime
1169 3150 1263 3214 reges
1285 3138 1318 3192 et
1339 3125 1406 3211 prin·

304 3233 395 3316 cipes
419 3229 657 3315 impedimento
682 3229 826 3310 fuerunt,
851 3229 1035 3314 quominus
1053 3249 1132 3290 usus
1155 3227 1210 3294 ille
1232 3223 1406 3292 aboleretur.

304 3351 407 3415 quum
432 3327 474 3392 ob
498 3349 612 3392 eorum
637 3331 844 3414 importunas
867 3328 1043 3392 instantias
1066 3325 1205 3391 difficile
1227 3337 1314 3390 essct
1341 3339 1409 3384 ron·

304 3426 444 3492 mendas
472 3425 647 3511 denegare.
694 3427 813 3491 Nostro
845 3435 955 3490 tamen
987 3435 1135 3510 tempore
1163 3425 1297 3488 mutatis
1318 3419 1406 3485 reon.

304 3526 453 3588 maxima
470 3546 512 3588 ex
528 3533 622 3610 parte
647 3523 863 3590 commendas
889 3531 1070 3602 cessarunt,
1095 3541 1241 3606 ususque
1257 3538 1365 3584 earnm
1377 3511 1408 3578 si

304 3625 476 3709 antiquam
501 3625 701 3688 severiorem
725 3620 938 3707 disciplinam
961 3620 1118 3685 reductus
1142 3630 1200 3683 est.

394 3722 465 3785 89:
495 3722 676 3808 Postquam
712 3722 928 3806 exposuimus
968 3741 1020 3783 res
1057 3728 1091 3784 et
1125 3717 1257 3801 negotia
1292 3709 1409 3795 majoris

306 3821 475 3898 momenti,
507 3841 593 3905 quoe
623 3831 771 3903 tempore
802 3818 1000 3883 Pontificum
1027 3815 1311 3882 Avenionensium
1340 3805 1408 3872 acci·

306 3917 427 3980 derunt
450 3926 483 3979 et
506 3917 540 3981 in
556 3927 677 3981 statum
696 3915 867 3980 Ecclesiae
883 3915 1048 3980 inflexum
1066 3915 1224 4000 majorem
1240 3923 1408 3976 exercuere.

301 4014 373 4099 jam
398 4012 487 4078 illiue
510 4017 629 4080 acutis
652 4037 692 4078 ae
715 4015 882 4078 societatis
899 4013 1099 4076 christianae
1116 4010 1225 4076 ideam
1241 4002 1407 4092 generales

307 4151 522 4160 ...Μ--

381 4229 401 4296 ι)
420 4228 488 4282 Sese.
510 4227 595 4280 XXV.
615 4243 637 4282 c.
658 4228 693 4282 ’29
712 4227 745 4280 de
764 4225 955 4293 Regulambns.
