2844 4840
275 406 315 460 Dc
333 422 457 474 processu
477 415 571 462 contra
589 407 758 464 Bonifatium
780 407 854 460 vul.
1093 410 1125 462 11

40 551 177 633 octoginta
199 572 257 616 sex
282 572 455 617 annorum.
507 549 698 617 Adfuerunt
728 553 800 637 ejus
824 554 919 615 morti
951 563 1024 618 octo
1049 549 1124 616 (lar-
1162 554 1273 596 ⁸⁰³“⁸‘¹¹

40 647 140 712 finales
161 649 283 733 aliique
307 649 435 716 nobiles
459 651 532 732 viri,
565 660 597 713 et
621 671 663 714 ex
685 651 873 714 testimonio
904 649 1022 715 Jacobi
1048 650 1125 714 Car·
1182 629 1251 658 Μ’

39 743 135 810 dinalis
150 747 188 812 de
202 749 431 836 Stephaniscis
447 750 630 832 praesentis
645 759 782 829 constat,
799 747 994 812 Pontificem
1009 750 1129 812 emissa

38 843 212 926 professione
236 848 315 914 lidei
341 845 524 913 catholicae
547 846 699 930 spiritum
724 846 796 910 Deo
820 844 1022 930 redidissc.¹)

108 942 154 1008 16.
199 944 369 1031 Scripsere
402 942 541 1026 indigna
573 943 753 1008 admodum
783 942 824 1007 de
847 943 1005 1008 Bonifatii
1038 943 1130 1007 obitu

38 1039 162 1104 rounulli
185 1055 347 1124 auctores,
372 1044 427 1128 qui
443 1040 486 1104 ab
501 1040 651 1105 hostibus
669 1043 796 1128 jactata
815 1040 999 1106 inconsulte
1015 1040 1132 1105 litteris

38 1137 229 1226 mandarunt;
263 1143 350 1206 inter
373 1138 438 1205 alia
462 1149 583 1220 autem,
609 1160 651 1202 cx
676 1138 787 1203 dolore
811 1150 922 1203 actum
947 1140 980 1202 in
1005 1138 1130 1202 rabiem

36 1237 162 1319 proprias
194 1261 310 1304 carnes
342 1237 537 1302 Pontificem
570 1238 763 1301 morientem
799 1238 926 1300 rosisse.
983 1235 1131 1316 Quorum

36 1332 153 1398 ridicula
186 1347 217 1400 et
248 1338 361 1422 inepta
392 1335 567 1400 mendacia
600 1335 652 1399 vel
682 1359 725 1400 ex
753 1337 824 1420 ipsa
856 1336 1011 1421 corporis,
1043 1335 1132 1419 quod

36 1443 91 1512 post
111 1443 272 1498 trecentos
287 1456 393 1500 annos
408 1434 628 1518 corruptionis
652 1434 720 1498 fere
743 1455 861 1518 expers
876 1435 1049 1496 inventum
1074 1441 1131 1513 est,

36 1527 66 1590 ad
87 1529 219 1596 nihilum
245 1532 342 1618 plana
366 1531 501 1596 redacta
525 1541 612 1595 sunt.
647 1531 758 1611 Qnsrm
775 1529 931 1595 videlicet
946 1531 1132 1594 Bonifatius

37 1627 60 1688 iu
79 1651 100 1690 s.
124 1629 209 1693 Petri
235 1629 394 1694 basilicae
418 1628 549 1709 sacello,
575 1629 664 1714 quod
682 1631 803 1694 eximio
820 1628 910 1692 cultu
927 1626 1131 1712 condiderat,

36 1725 158 1809 sepultus
182 1729 306 1806 fuisset,
332 1725 489 1792 sacellum
515 1727 596 1791 illud
621 1749 697 1792 cum
714 1727 922 1812 splendidius
937 1725 1133 1790 conderetur

37 1821 200 1890 basilicas.
225 1827 325 1904 Petri,
350 1838 497 1910 tempore
521 1824 615 1890 Pauli
642 1825 670 1888 V
696 1825 912 1888 evertendum
936 1824 1007 1888 fuit.
1037 1824 1133 1887 Tunc

35 1921 146 1986 «116οῑ)
170 1923 223 1986 die
251 1926 308 1987 11υ
325 1922 479 1988 Octobris
495 1923 654 1987 Bonifatii
679 1944 798 2008 corpus
822 1924 1041 2006 corruptionis
1065 1923 1132 1987 fera

35 2019 305 2104 inmunemagua
329 2021 532 2085 adstantium
557 2021 776 2086 admiratione
808 2033 973 2106 repertum
998 2019 1069 2100 fuit,
1102 2033 1134 2082 et

36 2139 65 2177 ue
79 2120 244 2182 minimum
262 2119 397 2204 quidem
412 2117 568 2182 laesionis
587 2121 762 2204 vestigium
782 2122 903 2205 inipso
921 2118 1133 2198 inventum.²)
1174 2155 1178 2170 ·

530 2530 609 2595 v1.

97 2704 158 2770 De
175 2707 584 2786 wocessajaruttoo
607 2711 751 2771 contra
774 2707 1052 2786 Bonifatium.

107 2881 156 2947 Π.
182 2881 348 2946 Defuncto
371 2881 538 2946 Bonifatio
564 2881 657 2960 VIII,
686 2903 760 2945 cum
786 2881 823 2947 F.
841 2882 998 2946 Nicolaus
1014 2883 1134 2946 Bocca-

35 2979 108 3040 sinns
130 2977 169 3044 Ο.
184 2979 282 3060 F.P.,
308 2979 494 3065 Episcopus
519 2979 617 3044 Card.
636 2979 808 3060 Ostiensis,
833 2981 988 3044 Pontifex
1013 2981 1135 3044 clectus

35 3073 130 3139 fuisset
162 3075 223 3140 sub
255 3079 389 3142 nomine
412 3078 579 3142 Benedicti
602 3079 664 3156 XI,
696 3089 728 3142 et
759 3079 936 3142 creationis
959 3079 1030 3164 ejus
1053 3102 1135 3143 nun-

35 3175 85 3236 tius
106 3177 137 3238 in
162 3173 307 3240 Galliam
331 3173 476 3262 perlatus
500 3187 594 3258 essct,
619 3175 795 3262 Philippus
812 3199 871 3241 rex
886 3176 1133 3262 gratulatoriam

36 3273 146 3356 scripsit
178 3271 361 3357 epistolam,
395 3279 494 3359 quain
527 3296 585 3361 per
608 3285 674 3338 tres
705 3275 830 3358 legatos
862 3273 1016 3339 Pontifici
1048 3274 1134 3340 tradi

36 3369 105 3435 fecit.
151 3369 241 3454 Erga
265 3369 461 3435 Pontificem
486 3371 710 3436 omnimodam
735 3372 959 3436 obedientiam
983 3381 1015 3436 et
1038 3371 1135 3437 devo·

36 3531 227 3542 *u--unn-

94 3622 101 3651 1
150 3624 156 3636 ·
236 3618 242 3630 ·
331 3622 336 3633 ¹
515 3640 520 3653 .

102 3621 173 3690 >sm
191 3623 309 3686 ΜΡΝ
329 3621 375 3675 lue
393 3637 521 3676 coaevus.
550 3700 656 3765 „Pauca
675 3717 736 3754 nam
757 3701 966 3768 temporalium
1036 3773 1040 3788 ἱ
1068 3759 1072 3766 ,

178 3783 414 3850 caenomanis,
434 3781 505 3835 lecto
524 3787 678 3850 prostratus
698 3780 810 3834 anhelus

175 3864 330 3928 Procubuit,
349 3863 491 3929 fassusque
509 3861 596 3925 fidem,
616 3875 760 3928 curamque
778 3861 923 3938 professus¹

176 3945 314 3999 Romanae
331 3943 477 4007 Ecclesiae,
497 3941 604 3996 Christo
622 3947 689 3996 tuuc
706 3942 829 3996 redditur
847 3942 933 3996 ulmus

179 4025 303 4092 Spiritus,
322 4031 350 4079 ct
368 4021 443 4078 saevi
460 4023 518 4091 jam
536 4022 624 4076 nescit
639 4023 740 4088 judicis
759 4022 835 4083 iram,

175 4103 225 4159 Sed
242 4103 336 4159 mitem
355 4103 541 4172 placidumque
555 4103 649 4171 putris,
669 4117 716 4156 ceu
736 4102 844 4156 credere
862 4102 905 4157 fes
925 4106 967 4156 ast
978 4109 992 4132 ‘⁴

95 4183 113 4251 ·)
131 4183 186 4238 Cfr.
204 4184 336 4252 Raynald.
356 4184 391 4238 ud
409 4200 434 4239 1.
455 4185 569 4260 1311311.
589 4185 632 4238 44.
653 4191 681 4237 et
699 4183 722 4236 Il
741 4182 846 4251 Papato
864 4183 881 4238 l.
901 4198 922 4236 c.
942 4198 968 4252 p.
990 4184 1040 4238 169
1059 4199 1117 4250 sqq.
