2844 4840
363 423 403 478 De
421 422 502 478 Bulla
524 422 613 478 Unam
631 423 773 479 Sanctam.
1095 421 1131 476 59

30 567 178 654 explicato
201 589 298 653 saepe
313 565 537 648 affirmabant,
561 565 746 632 Ecclesiam
771 563 894 631 habere
919 569 1020 632 etiam
1043 573 1131 652 pote·
1147 563 1292 676 Ιοῖζᾞ

29 675 132 730 statem
156 665 206 730 vel
224 663 494 751 jurisdictionem
525 663 749 749 temporalem.
773 701 816 712 -—
840 661 900 730 Sin
924 674 1034 732 antem
1058 685 1130 748 par·
1185 689 1255 728 nitur.

29 765 88 826 titio
110 764 276 849 potestatis
309 761 491 847 spiritualis
514 772 547 826 et
569 760 760 846 temporalis
789 763 972 828 instituitur
1004 763 1131 826 ratione

28 863 147 946 originis
168 861 374 926 auctoritatis
393 859 635 925 ecclesiasticae
659 869 692 924 et
715 858 833 940 civilis,
858 862 905 926 ita
929 872 965 926 ut
988 867 1132 945 potestas

28 957 195 1044 spiritualis
217 959 348 1024 dicatur
371 959 500 1042 integra
524 956 585 1022 illa·
602 967 747 1043 potestas
770 959 805 1022 in
829 981 889 1024 sua
913 955 1131 1044 plenitudine,

28 1079 100 1141 quae
123 1057 164 1122 ob
188 1057 288 1122 linem
312 1055 517 1142 spiritualem
532 1054 704 1122 Ecclesiae
719 1078 739 1120 a
756 1053 887 1120 Christo
911 1055 982 1142 ejus
997 1063 1132 1119 auctore

28 1154 133 1220 collata
159 1167 214 1239 est,
246 1163 390 1241 potestas
415 1151 599 1240 temporalis
624 1175 703 1218 vero
728 1177 767 1220 ea
789 1155 979 1234 auctoritas,
1004 1174 1089 1238 quae
1112 1173 1133 1216 a

29 1251 87 1316 Deo
110 1251 152 1318 ob
167 1252 267 1317 linem
283 1249 498 1337 temporalem
515 1253 551 1316 in
567 1251 682 1316 ordine
698 1250 839 1318 naturali
857 1251 1019 1336 gubernio
1040 1248 1132 1314 civili

27 1352 189 1414 commissa
219 1361 285 1414 est:
325 1349 538 1414 manifestum
561 1359 620 1430 est,
654 1347 833 1414 dicendum
863 1371 934 1414 esse
963 1347 1133 1412 Ecclesiae

27 1450 191 1513 convenire
222 1457 418 1534 potestatem
449 1445 665 1532 spiritualem,
698 1445 905 1533 principibus
937 1455 1133 1532 potestatem

28 1546 241 1632 temporalem,
271 1555 372 1632 atque
404 1544 493 1611 hanc
515 1544 558 1610 ab
582 1543 734 1610 Ecclesia
757 1567 928 1630 nunquam
959 1543 1022 1608 sibi
1046 1563 1133 1606 arro·

27 1647 95 1727 gari,
119 1667 182 1710 nec
204 1643 249 1708 ab
266 1667 306 1708 ea
320 1642 528 1730 principibus
554 1664 624 1708 esse
641 1641 837 1729 delegatam.
860 1681 897 1692 -
914 1643 1035 1706 Fusius
1050 1639 1133 1704 haec

28 1744 240 1828 exposuimus,
265 1742 344 1828 quia
359 1742 470 1826 agitur
493 1740 534 1806 de
558 1742 750 1828 quaestione
768 1740 897 1806 difficili
913 1751 946 1806 et
962 1741 1133 1820 intricata;

28 1841 111 1906 modo
129 1842 203 1928 jam
226 1840 327 1905 aliam
353 1838 606 1906 constitutionis
637 1841 835 1904 sententiam
865 1837 1134 1918 examinemus.¹)

27 2046 177 2102 meantem
198 2038 226 2090 in
246 2035 447 2103 temporalibus,
472 2051 526 2089 non
545 2041 636 2089 autem
655 2034 753 2089 habere
777 2039 942 2103 potestatem
960 2032 1135 2102 temporalem

26 2133 69 2182 qna
87 2115 214 2171 Pontifex
240 2119 309 2170 est.“
349 2115 384 2168 Et
402 2131 459 2184 cap.
478 2118 509 2170 h:
537 2113 581 2180 ,Si
599 2113 628 2168 in
647 2131 749 2169 summo
769 2113 900 2168 Pontifice
925 2119 1042 2183 ponatur
1060 2119 1134 2180 pote·

25 2209 72 2250 stas
88 2197 239 2266 spiritualis
259 2200 368 2250 tantum
387 2195 498 2255 directe,
518 2200 547 2249 et
561 2193 715 2262 temporalis
728 2195 867 2253 indirecte.
888 2193 915 2248 id
933 2199 976 2248 est
994 2194 1023 2248 in
1042 2192 1136 2248 ordine

26 2277 97 2331 sotum
114 2277 149 2331 ad
168 2276 337 2344 spiritualia:
362 2276 566 2342 consequitur,
592 2291 669 2343 posse
693 2274 852 2330 Pontificem
876 2274 980 2338 tollere,
1005 2274 1050 2329 vel
1073 2289 1135 2328 con·

27 2357 125 2414 tundere
143 2358 288 2426 politicum
310 2356 440 2425 regimen,
465 2356 512 2410 sed
535 2355 621 2410 solnm
645 2355 777 2422 seqnitur,
803 2369 880 2422 posse
905 2354 1064 2409 Pontificem
1088 2369 1137 2422 per

25 2439 185 2506 spiritualem
203 2445 287 2506 atque
304 2436 489 2506 Apostolicam
512 2435 755 2492 eminentissimam
778 2451 855 2490 suam
879 2441 1044 2502 potestatem
1070 2433 1135 2490 diri·

26 2533 79 2586 gere
101 2527 130 2574 et
154 2518 294 2586 corrigere
317 2521 480 2584 potestatem
506 2517 652 2586 politicam,
676 2531 796 2582 eamque,
821 2515 844 2570 si
864 2529 929 2584 opus
948 2515 985 2569 sit
1004 2515 1038 2570 ad
1057 2514 1137 2570 finem

25 2599 193 2666 spiritualem,
212 2597 260 2653 oni
278 2598 392 2666 principi
413 2597 531 2651 adimere
549 2604 578 2652 et
596 2597 677 2651 alteri
697 2597 843 2652 conterre.“
1049 2593 1053 2600 ’

87 2682 108 2746 ι)
127 2679 359 2746 Terminologiam
387 2694 441 2732 non
469 2679 537 2732 satis
565 2677 774 2733 determinatam
802 2675 1009 2730 difficultatibus
1037 2674 1138 2743 passim

28 2762 181 2815 ueasionem
202 2758 315 2824 dedisse,
334 2758 455 2826 apprime
474 2758 631 2812 observavit
649 2758 707 2811 Em.
723 2757 800 2816 Card.
819 2757 961 2824 Manning.
981 2763 1061 2809 etex
1080 2754 1138 2822 ipso

26 2839 51 2891 et.
60 2839 190 2895 ttotitorl
211 2855 232 2893 c
247 2855 272 2907 p.
286 2840 329 2895 98.
343 2839 401 2892 lim.
415 2837 550 2904 Manaing
569 2839 626 2892 The
645 2839 762 2892 Votieno
776 2837 894 2892 Deerees
911 2852 937 2904 p.
951 2837 985 2890 ta
998 2851 1053 2890 rem
1066 2835 1139 2889 hisce

25 2921 143 2976 etnddat:
157 2919 235 2986 ,One
245 2919 318 2974 chief
325 2935 405 2974 cause
415 2917 445 2972 ol
453 2919 500 2972 the
510 2919 651 2973 confusion
662 2963 668 2975 .
680 2962 685 2975 .
698 2917 763 2975 ,has
772 2917 839 2972 been
849 2918 896 2973 the
904 2916 1047 2972 uncertain
1054 2929 1102 2970 use
1112 2919 1142 2972 ot

28 3001 160 3072 tanguage.
178 3001 233 3055 end
243 2999 290 3054 the
300 3008 375 3054 want
384 2999 416 3054 ot
422 3015 439 3052 a
449 2999 709 3068 fixedtermluology
723 2997 796 3053 until
810 3015 826 3052 a
842 2997 946 3053 certain
956 2997 1027 3050 date.
1041 3027 1069 3035 —
1082 2995 1139 3050 The

27 3083 87 3136 word
99 3081 248 3151 Tenrporol
256 3095 313 3133 was
324 3079 390 3134 used
400 3081 429 3134 in
439 3085 495 3134 two
504 3095 603 3134 sensas.
625 3077 651 3132 lt
660 3095 717 3132 was
726 3079 791 3132 used
803 3085 832 3132 to
842 3078 945 3147 signity
956 3077 1002 3131 the
1012 3092 1102 3145 power
1112 3075 1141 3130 ol

26 3159 86 3216 tivit
103 3163 204 3216 Rulers
229 3161 258 3214 in
284 3159 331 3215 the
350 3161 441 3214 orders
465 3159 496 3214 os
511 3169 618 3214 nature.
656 3159 718 3212 And
736 3159 764 3213 in
784 3158 839 3212 this
863 3173 940 3213 sense
959 3157 1066 3212 Church
1090 3157 1139 3210 has

27 3257 97 3295 rerer
113 3241 229 3296 claimed
248 3241 272 3294 it
290 3239 332 3294 tor
350 3241 387 3294 its
406 3241 484 3298 head.
522 3239 550 3294 It
568 3255 625 3294 was
643 3240 710 3294 used
734 3239 791 3292 also
816 3247 845 3293 to
863 3237 969 3308 signity
992 3237 1038 3292 the
1057 3239 1140 3306 spiri»

28 3324 77 3375 hrot
93 3337 186 3391 power
201 3321 232 3374 oi
242 3319 274 3374 de
287 3320 392 3375 Pontitt
408 3322 485 3374 tehen
498 3321 622 3374 incident
635 3321 786 3388 indireetlp
800 3337 874 3388 upon
889 3321 1024 3388 temporat
1038 3319 1138 3389 things.

26 3401 73 3456 'lhe
89 3403 215 3471 spiritual
235 3416 325 3470 power
337 3401 410 3466 then,
430 3401 483 3456 had
502 3417 519 3455 a
537 3400 670 3469 temporat
689 3399 777 3464 effect,
797 3399 934 3463 andronii,
953 3416 982 3453 so
1001 3405 1030 3452 to
1048 3397 1139 3466 specle,

28 3481 58 3536 its
74 3485 163 3537 mlonr
183 3482 238 3536 and
256 3497 335 3536 name
353 3481 424 3536 hom
442 3481 504 3534 that
522 3497 577 3546 use,
597 3481 751 3549 remaining
770 3479 872 3546 always
896 3479 1023 3549 spiritual
1048 3495 1078 3532 as
1097 3476 1141 3532 be·

28 3564 81 3617 tue.
122 3565 178 3618 For
202 3563 333 3626 instance,
358 3577 399 3616 we
424 3562 509 3630 speak
527 3561 558 3616 ot
574 3560 638 3626 „the
657 3561 779 3614 Colonial
798 3566 904 3629 powcr‘
923 3561 954 3613 ot
970 3559 1140 3623 theorema,

28 3643 142 3712 meaning
161 3643 211 3696 the
231 3641 357 3708 Imperial
375 3657 466 3710 power
484 3641 591 3709 applied
616 3647 645 3694 to
664 3641 711 3694 the
730 3647 926 3710 govemement
951 3641 982 3693 ot
997 3641 1044 3694 the
1064 3639 1140 3693 Colo·

27 3723 87 3788 niem
105 3723 133 3778 in
152 3722 211 3777 like
229 3737 343 3776 manner
361 3722 408 3777 the
420 3722 547 3789 spiritual
559 3736 652 3789 power
669 3721 701 3774 ot
718 3720 764 3775 the
777 3720 856 3788 Pope,
876 3719 983 3788 applied
996 3719 1141 3788 indirectly

28 3813 51 3853 to
66 3802 196 3872 temporat
215 3801 319 3872 things,
338 3818 394 3856 was
420 3801 589 3872 (improprie)
616 3801 779 3869 improperly
805 3799 888 3854 called
914 3799 1064 3868 'Peinporal
1089 3801 1142 3854 and

27 3881 72 3936 this
89 3903 155 3938 tttttttt
177 3884 309 3951 toqrtendi
335 3897 406 3950 gave
426 3883 480 3937 rise
504 3888 535 3936 to
554 3881 633 3936 much
652 3880 941 3948 misinterpretatiou.“
964 3911 994 3919 -
1015 3881 1142 3936 Ostendit

29 3961 79 4016 «lein
98 3962 294 4018 Bellarminum
311 3964 367 4032 J'am
386 3965 425 4018 ita
448 3963 590 4025 censuisse,
610 3969 638 4016 et
657 3963 727 4016 citat
744 3962 818 4016 inter
835 3962 890 4016 alia
908 3961 957 4016 illa
969 3961 1141 4018 Bellarmini:

30 4041 103 4096 libat
121 4045 179 4099 this
198 4059 290 4111 power
316 4043 341 4098 is
359 4045 387 4098 in
406 4044 453 4098 the
473 4043 545 4112 Pope
571 4044 594 4098 is
613 4048 662 4098 not
681 4042 789 4109 opinion
815 4041 865 4096 but
883 4042 1018 4097 certitude
1043 4059 1142 4112 among

31 4122 161 4181 t'atholiea.
184 4123 291 4192 though
313 4123 390 4178 there
410 4124 442 4179 be
461 4141 543 4191 many
562 4124 723 4178 discussions
748 4131 778 4176 at
796 4131 825 4176 to
846 4124 919 4176 uetuit
938 4124 990 4176 and
1016 4122 1046 4177 of
1068 4122 1143 4176 what

30 4203 120 4272 quality
132 4205 180 4260 the
194 4220 285 4272 power
299 4205 335 4258 is:
355 4204 416 4258 thet
430 4206 453 4258 is
468 4211 497 4258 to
509 4221 565 4272 say,
580 4203 702 4257 whether
713 4203 736 4256 it
747 4202 778 4257 be
788 4203 911 4271 properly
925 4202 978 4256 and
988 4203 1016 4256 in
1028 4205 1109 4269 itsets
1115 4203 1146 4256 ot
