2902 4848
456 449 495 502 De
514 448 619 515 synodo
638 448 806 504 Florentius.
1140 447 1196 501 397

68 595 101 657 in
134 593 279 656 sessione
311 592 364 657 die
388 591 427 656 3⁰
450 591 655 676 Septembris
682 615 713 657 a.
741 591 827 656 1444
858 589 991 672 hahita,
1026 587 1198 675 publicata

66 699 116 755 est
145 690 226 754 iidei
249 688 407 754 Formula
431 687 538 754 Multa
570 700 599 752 ct
632 686 857 767 admirabilia,
893 709 979 774 quae
1009 687 1196 752 doctrinam

65 787 287 852 orthodoxam
319 788 360 852 de
384 788 457 850 istis
481 785 649 872 capitibus
671 773 880 866 continebat3
916 785 1031 850 addita
1062 783 1198 848 luerunt

65 887 130 949 tria
155 885 298 950 Unionis
321 885 454 950 decreto
473 886 545 971 jam
570 885 763 966 conlecta.¹)
798 919 841 932 --
878 882 1040 950 Chaldaei
1064 903 1197 968 quoque

65 995 98 1048 et
121 983 308 1048 Maronitas
331 983 471 1047 Romam
504 982 629 1068 legatos
653 1005 729 1048 suos
754 983 933 1061 miserunt,
968 991 1007 1045 ut
1038 983 1196 1046 unionem

64 1081 274 1166 perficerent
326 1081 500 1145 Venerunt
523 1081 682 1146 videlicet
702 1079 899 1145 Timotheus
922 1079 1197 1164 archiepiscopus

64 1179 239 1243 Tarsensis
263 1177 507 1242 Chaldaeorum
531 1181 566 1243 in
590 1178 700 1244 insula
723 1177 851 1264 Cypro,
884 1185 917 1242 et
939 1177 1034 1242 Isaac
1058 1177 1197 1241 nuntius

65 1277 162 1340 Eliae
194 1278 339 1362 episcopi
364 1277 605 1342 Maronitarum
635 1279 670 1341 in
695 1276 811 1341 eadem
843 1274 961 1341 insula.
1009 1276 1196 1341 Maronitas

64 1373 112 1437 illi
138 1373 449 1456 Monothclitarum,
486 1374 648 1440 Chaldaei
681 1395 758 1438 vero
784 1374 1036 1438 Nestorianismi
1068 1395 1197 1437 errores

63 1469 289 1536 secabantur.
336 1474 454 1556 Legati
478 1483 590 1538 autem
615 1493 728 1537 eorum
753 1493 812 1536 suo
835 1493 1038 1557 suorumque
1059 1473 1195 1535 nomine

62 1589 192 1633 errores
214 1568 425 1655 abjurarunt,
457 1581 489 1634 et
516 1569 704 1635 doctrinam
733 1569 931 1634 catholicam
956 1569 1056 1654 juxta
1079 1577 1194 1654 aptam

61 1665 241 1731 formulam
279 1667 417 1752 professi
451 1678 527 1732 sunt
564 1671 599 1732 in
630 1668 772 1733 solemni
805 1669 950 1732 sessione
991 1665 1106 1731 habita
1138 1666 1194 1730 dic

63 1766 103 1829 7⁰
126 1764 270 1848 Augusti
299 1787 329 1828 a.
357 1766 452 1847 1446,
493 1769 540 1830 uti
571 1765 714 1831 habetur
743 1767 778 1831 in
813 1764 904 1830 bulla
933 1765 1122 1828 Benedictus
1151 1766 1195 1828 sit

60 1863 153 1926 Deua
176 1864 210 1926 iu
235 1884 274 1926 ea
297 1865 442 1928 sessione
466 1864 597 1946 editae

154 1960 206 2024 62.
244 1960 322 2025 Post
352 1963 508 2026 unionem
533 1964 702 2026 variarum
727 1961 857 2025 illarum
882 1961 1073 2042 nationum,
1108 1960 1268 2025 Con-rm·
1283 1977 1365 2020 coner

59 2057 178 2122 cilium
213 2057 443 2123 Florentinum
477 2083 507 2124 a.
548 2059 632 2124 tcto
667 2059 792 2124 Romae
827 2057 1019 2124 conclusum
1055 2067 1115 2122 cst
1148 2097 1192 2108 -
1263 2041 1299 2080 ¹¹¹·

58 2155 299 2241 Opportunum
325 2156 459 2222 videtur
489 2157 545 2221 hic
575 2157 860 2237 animadvertere,
894 2159 929 2220 in
959 2155 1014 2220 illc
1044 2155 1191 2241 generali

58 2254 261 2340 populorum
294 2254 503 2320 orientalium
537 2255 580 2319 ad
612 2255 733 2321 Sedem
758 2253 984 2340 Apostolicam
1017 2276 1191 2337 concursu,

57 2363 96 2416 et
127 2354 162 2416 in
194 2354 316 2418 unione
348 2351 476 2418 illorum
510 2375 587 2417 curn
610 2352 763 2418 Ecclesia
786 2353 952 2433 Romana,
985 2355 1191 2446 apparuisse,

56 2471 164 2536 quam
195 2453 363 2536 sapienter
387 2448 539 2515 Christus
563 2452 730 2516 Dominus
752 2450 924 2515 Ecclesiae
954 2471 1033 2514 suae
1066 2456 1190 2538 prospi-

56 2549 140 2612 ciat.
187 2548 334 2612 Divinus
358 2549 446 2612 enim
471 2548 643 2612 Ecclesiae
673 2559 804 2626 auctor,
835 2547 1035 2634 praevidens
1065 2550 1188 2616 bellum

55 2647 272 2728 acerrimum,
297 2646 386 2732 quod
410 2645 542 2710 saeculo
566 2644 608 2709 ab
629 2646 685 2711 illa
711 2660 818 2710 aetate
835 2647 986 2732 proximo
1012 2643 1189 2730 Lutherus,

56 2743 224 2808 Calvinus
258 2743 383 2830 aliique
416 2753 594 2810 novatores
629 2744 800 2809 Ecclesiae
839 2745 975 2830 ejusque
1018 2745 1190 2811 doctrinae

54 2852 173 2906 emant
195 2841 335 2926 illaturi,
359 2861 428 2905 rem
454 2843 500 2906 ita
522 2842 703 2928 disposuit,
735 2850 771 2906 ut
794 2843 883 2906 circa
907 2841 1053 2906 medium
1077 2865 1189 2909 saecu·

53 2941 130 3005 lum
160 2939 485 3025 decimumquintum
516 2941 551 3004 in
581 2939 752 3026 praeclara
783 2943 883 3006 totius
912 2939 1083 3005 Ecclesiae
1113 2963 1189 3008 con-

53 3036 186 3116 cordia,
211 3039 244 3102 in
270 3059 392 3122 magna
414 3039 600 3102 antistitum
628 3037 809 3102 latinorum
838 3059 878 3102 ac
908 3059 1102 3121 graecorum
1127 3041 1188 3105 ire.

53 3136 213 3222 quentia,
247 3137 417 3200 communi
440 3135 656 3200 ecclesiarum
682 3136 827 3202 Orientis
851 3146 884 3200 et
907 3134 1100 3202 Occidentis
1123 3141 1188 3203 sul-

51 3235 166 3317 fragio
191 3243 223 3296 et
246 3232 365 3318 plausu
380 3229 522 3298 Romani
536 3233 710 3298 Pontificis
734 3235 905 3318 primatus,
929 3243 1029 3319 atque
1052 3257 1090 3300 eo
1115 3239 1189 3322 ipso

51 3333 161 3396 totius
191 3329 361 3396 Ecclesiae
393 3343 431 3394 ut
464 3332 632 3396 societatis
664 3331 809 3396 visibilis
841 3331 994 3396 ordinata
1026 3342 1059 3397 et
1091 3335 1187 3400 iirma

52 3430 251 3494 constitutio
276 3428 415 3494 definita
436 3429 553 3510 fucrit,
583 3429 748 3515 simulque
772 3429 858 3492 aliae
881 3429 1052 3494 doctrinae
1075 3435 1187 3516 capita

52 3551 75 3592 a
99 3524 319 3591 novatoribus
343 3526 437 3591 brari
461 3535 535 3612 post
558 3528 763 3612 impugnata,
787 3527 836 3589 uti
862 3529 914 3590 ris
937 3527 1092 3593 sacrificii
1110 3531 1186 3595 Mis-

51 3647 112 3690 sae
138 3634 173 3688 et
195 3626 375 3690 existentia
397 3626 589 3710 purgatorii.

148 3722 202 3786 63.
228 3721 449 3788 Consentiunt
462 3721 636 3804 Catholici,
657 3721 831 3807 Synodum
848 3722 1073 3789 Florentinum
1090 3747 1185 3792 oecu-

53 3823 227 3886 menicum
242 3821 344 3886 luisse
352 3819 550 3902 Concilium,
571 3822 686 3886 saltem
705 3843 808 3907 usque
825 3821 868 3886 ad
883 3822 1064 3886 discessum
1082 3825 1184 3890 Grae·

52 3939 183 3984 corum.
235 3918 274 3982 Id
310 3919 445 4005 quidem
480 3929 628 4005 tempore
663 3919 803 3985 Concilii
840 3919 1028 3984 Tridentini
1063 3920 1190 3988 Orator

130 4147 152 4218 1)
174 4146 206 4206 ν,
228 4147 318 4204 moue
338 4149 415 4203 xnn
436 4151 515 4204 1222.

130 4229 153 4296 2)
175 4226 207 4280 v.
227 4227 318 4284 moue
337 4228 417 4287 xm.
444 4231 520 4284 raas.
