2858 4834
280 399 333 452 200
512 399 596 466 XXV.
617 400 656 453 De
676 417 757 452 (sarisa
777 417 796 454 s.
818 401 935 455 'streniae
954 403 1167 459 cantuariensis,

270 544 359 628 sesto
390 543 499 606 beatae
524 545 651 606 silesiae
676 542 890 630 Mapdalenoe
921 546 1049 629 factam
1079 571 1174 632 usqam
1213 552 1393 636 aelfestum

279 639 364 703 beati
389 643 525 704 Martini
556 639 731 718 abstulerit,
764 652 834 706 turea
864 643 985 706 demum
1017 644 1109 707 nobis
1132 647 1270 712 reddens
1292 649 1396 714 doneris

278 761 394 802 vacares
418 751 448 802 et
470 740 581 802 horrea
606 737 765 805 demolita,
799 791 804 804 .
831 789 837 802 .
864 790 870 803 .
906 741 1024 805 Nostro
1049 753 1079 805 et
1102 737 1299 810 dominorum
1325 746 1396 812 Cor·

278 837 436 901 dinolium
446 847 622 922 praeeunte
646 837 788 916 consilio,
814 837 857 900 ad
881 839 1041 903 ecclesiam
1064 852 1205 905 noemam
1228 843 1398 909 laceratam
1418 907 1419 914 χ

279 947 309 998 et
331 935 545 998 conculcatam
567 935 672 998 redire
695 935 896 1014 decrevimus,
930 949 965 1001 ut
997 939 1026 1001 si
1057 959 1125 1001 eam
1155 963 1218 1003 ema
1237 963 1419 1027 possemasr

278 1035 395 1117 eripere
420 1043 449 1094 et
471 1032 657 1118 reformare,
682 1033 792 1097 saltem
817 1057 881 1097 cum
907 1036 981 1120 ipsa
990 1048 1170 1121 pereuntes,
1195 1039 1419 1124 confidentius}

273 1153 337 1216 pro
369 1133 443 1217 ipsa
467 1140 653 1217 praesentes
687 1132 833 1217 spiritum
865 1132 1075 1198 redderemus.
1126 1133 1218 1214 Quod
1250 1161 1318 1200 cum
1349 1129 1419 1200 illil

278 1229 385 1292 nuntii
412 1230 515 1293 reostri
546 1230 660 1292 certius
683 1229 878 1306 didicissent,
914 1230 1093 1316 ambiguam
1123 1243 1169 1296 est
1198 1235 1275 1319 qaid
1297 1233 1419 1314 neritii

279 1327 444 1390 eonsilium
467 1328 607 1390 inierunt
623 1350 690 1390 cum
706 1326 898 1412 officialibus
921 1331 1003 1415 repis
1028 1341 1057 1392 et
1081 1331 1320 1398 sceleratissimo
1344 1333 1419 1397 ilict

272 1422 344 1508 filio
369 1425 566 1510 perditionis
589 1425 782 1511 liandulpleo
811 1427 849 1489 de
872 1427 964 1506 Broc,
996 1430 1050 1512 qai
1081 1430 1115 1492 in
1149 1429 1310 1496 ecclesiam
1340 1433 1419 1520 Ml

273 1522 423 1608 publicae
443 1525 612 1609 potestatis
637 1523 768 1587 abutens
790 1524 909 1588 viribus
926 1531 998 1616 jam
1016 1550 1078 1612 per·
1101 1540 1217 1614 septem
1240 1555 1342 1594 annos
1365 1530 1419 1594 itt

279 1621 398 1683 candus
422 1621 627 1686 debacchante
652 1633 706 1686 est.
742 1623 953 1687 Decreverunt
977 1649 1058 1710 erpo,
1083 1637 1117 1690 ut
1141 1638 1267 1691 armata
1290 1646 1419 1696 maneat

273 1729 389 1804 portus
410 1721 519 1798 maris,
556 1720 601 1783 ad
624 1743 701 1804 quos
722 1744 780 1785 nos
808 1732 955 1785 venturos
983 1723 1237 1810 mspicabantnr,
1268 1725 1419 1808 militumi

280 1827 310 1878 et
332 1815 504 1881 satellitum
527 1819 671 1882 custodia
696 1829 725 1882 et
748 1819 918 1904 diliqentia
933 1819 1119 1902 observaret,
1144 1847 1183 1886 ne
1199 1833 1316 1887 temam
1330 1843 1419 1909 pos-i

280 1933 379 1978 semus
409 1917 547 1997 intrare,
579 1918 655 2001 quin
686 1939 804 1980 omnem
837 1915 1062 2002 supellectilem
1084 1931 1225 1984 reostmm
1249 1923 1419 1988 cariosiasl

274 2025 561 2096 perscrutarentur,
586 2025 615 2076 et
639 2039 743 2078 omnes
768 2015 902 2092 litteras,
928 2039 1005 2100 quas
1022 2019 1258 2103 impetravimus
1273 2045 1292 2083 a
1309 2019 1419 2109 maja-l

281 2113 613 2192 consarcinantis
641 2112 815 2197 arescerent.
853 2163 859 2175 .
886 2162 893 2175 .
920 2163 927 2176 .
965 2115 1125 2179 Satellites
1159 2139 1236 2200 quos
1265 2107 1419 2202 anemuri

254 2210 399 2273 ¹armati
422 2209 532 2273 littora
555 2210 740 2287 circuibant,
771 2233 894 2294 ¹(pressos
924 2234 997 2274 euos
1022 2211 1202 2297 diripeates,
1228 2226 1329 2300 prout
1358 2205 1419 2296 sisi

273 2312 346 2394 jam
370 2308 449 2370 dicti
473 2309 683 2372 Eboroceusis
707 2321 737 2371 et
764 2309 995 2373 londoniensis
1019 2321 1048 2372 et
1072 2310 1318 2378 Sumsberiensis
1341 2317 1419 2399 epi-i

281 2407 370 2488 scopi
400 2405 572 2469 dictabant.
607 2457 613 2470 .
640 2458 647 2472 .
674 2457 679 2466 .
716 2405 900 2492 Saepediati
933 2431 1003 2470 uero
1028 2410 1171 2496 episcopi
1196 2411 1419 2476 Contaariarni

281 2514 440 2580 venerant,
474 2515 516 2581 ut,
552 2507 582 2568 ei
605 2503 758 2569 satellites
776 2503 926 2590 publicae
945 2510 1116 2591 potestatis
1140 2530 1204 2571 non
1227 2511 1419 2572 insanie-erui

281 2602 371 2679 satis,
397 2624 448 2664 eos
461 2601 599 2688 amplius
622 2605 819 2688 instiyarent.
852 2605 961 2688 liteque
985 2603 1127 2668 scaettis
1150 2627 1254 2669 eorum
1271 2607 1419 2691 diligere-i

282 2701 343 2762 tias
368 2699 555 2787 exploratis,
580 2725 645 2764 aaa
668 2702 719 2764 die
743 2712 911 2785 antequam
934 2725 1019 2764 mare
1043 2703 1285 2786 ingrederemur,
1311 2715 1419 2796 prae-i

280 2799 394 2860 missae
417 2809 491 2862 sunt
514 2797 640 2862 litterae
664 2811 804 2879 sestrao;
828 2799 884 2863 sed
906 2812 935 2863 et
958 2799 1036 2864 illae
1059 2801 1170 2886 quibas
1193 2797 1419 2874 Eborocensisl

280 2896 540 2981 suspendebatur,
565 2909 594 2960 ot
610 2897 841 2961 Londonieasis
864 2907 893 2961 et
909 2897 1153 2962 Sarisberiensis
1175 2899 1419 2964 revocabaatari

280 2995 315 3056 in
339 2996 525 3060 sententiam
549 2997 769 3074 anathematis,
794 2997 839 3060 eis
855 2996 994 3060 traditae
1012 3007 1092 3068 ‚sunt
1110 2993 1134 3080 ¹)
1156 3035 1199 3044 —
1220 2996 1419 3090 Praesuleffi

281 3102 417 3176 accepta
433 3094 605 3173 sententia,
631 3117 696 3179 qua
712 3092 949 3179 plectebantur,
976 3093 1189 3159 vehementer
1204 3099 1401 3160 consternati
1418 3107 1419 3172 t

281 3199 367 3253 sunt.
423 3189 498 3255 Cum
534 3192 583 3255 lais
617 3191 655 3254 de
694 3193 827 3279 justitia
866 3191 982 3257 litteris
1020 3195 1149 3256 nundus
1173 3195 1419 3278 praemittitum

283 3289 338 3372 qui
353 3287 580 3354 Eboraceasem
603 3300 633 3351 et
648 3289 895 3354 Londoniensem
921 3290 1132 3376 transfretare
1151 3301 1309 3376 parantes
1334 3301 1401 3354 tem-

275 3386 398 3470 pestioe
422 3387 511 3471 apud
537 3383 746 3452 Cantauriam
769 3389 899 3452 invenit.
933 3389 1036 3452 Lectis
1059 3388 1097 3451 de
1121 3389 1275 3452 sententia
1292 3389 1401 3473 fulmi-

281 3495 377 3546 nante
401 3485 523 3548 domini
545 3486 654 3572 Papae
678 3485 804 3564 litteris,
828 3488 862 3548 in
886 3487 997 3572 quibus
1020 3497 1049 3549 et
1064 3487 1119 3550 leoc
1135 3509 1230 3550 anum
1245 3485 1419 3553 eerlorumt

282 3590 368 3644 erat:
392 3583 582 3668 „implemus
596 3582 706 3668 facies
722 3595 842 3648 casuue
858 3587 1062 3669 ieaominia,·“
1089 3585 1226 3649 concidit
1240 3587 1274 3649 ia
1290 3596 1402 3648 mwaai
1418 3573 1419 3638 l

280 3677 384 3744 aalma
408 3681 553 3762 eomom.¹)
1418 3675 1419 3720 l

1418 3759 1419 3790 i

359 3875 379 3948 ι)
397 3875 485 3944 apin
505 3875 546 3930 aa.
1331 3957 1336 3966 ι
1375 3955 1379 3964 .

356 3956 376 4013 't
395 3957 519 4011 Gulielm.
539 3957 668 4025 stephan.
688 3957 770 4021 (iiten,
796 3956 984 4011 vimineo.
1012 3985 1045 3996 -
1070 3955 1191 4010 Litteras
1216 3971 1419 4046 anastasiana,

282 4037 379 4106 quibus
403 4037 557 4092 Alexander
574 4035 619 4091 111
646 4036 877 4106 archiepiscopum
902 4035 1098 4090 Eboraoensem
1126 4033 1271 4104 plectebat,
1292 4052 1318 4090 s.
1336 4034 1419 4116 The,

282 4133 339 4173 mes
366 4117 522 4172 securitatis
550 4118 643 4186 gratia
670 4116 746 4172 misit
777 4115 811 4170 ad
829 4116 957 4172 idoneam
976 4116 1111 4186 virginem
1139 4114 1222 4184 (forte
1240 4115 1398 4170 Centaurica

282 4198 445 4268 degentem),
474 4205 505 4251 ut
534 4198 593 4266 ipsa
620 4197 757 4265 praesenti
786 4212 831 4251 ess
858 4192 976 4266 praesuli
1005 4196 1134 4252 traderet
1172 4195 1259 4264 Epist.
1286 4196 1345 4250 196.
1370 4221 1398 4232 -
