2868 4844
295 427 350 482 2³2
494 428 609 485 XXXII.
629 429 671 488 De
681 429 868 486 *Pontiticibus
885 432 1027 488 Arenioue
1044 434 1223 490 commutatis

295 668 502 736 constabant
532 671 678 757 capitula
708 683 789 738 tuno
819 693 942 756 magna
964 683 1057 759 parte
1081 696 1124 738 ex
1148 674 1303 742 nobilium
1329 675 1390 740 liliis
1416 649 1417 744 l

183 793 200 822 ι»
294 770 507 853 postgenitis,
549 769 669 856 quibus
702 793 769 838 non
801 793 875 836 raro
909 771 1028 836 deerat
1058 775 1191 840 vocatio
1220 785 1251 838 et
1278 775 1391 860 spiritns

293 571 473 655 solvendis,
513 583 602 638 certe
640 575 753 660 magni
789 595 856 640 uon
895 587 973 640 suut
1009 575 1187 642 habendae
1220 539 1390 657 prumentii)

222 881 223 888 ’
296 865 469 952 clericalis.

384 991 437 1055 85.
468 992 510 1056 In
523 990 722 1056 'cornmcadis
745 991 970 1057 concedendis
993 993 1160 1058 interdum
1185 995 1313 1082 quidem
1327 997 1391 1060 Pon·

295 1089 403 1154 tiliees
416 1088 670 1154 Aveniouenses
680 1088 839 1174 largiores
854 1091 997 1172 fuerunt,
1022 1091 1189 1156 interdum
1216 1104 1291 1158 vero
1313 1096 1392 1157 istun

294 1207 390 1251 usum
416 1187 558 1252 decretis
580 1187 679 1252 editis
701 1189 953 1253 restrinxerunt.
987 1188 1150 1271 Quamvis
1166 1202 1276 1255 autem
1298 1213 1392 1256 revers

294 1307 337 1350 ex
353 1285 625 1350 commendaram
651 1307 713 1351 usu
728 1289 824 1351 varia
840 1286 1039 1353 detrimenta
1057 1289 1281 1373 provenirent,
1302 1300 1392 1354 tamen
1416 1297 1417 1344 l

292 1393 363 1447 tum
388 1384 451 1448 isto
475 1395 623 1470 tempore
645 1394 717 1448 tum
740 1384 963 1471 subsequente
977 1394 1084 1450 aetate
1101 1385 1328 1462 difficillimum
1347 1387 1394 1451 luit

294 1480 457 1567 ejusmodi
492 1482 766 1547 consuetudinem
790 1483 923 1569 penitus
945 1481 1087 1565 abolere,
1120 1483 1229 1549 dorice
1257 1495 1392 1549 monaste

294 1581 418 1645 riorum
443 1580 531 1645 bona
547 1581 712 1645 diminuta
735 1591 813 1646 sunt
834 1591 868 1646 et
891 1581 1068 1667 disciplina
1083 1575 1244 1666 regularis
1258 1582 1393 1646 refloruit

295 1715 339 1726 -—
368 1676 591 1763 „Suppressae
615 1677 827 1761 videbantur,
860 1680 976 1744 scribit
998 1679 1250 1758 Thomsssinus
1282 1682 1395 1745 omnipo

294 1774 512 1840 commendas
536 1778 699 1863 majorum
723 1777 961 1842 beneficiorum
985 1787 1053 1842 toto
1077 1777 1209 1842 saeculo
1233 1779 1394 1844 XIII...

295 1871 435 1938 Saeculo
451 1871 535 1938 XIV
560 1874 779 1962 percrebuere
798 1874 1057 1940 innumerabiles
1071 1877 1288 1942 commendes
1309 1877 1395 1962 cujus·

296 1993 361 2057 que
376 1973 508 2056 generis
522 1971 771 2054 beneficiorum,
786 1993 853 2037 non
869 1975 1121 2059 episcopatuum
1138 1985 1279 2052 tantum,
1302 1993 1393 2038 coeno

294 2068 423 2134 biorum
461 2080 494 2132 et
527 2070 786 2156 parochiarum·,‘
815 2070 873 2135 sed
907 2081 940 2134 et
972 2073 1193 2158 prioratuum,
1233 2073 1394 2138 officiorum

296 2167 523 2232 claustralium
554 2178 588 2232 et
617 2167 818 2252 dignitatum
858 2168 1090 2254 capitulorum.
1136 2169 1245 2256 Prope
1275 2170 1395 2235 abests

297 2288 388 2348 vero,
420 2287 485 2331 uon
520 2265 567 2331 ld
586 2287 732 2352 uuquam
767 2275 963 2332 eventurum
994 2267 1106 2352 fuisse,
1144 2271 1180 2332 si
1208 2268 1348 2354 capitula
1372 2277 1397 2328 et

296 2363 458 2429 coenobia
497 2366 652 2449 antiquos
690 2365 906 2429 retinuissent
942 2387 1065 2446 mores,
1104 2387 1313 2452 canonesque
1345 2385 1395 2428 non

297 2460 531 2547 bipartiendaa
554 2483 689 2528 mensae
713 2465 909 2529 communis.
939 2461 1013 2528 Non
1030 2483 1095 2549 quo
1109 2463 1290 2549 aliquando
1306 2475 1396 2550 postes

296 2583 364 2624 non
387 2560 513 2625 fuerint
535 2557 768 2625 commendata
791 2561 952 2626 coenobia
975 2561 1096 2648 aliqua,
1121 2559 1178 2625 ubi
1203 2559 1355 2626 sbbatum
1374 2567 1398 2620 et

295 2657 534 2722 monachorum
566 2665 637 2723 una
664 2669 735 2723 erat
757 2675 882 2741 mensa,
916 2679 983 2723 una
1014 2657 1246 2744 temporalium
1270 2661 1395 2724 omniun

297 2758 507 2837 communi03
532 2755 591 2821 sed
606 2777 645 2820 eo
662 2756 841 2821 deventum
866 2773 933 2822 non
957 2755 1015 2840 est,
1040 2758 1104 2821 nisi
1127 2758 1321 2843 pergrsdus
1341 2766 1398 2841 post

295 2853 403 2939 longe.
432 2852 594 2939 plurimas
624 2855 839 2920 commendas
860 2855 951 2920 'sliss
982 2855 1228 2937 coenobiorum,
1268 2856 1323 2920 ubi
1352 2875 1397 2916 sus

295 2955 474 3040 separatim
508 2950 627 3034 abbas,
666 2954 772 3038 prior,
810 2954 1059 3018 administrator
1094 2953 1195 3019 oflicii
1235 2949 1398 3018 claustralis

297 3049 446 3116 habebat
474 3050 576 3132 bonu,
609 3073 669 3116 sus
697 3054 873 3137 separatim
898 3060 1083 3116 conventus
1105 3050 1315 3134 regularium.
1339 3097 1345 3111 .
1366 3095 1397 3111 .-

293 3231 461 3238 ——-..-—.-
487 3231 503 3236 -v

332 3397 338 3406 ⁴
376 3339 393 3402 ¹)
415 3339 611 3392 Documentum
631 3344 754 3405 superest
778 3336 844 3392 anni
863 3338 932 3392 1372
957 3336 1027 3404 quod
1051 3335 1222 3392 inscribitur:
1251 3337 1336 3404 „Unio
1354 3333 1397 3390 lle

295 3418 406 3488 guntini
428 3418 501 3472 Cleri
520 3426 615 3473 contra
634 3415 789 3472 exactiones
807 3416 927 3486 papales.
940 3446 972 3456 —
987 3415 1111 3483 Qualiter
1122 3415 1270 3486 Gregorius
1287 3415 1397 3472 decim

298 3498 418 3554 omnium
437 3497 585 3552 ecclesiast.
605 3499 752 3564 fructuum,
770 3497 924 3552 reddituum
943 3501 972 3552 et
990 3501 1167 3564 proventuum
1181 3497 1327 3566 praesentis
1338 3492 1395 3550 suni.

294 3589 348 3647 per*
373 3577 540 3646 provinciam
571 3569 696 3647 Mogontss
729 3583 757 3632 et
787 3577 931 3632 nonnullas
961 3577 1031 3631 alias
1061 3577 1214 3645 provincias
1242 3575 1398 3632 Alemannise

295 3660 405 3714 duxerit
423 3659 620 3727 imponendam.
640 3700 646 3713 .
664 3701 670 3714 .
686 3700 693 3714 .
712 3658 749 3712 Et
768 3659 833 3712 licet
850 3658 880 3712 in
898 3657 957 3725 ipso
974 3657 1020 3716 SS.
1039 3655 1399 3726 obrenmunsture

296 3741 451 3804 clemencia,
476 3755 556 3806 qnam
581 3742 665 3794 etism
689 3740 724 3793 ab
746 3740 826 3794 annis
848 3738 1022 3794 discrecionis
1046 3739 1104 3792 sive
1122 3738 1299 3792 communiter
1315 3733 1397 3790 dicitu

294 3819 429 3890 habuisse,
449 3861 456 3875 .
477 3866 482 3877 .
503 3861 509 3872 .
530 3835 696 3886 excusamur,
723 3820 787 3887 quia
811 3835 888 3874 nemo
907 3820 942 3874 sd
960 3817 1124 3886 Impossibile
1141 3818 1288 3886 obligatur,
1307 3845 1334 3855 -
1353 3815 1397 3880 ipss

295 3902 320 3958 t.
334 3901 366 3955 Ι).
381 3901 412 3955 N.
426 3901 503 3970 Paps
515 3901 699 3966 quorumdam,
718 3917 735 3954 a
753 3916 864 3966 quorum
884 3900 988 3953 dextris
1005 3905 1063 3952 stat
1075 3897 1204 3964 diabolus,
1222 3895 1395 3965 preferenciun

294 3981 473 4050 cupiditatem
501 3982 638 4049 propriam
663 3979 725 4036 Juri
750 3987 810 4044 ete„
836 3979 926 4033 fallaci
951 3979 1063 4048 Ingenio
1087 3977 1306 4033 clrcumreutus·
1341 3973 1395 4028 Ilei!

295 4065 493 4130 protestantur,
521 4067 649 4118 recusant
666 4059 834 4125 solutionem,
860 4067 889 4114 et
913 4075 942 4114 se
968 4058 1092 4128 obligant
1116 4061 1166 4114 sub
1189 4073 1273 4128 poena
1294 4051 1395 4124 perjurii·

294 4139 425 4196 iussmise
449 4145 508 4206 etc..
529 4142 598 4207 quod
618 4157 671 4194 nou
690 4141 748 4195 sint
765 4141 888 4196 soluturi.
922 4141 954 4196 V.
976 4139 1149 4207 [lambergss
1167 4140 1198 4194 B.
1217 4137 1273 4192 IV.
1291 4131 1394 4192 liriu'kl
