2964 4838
292 424 345 476 472
491 424 617 480 xxxvl.
637 426 678 482 De
696 433 772 482 statu
790 429 928 484 Ecclesiae
946 429 1027 486 initio
1044 431 1118 486 Sacc
1140 431 1214 486 xri.

136 566 258 606 Montio

152 638 249 668 norum.

292 567 432 653 desectas
455 570 698 636 seminandorum
727 582 816 636 certe
839 595 907 636 una
929 573 994 638 luit
1020 595 1063 638 ex
1086 577 1197 640 causis
1219 579 1397 661 praecipuis

292 665 381 751 quod
416 668 510 750 vigor
546 677 580 731 et
611 671 769 734 sanctitas
806 672 841 736 in
873 671 1104 737 sacerdotibus
1140 672 1395 740 desiderarentur.
1456 689 1457 764 t

293 763 427 828 Etenim
451 765 485 828 iu
509 764 791 832 Universitntibus
814 767 1011 854 disciplinae
1034 771 1182 855 quidem,
1207 769 1400 836 humaniores

292 863 497 946 pracsertim,
523 866 655 948 egregie
679 864 882 944 colebantur,
906 865 1046 934 sednon
1061 869 1141 932 satis
1156 871 1318 953 provisum
1329 885 1397 937 erat

293 971 329 1022 ut
353 960 533 1032 virtutibus
565 961 676 1027 clerici
701 963 937 1030 imbuerentur.
984 963 1101 1030 Plures
1130 969 1230 1030 etiam
1261 968 1293 1032 in
1316 965 1400 1030 Clero

292 1060 453 1144 superiori
484 1057 647 1125 leviorum
672 1071 767 1126 erant
790 1083 935 1141 morum,
972 1085 1142 1148 quumque
1173 1062 1232 1128 filii
1255 1063 1397 1128 nobilium

293 1157 544 1242 secundogeniti
576 1179 673 1242 saepe
704 1161 805 1222 statui
829 1158 1054 1226 ecclesiastico
1086 1159 1339 1244 destinarentur,
1368 1177 1397 1228 ut

294 1254 337 1318 sd
372 1254 551 1340 dignitates
584 1256 726 1341 majores
749 1258 979 1341 pervenirent,
1014 1260 1170 1342 quamvis
1192 1261 1319 1324 roratio
1343 1279 1397 1322 uon

293 1351 441 1434 adesset,
472 1353 687 1434 factumest,
719 1364 757 1419 ut
777 1354 965 1419 liberiorem
990 1377 1089 1440 saepe
1121 1355 1282 1420 ducerent
1302 1359 1403 1432 vitatu..

294 1449 512 1537 habitumque
537 1451 797 1518 ecclesiasticum
822 1474 888 1517 non
913 1452 1088 1518 deferrent.
1105 1491 1148 1500 —
1169 1451 1278 1520 Simili
1291 1457 1399 1520 ratione-

294 1550 394 1612 etiam
428 1551 463 1613 in
488 1547 672 1614 Ordinibus
704 1550 884 1634 religiosis,
919 1548 972 1613 vel
1006 1551 1041 1616 in
1066 1552 1168 1616 variis
1201 1552 1401 1630 monasteriis,

296 1648 384 1710 vitae
414 1649 589 1710 severioris
619 1646 778 1712 relaxatio
810 1647 898 1733 apud
931 1647 1043 1732 plures
1073 1648 1320 1721 inveniebatur,
1351 1671 1397 1712 uec

295 1765 409 1808 omnes
444 1766 558 1808 veram
602 1748 810 1810 vocationem
845 1745 1032 1830 religiosam
1069 1745 1249 1813 habebant.
1302 1747 1400 1812 Postea

295 1853 365 1906 tum
390 1841 437 1906 illi
462 1842 574 1908 clerici
589 1845 678 1908 vitae
702 1843 865 1908 liberioris
889 1853 958 1906 tum
981 1843 1143 1927 ejusmodi
1165 1843 1309 1928 religiosi
1327 1865 1397 1929 pseu-

296 1939 623 2006 doreiormatoribus
647 1941 878 2006 adhaeserunt.
896 1979 940 1988 -—-
956 1941 1087 2007 Morum
1111 1951 1225 2006 nutem
1249 1941 1392 2008 levitaset

297 2037 468 2102 dissolutio
494 2041 642 2104 maxima
666 2051 737 2104 erat
759 2038 849 2124 apud
872 2038 990 2120 laicos,
1015 2048 1086 2105 tum
1111 2040 1281 2126 principes
1303 2063 1340 2104 ac
1357 2059 1391 2104 ur

296 2136 390 2216 biles,
415 2145 485 2200 tum
510 2136 668 2222 plebejos,
693 2139 740 2202 ita
760 2146 797 2202 ut
812 2135 946 2221 plurimi
963 2138 1058 2221 parvi
1074 2137 1260 2222 penderent
1274 2136 1392 2222 voluptt-

296 2234 386 2298 tibus
410 2233 534 2298 illicitis
567 2257 601 2298 se
626 2237 840 2298 committere.
890 2234 1053 2314 Quamvis
1086 2233 1305 2300 nibilominus
1325 2233 1395 2321 pleri·

297 2355 361 2418 que
385 2332 537 2417 religioni
562 2333 745 2398 catholicae
769 2332 893 2398 addicti
920 2343 1048 2413 essent,
1073 2354 1172 2398 verus
1195 2343 1308 2400 tamen
1327 2327 1398 2417 apud

297 2452 362 2494 non
389 2452 512 2514 paucos
535 2430 650 2496 deerat
672 2430 841 2515 religionis
862 2431 982 2512 fervor,
1006 2453 1047 2494 ac
1060 2430 1156 2496 facile
1171 2431 1255 2496 tales
1271 2432 1399 2496 hominos

297 2529 411 2594 seduci
449 2539 610 2614 poteraut.
657 2529 726 2594 Ista
764 2552 893 2595 morum
931 2528 1093 2604 relaxatio
1132 2551 1175 2596 ex
1202 2527 1398 2615 scriptoribus

298 2625 430 2690 illorum
455 2636 640 2712 temporum
664 2626 798 2710 relucet,
824 2649 856 2692 v.
872 2649 904 2712 g.
929 2649 972 2690 ex
984 2627 1131 2712 epistolis
1147 2627 1285 2692 Aeneae
1302 2624 1399 2710 Sylvii.

298 2725 344 2789 Ut
368 2724 532 2809 quaedam
556 2724 672 2790 saltem
697 2727 848 2806 citemus,
872 2735 1096 2812 opportunum
1114 2728 1176 2790 erit
1193 2726 1315 2790 referre
1336 2719 1400 2808 quid

298 2825 334 2887 in
347 2823 569 2908 Descriptiooe
588 2823 676 2888 urbis
695 2823 880 2888 Viennensis
904 2827 970 2909 (ep.
986 2822 1064 2908 165)
1088 2821 1131 2888 de
1154 2822 1274 2891 incolis
1296 2839 1403 2886 eorum·

299 2943 365 3007 que
390 2921 536 2984 moribus
560 2920 659 2988 dicat.

391 3055 443 3120 78.
496 3055 676 3141 Postquam
712 3057 889 3141 descripsit
929 3055 1138 3142 splendorem
1181 3053 1400 3118 aedifieiorum.

300 3155 460 3218 domuum
484 3176 524 3218 ac
547 3153 744 3240 templorum
770 3156 925 3236 civitatis,
949 3165 1127 3240 questum
1151 3151 1239 3216 ultra
1263 3153 1401 3237 quinqua·
1456 3187 1457 3202 η

299 3255 393 3337 ginta
407 3250 510 3316 millia
523 3253 706 3316 incolarum
719 3251 874 3332 babebat,
890 3254 952 3316 ait:
980 3249 1194 3334 „Sacerdotes
1210 3247 1400 3313 abundantes
1456 3255 1457 3340 p

302 3351 398 3414 bonis
421 3349 583 3434 pluribus.
688 3349 839 3430 Qustuor
853 3348 998 3416 Ordines
1021 3345 1284 3412 mendicantium
1307 3339 1401 3430 procul
1456 3341 1457 3374 l

300 3473 320 3513 a
345 3449 558 3514 mendicitate
583 3449 628 3513 ibi
654 3449 786 3513 absunt.
833 3449 923 3514 Scoti
940 3447 1178 3534 (Benedictini)
1202 3453 1235 3508 et
1258 3439 1399 3508 Canonici

301 3546 469 3631 regulares
486 3569 510 3611 s.
525 3549 703 3632 Augustini
721 3547 901 3611 admodum
919 3545 1040 3610 divites
1056 3543 1229 3624 habentur,
1249 3539 1393 3606 moniales

302 3806 375 3861 mille
394 3822 477 3860 unum
496 3805 609 3872 reperiri
627 3805 811 3860 continentem
829 3803 1059 3876 presbyterorum,
1084 3815 1173 3856 omues
1197 3807 1246 3854 aut
1264 3795 1398 3852 concubina·

303 3887 364 3950 rios,
384 3895 434 3940 aut
452 3885 596 3951 adulteros,
625 3891 675 3938 aut
692 3885 762 3952 quod
780 3884 857 3954 pejus
876 3891 919 3937 est
937 3881 1063 3936 inveniri.
1084 3926 1087 3934 ,
1109 3922 1114 3932 .
1135 3922 1141 3934 .
1160 3879 1234 3934 Vicit
1253 3884 1338 3932 taureu
1353 3889 1397 3927 ssu

303 3967 392 4022 tentia
415 3981 513 4031 eorum,
540 3966 585 4032 qui
604 3965 654 4019 hoc
671 3971 792 4032 tempore
811 3971 920 4018 tantum
939 3978 1004 4030 opus
1029 3959 1240 4030 aggrediendum
1259 3962 1397 4025 negarem·

302 4051 343 4104 De
366 4047 446 4102 rebus
464 4046 588 4100 Basileus
611 4045 698 4115 gostis
723 4044 939 4108 commentarius,
964 4043 1005 4101 ed.
1024 4041 1080 4096 Fen
1098 4057 1122 4109 p.
1142 4041 1185 4095 st.
1199 4067 1229 4077 —
1242 4035 1394 4105 Exaggeflfl

303 4129 410 4196 quidem
430 4137 495 4181 sunt
504 4127 578 4180 dicta
587 4125 763 4196 sigismundi,
782 4125 830 4192 qui
848 4125 905 4192 ipse
923 4124 952 4178 in
965 4123 1119 4190 voluptates
1132 4118 1230 4176 effusus
1242 4127 1310 4182 erse
1326 4119 1398 4168 ostru-

302 4210 372 4264 duut
391 4215 490 4270 tamen,
510 4205 680 4274 disciplinam
698 4221 751 4260 uon
770 4221 832 4260 raro
850 4205 980 4259 violatam
999 4201 1091 4257 fuisse
