2836 4848
248 495 337 550 Lucta
356 495 487 550 Friderici
506 497 535 550 11
553 513 612 552 cum
631 497 688 551 RR.
707 497 892 555 Pontificibus.
1079 499 1132 552 417

27 637 108 703 ltalia
132 639 339 703 meridionali
364 639 523 720 custodia,
555 639 613 704 ubi
642 640 827 727 complures
859 643 1027 705 aerumnis
1059 664 1133 706 con-

26 737 87 798 iecti
112 747 248 799 mortem
273 737 436 803 obierunt.
485 737 655 803 Gallorum
678 739 868 824 praesulum
891 739 1131 820 liberationem,

25 837 142 899 nonnisi
169 844 240 922 post
254 858 379 900 moram
397 838 475 900 satis
489 836 631 922 longam,
657 861 681 903 s.
700 837 893 903 Ludovicus
909 839 962 902 IX
979 837 1132 904 obtinuit.

23 933 167 996 Pontifex
198 947 276 998 vero
301 956 421 1018 magno
446 937 548 999 animi
581 935 692 1000 dolore
724 939 758 1000 in
783 939 845 1001 ista
876 936 1063 1000 calamitate
1088 936 1133 1000 af·

23 1030 128 1112 dictus,
162 1031 278 1096 litteris
308 1033 435 1096 studuit
462 1033 629 1118 praesules
659 1037 810 1118 captivos
842 1033 1002 1098 consolari
1035 1045 1067 1098 et
1090 1034 1133 1098 ad

20 1133 230 1194 constantiam
255 1130 433 1195 exhortari.

96 1229 151 1293 32.
188 1228 379 1293 Fridericus
403 1251 498 1314 porro
523 1229 646 1293 bellum
672 1241 786 1294 contra
810 1229 1007 1312 Gregorium
1032 1230 1133 1292 conti-

18 1329 139 1403 nuavit,
175 1348 280 1412 eoque
311 1326 479 1404 tendebat,
512 1338 548 1390 ut
577 1327 791 1410 Pontificem,
823 1351 843 1391 a
871 1349 935 1413 quo
968 1326 1134 1390 defecerat

16 1425 104 1486 eriam
129 1424 281 1489 Joannes
305 1423 492 1489 Cardinalis
518 1423 689 1506 Columna,
716 1427 749 1489 in
774 1447 867 1489 suam
892 1425 1056 1508 redigeret
1080 1445 1132 1508 po-

15 1533 171 1587 estatem.
219 1521 285 1586 Sed
310 1545 385 1586 cum
410 1527 515 1606 magis
541 1525 713 1609 magisque
742 1524 1023 1609 appropinquaret
1047 1521 1132 1602 urbi,

16 1621 190 1704 Gregorius
222 1621 274 1684 IX
307 1623 394 1686 curis
424 1623 634 1703 gravioribus
666 1623 779 1703 fessus,
813 1645 852 1686 ac
882 1630 1065 1702 senectute,
1097 1623 1132 1684 in

15 1740 70 1800 qua
92 1718 236 1782 vividae
263 1719 450 1804 juventutis
474 1719 574 1785 robur
597 1731 629 1783 et
653 1723 872 1784 constantiam
903 1741 1046 1804 eousque
1070 1740 1132 1782 ser·

16 1827 155 1896 raserat,
180 1818 254 1902 jam
278 1816 457 1896 confectus,
490 1820 620 1882 erivis
645 1818 786 1883 decessit
818 1818 872 1882 die
906 1819 965 1882 21⁰
989 1817 1131 1900 Augusti
1143 1883 1159 1922 υ
1194 1822 1293 1921 ⁸¹⁰5?ss

13 1916 80 1976 soni
109 1915 211 1977 1:241.
257 1914 403 1998 Insignis
426 1915 597 1979 Pontilicis
628 1919 820 1980 memoriam
845 1915 1004 1978 laceravit
1027 1913 1133 1999 Impe-
1154 1893 1250 1932 'imm
1277 1911 1303 1921 ‘⁶

12 2029 99 2090 rator,
134 2011 220 2074 dum
251 2012 322 2096 ejus
346 2012 473 2076 obitum
498 2013 705 2098 principibus
736 2013 920 2100 petulantia
953 2014 1065 2096 inepta
1094 2033 1133 2074 ac

12 2109 69 2172 iera
93 2112 244 2173 nuntiat.
298 2111 470 2174 Victorioso
496 2113 634 2174 exercitu.
649 2123 755 2175 nostro
773 2113 928 2176 Romania
942 2110 1064 2194 finibus
1088 2112 1134 2172 in-

9 2206 135 2284 ridente,
164 2207 291 2289 scribit,
316 2209 360 2272 ad
382 2233 459 2294 qum
475 2209 629 2273 ariditate
646 2211 877 2296 componendae
892 2210 987 2295 pacis
1012 2219 1040 2272 et
1063 2217 1132 2270 voto

9 2307 107 2386 pacis
132 2305 271 2368 dissidii
293 2307 475 2393 specialiter
499 2306 650 2371 celsitado
679 2321 791 2372 nostra
811 2310 966 2395 pervenit,
987 2306 1135 2392 publicas

9 2401 46 2464 orl
57 2415 173 2468 castra
188 2415 301 2467 nostra
316 2429 424 2470 rumor
438 2407 546 2488 amicit,
568 2407 651 2491 qnod
666 2407 717 2470 die
735 2407 810 2492 (21)
821 2408 1002 2492 praesentia
1021 2405 1135 2467 mensis

8 2501 139 2586 Arraei-eti
169 2501 343 2586 Gregorius
365 2505 458 2589 Papa
481 2505 603 2567 riouiter
626 2515 672 2567 est
694 2504 787 2568 rebus
801 2505 946 2568 hamanis
964 2513 1133 2588 exemptas,

8 2611 34 2658 at
55 2601 111 2684 qni
133 2623 252 2686 pacem
275 2611 304 2662 et
328 2613 496 2665 tractatam
514 2603 607 2687 pacis
630 2604 767 2688 recipere
791 2601 976 2686 deneyabat,
1001 2599 1045 2663 ad
1058 2600 1135 2662 *ani-

8 2697 156 2760 tersalem
182 2698 410 2761 dissuasionem
434 2701 594 2785 aspirans,
623 2703 679 2764 via
701 2699 863 2763 ulterioris
881 2700 1015 2784 Aapaati
1037 2709 1135 2760 metas

5 2797 179 2874 excederet,
216 2799 272 2883 qni
294 2797 469 2882 Augustam
499 2795 655 2882 offendere
685 2797 854 2862 nitebatur.
902 2799 1025 2861 Revera
1055 2819 1134 2858 mor-

6 2905 70 2957 tuas
94 2905 156 2974 est,
185 2919 251 2981 per
274 2918 362 2980 quem
387 2918 461 2981 pace
484 2895 602 2973 deerat,
635 2895 760 2982 vigebat
783 2895 962 2975 dissidium,
989 2905 1018 2958 et
1042 2917 1134 2980 qaam

13 3015 107 3056 ures
150 2995 189 3056 in
227 2995 337 3056 mortis
361 2992 539 3079 periculam
574 2994 766 3060 incidebant.
783 2993 807 3078 ¹)
855 2995 965 3072 Quam
1003 2993 1134 3077 injuste,

5 3091 239 3155 fraudulenter
261 3102 293 3154 et
317 3094 418 3177 impie
432 3091 515 3155 haec
531 3103 692 3176 tyrannus
710 3095 771 3156 iste
786 3091 955 3177 proferret,
981 3113 1022 3154 ex
1037 3089 1135 3154 dictis

4 3189 174 3276 colligitur
198 3199 298 3252 etex
322 3189 472 3254 dicendis
496 3193 602 3276 magis
626 3191 760 3276 patebit.

88 3290 147 3355 33.
199 3287 385 3372 Trigesimo
424 3288 466 3352 ab
506 3288 598 3352 obitu
630 3287 782 3373 Gregorii
811 3288 863 3352 IX
902 3287 955 3350 die
978 3285 1135 3350 Pontifex

4 3385 126 3452 electus
154 3396 206 3449 est
230 3383 433 3450 Godefridus
458 3385 700 3452 Castilionaeus
724 3384 996 3465 Mediolanensis,
1023 3381 1134 3446 Cardi-

5 3484 84 3548 nalis
110 3485 305 3568 Episcopus
330 3481 531 3567 Sabinensia,
556 3509 598 3550 cx
615 3485 741 3552 Ordine
759 3482 980 3567 Cisterciensi,
1008 3505 1133 3548 morum

7 3583 209 3668 integritate,
250 3581 410 3658 doctrina,
449 3585 664 3669 experientia,
700 3605 761 3668 par
790 3605 938 3648 summae
969 3583 1134 3667 dignitati.

6 3681 134 3745 Nomen
167 3677 339 3744 Caelestini
361 3681 415 3744 IV
433 3683 586 3766 suscepit,
611 3691 712 3767 atque
737 3703 813 3745 cum
839 3681 1007 3745 friderico
1033 3679 1067 3744 II
1091 3679 1132 3744 de

6 3803 83 3864 pace
109 3777 266 3843 ineunda
289 3787 430 3842 tractare
454 3780 572 3865 coepit.
620 3779 686 3844 Sed
705 3777 776 3863 jam
802 3778 856 3842 die
882 3780 941 3842 17⁰
965 3777 1134 3864 pontifica-

7 3879 132 3942 tusani
161 3879 278 3939 vivere
302 3875 409 3942 desiit.
457 3876 552 3942 Tunc
576 3876 618 3942 ob
644 3875 806 3941 Friderioi
841 3877 990 3940 animum
1015 3879 1050 3940 in
1073 3875 1135 3938 Ec-

8 3977 142 4041 clesiam
171 3973 323 4038 hostilem
349 3972 451 4039 Sedes
466 3973 658 4060 Apostolica
683 3973 768 4038 ultra
791 3996 917 4038 annum
942 3997 1018 4037 cum
1041 3973 1136 4038 dimi·

8 4075 58 4139 dio
84 4075 238 4140 vacavit.
287 4072 480 4138 Cardinales
505 4071 695 4158 poscebant,
725 4081 761 4135 ut
784 4074 968 4158 Imperator
991 4070 1135 4136 libertati

80 4283 102 4349 ¹)
123 4283 180 4348 Ap.
199 4278 333 4346 Ruynald.
353 4294 377 4330 a.
398 4277 475 4332 1241.
495 4293 521 4330 n.
540 4277 583 4332 83.

61 4383 210 4430 tumtun,
227 4379 414 4418 nisset-tationes.
429 4379 494 4417 Tora.
506 4378 533 4417 V.
977 4365 1011 4416 27
