2858 4834
158 621 257 660 Thomu

136 686 226 725 creatur
240 691 275 721 sr-

143 746 267 796 cttcptsco-

180 819 230 860 pus.

293 480 345 531 161
526 479 609 533 XXV.
631 479 669 534 De
688 495 771 534 causa
788 496 807 533 s.
827 478 945 534 Th0mae
964 479 1177 565 cantuariensis.

295 623 449 702 mitteret,
474 623 504 686 ei
529 643 659 708 quoque
682 624 821 709 aperuit,
846 624 950 709 ipsius
973 621 1179 688 voluntatem
1203 642 1284 700 csse,
1314 631 1349 683 ut
1369 619 1407 682 ad

296 719 407 784 sedem
432 718 521 783 illam
553 719 773 805 primatialem
799 720 941 806 Angliac
971 729 1230 806 promoveretur.
1282 719 1408 783 Praevi-

295 818 383 883 disse
406 818 598 904 perhibetur
617 817 771 902 Thomas,
801 819 974 884 conflictus
998 821 1215 904 interipsum
1240 829 1273 882 et
1297 819 1408 903 princi·

293 939 369 1003 pem
394 926 521 981 orturos
544 939 624 999 esse,
648 918 784 1002 regique
801 917 946 982 dixisse:
976 915 1077 991 Quam
1100 915 1282 1003 relipiosum
1303 918 1410 993 virum,

294 1039 387 1102 quam
410 1027 562 1094 sanctum,
596 1016 631 1078 in
655 1026 718 1078 tam
742 1027 854 1079 sancta
877 1015 958 1098 sede,
990 1025 1020 1078 et
1050 1037 1145 1100 saper
1177 1027 1242 1080 tam
1269 1015 1410 1080 celebrem

293 1127 323 1179 et
347 1125 411 1178 tum
434 1125 576 1177 sanctam
598 1123 780 1176 conventam
809 1113 1028 1177 monachornm
1051 1114 1200 1178 constitui
1230 1113 1412 1178 demdmasl

293 1213 365 1278 Scio
390 1214 569 1291 certissime,
593 1211 669 1295 quin
692 1210 870 1274 siDomino
894 1211 1079 1298 disponente
1103 1211 1253 1276 acciderit
1276 1213 1331 1289 sic,
1355 1235 1409 1272 cer-

294 1313 411 1376 tissime
442 1334 463 1373 α
490 1333 537 1373 me
567 1309 694 1394 auferes
724 1311 872 1388 animum,
907 1321 937 1374 et
968 1311 1077 1396 pratia
1111 1333 1189 1395 qaae
1222 1334 1305 1374 nunc
1335 1311 1412 1371 inter

293 1431 351 1473 nas
381 1420 473 1472 tanta
507 1418 568 1486 est,
609 1409 643 1470 in
667 1409 896 1471 atrocissimam
935 1407 1042 1471 odium
1079 1418 1282 1474 convertetur.
1332 1408 1412 1471 Noui

293 1509 427 1594 quippe,
465 1517 494 1568 te
524 1504 680 1568 nonnulla
715 1516 898 1570 enectorum
930 1516 960 1569 et
989 1508 1024 1569 in
1054 1504 1272 1570 ecclesiasticis
1302 1517 1329 1568 te
1354 1517 1410 1568 tam

293 1604 393 1669 multa
410 1625 625 1690 praesumere,
658 1627 736 1688 qaae
761 1625 813 1687 epo
845 1605 998 1668 munnere
1028 1626 1093 1667 non
1116 1626 1257 1689 possum.
1305 1605 1348 1666 El
1369 1605 1411 1666 ita

294 1703 455 1766 occasione
485 1712 580 1764 nacta
610 1701 813 1788 interponent
846 1725 877 1765 sc
910 1702 1024 1779 insidi,
1056 1703 1110 1787 qui
1133 1703 1289 1766 exstincta
1311 1703 1410 1786 pratia

287 1809 478 1886 perpensam
500 1800 585 1862 inter
607 1821 665 1861 nos
689 1799 796 1863 adium
819 1798 1009 1863 excitabunt.
1017 1800 1042 1879 ¹)
1069 1799 1140 1862 Rex
1156 1810 1266 1863 tamen
1285 1798 1412 1862 videtur

294 1917 442 1984 sperasse
473 1897 557 1978 fore,
591 1905 629 1961 ut
650 1895 780 1961 Thoma
804 1899 908 1983 ipsius
930 1898 1038 1961 amico
1062 1895 1325 1984 archiepiscopo,
1356 1897 1411 1960 etsi

295 1996 377 2059 forte
401 1995 567 2058 interdum
598 2015 657 2079 pro
682 2017 772 2059 moro
796 1996 960 2082 quaedam
984 1994 1059 2058 lites
1082 1997 1255 2074 orirentur,
1286 1995 1412 2058 facilius

295 2104 405 2158 tamen
440 2094 509 2178 ipse
539 2103 754 2175 augmentum
787 2094 992 2158 auctoritatis
1016 2102 1279 2178 consequeretur.
1329 2094 1411 2177 Rege

295 2194 406 2278 itaque
430 2199 577 2276 urgente,
603 2201 635 2254 et
658 2191 818 2255 suadente
842 2191 987 2256 Henrico
1002 2189 1178 2256 Cardinale
1200 2189 1319 2255 Pisano
1335 2192 1410 2254 Pon-

295 2291 394 2354 tificio
419 2291 451 2353 in
470 2288 593 2371 Anglia
616 2287 734 2372 legato,
759 2289 905 2354 Thomas
928 2290 1098 2374 acquievit
1119 2290 1280 2374 principis
1304 2289 1411 2352 voluu-

295 2389 365 2453 tati.
391 2387 500 2468 Quum
516 2387 680 2451 Henricus
697 2409 789 2451 suam
806 2388 1010 2452 voluntatem
1028 2386 1171 2472 capitulo
1189 2385 1410 2471 significasset.

296 2488 356 2551 etsi
380 2484 580 2572 quibusdam
606 2487 775 2550 canonicis
792 2485 963 2550 monachis
987 2485 1091 2568 (haud
1107 2485 1283 2566 immerito)
1309 2483 1411 2571 displi-

297 2593 394 2666 ceret,
428 2584 500 2647 viro
525 2585 581 2669 qui
606 2583 704 2647 rebus
729 2583 907 2647 mundanis
931 2585 1040 2668 potius
1074 2605 1218 2670 eousque
1242 2582 1412 2646 videbatur

296 2683 460 2762 addictus,
486 2681 550 2745 tale
574 2703 696 2745 munus
720 2680 871 2764 conferri,
907 2691 1018 2745 tamen
1044 2703 1120 2744 cum
1144 2683 1177 2745 in
1202 2665 1409 2766 archiepisco·

297 2803 377 2868 pum
401 2778 539 2864 elegere,
564 2789 663 2865 atque
688 2800 765 2842 mox
781 2778 927 2842 Thomas
943 2781 976 2843 in
994 2779 1224 2864 presbyterum
1248 2779 1413 2843 ordinatus

298 2888 331 2944 et
354 2881 386 2942 in
413 2881 603 2964 episcopum
630 2875 902 2941 cantuariensem
927 2887 1137 2941 consecratus
1161 2887 1219 2941 est.
1266 2873 1411 2940 &noere-

297 2986 388 3054 rant,
427 2976 536 3061 inquit
565 2974 746 3040 Get-vastus
769 2973 1028 3040 Doroborrensis
1058 2977 1092 3039 in
1118 2973 1280 3039 Chronico
1314 2973 1355 3037 ad
1387 2995 1412 3034 a.

301 3075 396 3152 1162,
437 3071 630 3138 Cantaurias
654 3072 824 3159 praesules
855 3084 885 3136 et
913 3075 1077 3160 principes
1109 3074 1208 3158 repsi,
1246 3081 1281 3135 ut
1312 3081 1416 3134 sanus

299 3176 482 3239 assisterent
512 3173 749 3236 consecrationi.
802 3170 943 3236 Sabbata
972 3174 1069 3258 ipitur
1104 3182 1284 3236 octavarum
1314 3171 1415 3234 Pente.

250 3349 252 3354 ,
299 3281 396 3336 costes
419 3271 453 3334 in
473 3269 653 3357 presbyteri
674 3269 809 3354 madum
832 3269 1009 3348 ordinatus,
1034 3270 1069 3332 in
1088 3271 1227 3334 musano
1252 3269 1414 3353 archiepis-3

300 3391 395 3455 copres
418 3368 657 3432 consecrandus.

392 3494 442 3556 12.
490 3491 770 3578 Archiepiscopus
809 3492 915 3556 lactus
950 3491 1096 3556 Thomas
1128 3492 1412 3587 Benedictinorum

300 3589 452 3655 habitum
483 3590 606 3672 induit,
643 3592 813 3675 vitamque
837 3589 958 3654 ducere
983 3590 1092 3674 coepit
1116 3611 1193 3654 vere
1218 3601 1363 3654 sanctam

301 3689 434 3755 sublimi
466 3710 602 3752 munere
636 3710 694 3752 suo
729 3689 875 3772 dignam.
933 3687 1129 3752 Cancellarii
1166 3709 1244 3752 vero
1276 3687 1410 3846 οἷίὶοίιᾛ

302 3787 437 3868 dimisit,
462 3795 499 3850 ut
521 3785 659 3850 liberius
682 3787 791 3871 gregis
815 3808 929 3850 curam
953 3807 1067 3872 gerere
1083 3797 1202 3871 posset,
1228 3796 1260 3850 et
1275 3785 1317 3850 ab
1334 3785 1409 4062 H}

300 3887 369 3950 rico
380 3885 520 3972 juniore,
544 3887 632 3969 regis
645 3884 722 3968 filio,
747 3885 842 3970 cujus
855 3885 1051 3949 institutioni
1065 3883 1255 3969 praefuerat
1265 3882 1386 3947 Thomu

302 3983 372 4068 ipse
396 3985 559 4047 aratione
580 3985 725 4047 muneris
749 3983 832 4066 gesti
847 3981 1018 4047 reddenda
1035 3981 1205 4046 absolutus
1227 3991 1286 4046 est.
1321 3981 1379 4046 Brs

378 4265 397 4335 ¹)
415 4264 484 4320 Vita
501 4266 594 4334 quadr.
613 4281 635 4322 a
654 4265 703 4321 VI.
