2868 4844
402 464 506 518 nuccio
526 463 628 520 Urbani
647 463 695 520 Vl.
1071 467 1124 520 ato

23 609 154 688 remim,
177 621 208 673 et
229 611 266 672 io
287 610 420 672 introita
443 619 473 672 et
491 617 567 694 post
589 630 683 693 stoque
707 607 753 671 od
767 620 886 694 tempus
905 610 1124 696 impressionis

22 709 126 792 apso
145 707 238 793 iufra
265 706 397 785 dicatio,
429 709 574 772 confisus
596 707 735 792 fisermrt
756 709 793 770 iu
815 706 976 774 oolaotote
1000 720 1030 772 et
1046 731 1123 794 pro·

20 807 104 890 posito
125 813 155 868 ot
177 803 415 882 ddibmtiooo,
441 806 540 870 ctiam
560 827 600 868 osc
616 805 721 870 wasia
735 806 935 890 temporalibus
949 805 1124 872 Εοοὶοοίανη

19 913 138 968 imolam
150 903 225 982 Dei,
249 901 389 989 elipandi
402 901 596 988 ‹loColleps'o
620 913 650 965 et
672 925 736 968 nou
758 902 797 966 de
812 914 915 982 estro,
940 914 971 968 ct
985 903 1125 991 elipandi

20 1002 268 1066 somonam
289 1011 321 1064 ot
341 1023 406 1064 ooo
421 999 578 1076 Italicum,
602 1012 632 1064 ot
647 1001 779 1064 Domini
794 999 903 1066 Italici
919 1013 1011 1067 eram
1028 1005 1125 1068 etiosa

17 1101 43 1162 io
61 1097 282 1163 deliberatione
315 1096 454 1183 elipandi
483 1099 522 1162 cie
551 1097 688 1182 Collopio
712 1108 742 1160 ot
764 1121 829 1162 stoa
852 1100 891 1162 cle
915 1110 1017 1184 aetra,
1051 1101 1124 1164 licet

17 1197 171 1276 umam,
195 1196 249 1260 ubi
273 1195 352 1260 bono
375 1195 466 1260 niodo
486 1206 597 1282 posset
615 1195 698 1278 ficri,
722 1206 757 1258 ut
780 1219 862 1260 unus
885 1219 924 1260 oto
938 1197 1061 1262 Italicis
1084 1200 1123 1262 de

17 1292 138 1380 Collqio
163 1294 341 1380 clipcretuu
372 1305 403 1358 et
425 1295 461 1358 io
483 1296 549 1357 isto
571 1291 733 1358 voluntate
750 1307 998 1379 permoneat-sat
1027 1298 1123 1360 otiam

9 1403 165 1478 postquam
197 1394 398 1456 intrauerunt
434 1389 586 1456 Concluoe
623 1414 719 1476 rosque
757 1391 801 1454 od
835 1393 1025 1471 crastinam,
1063 1417 1123 1479 qao

12 1490 169 1555 ramentas
192 1511 278 1552 more
299 1489 393 1556 solito
417 1491 532 1554 masos
555 1512 641 1554 suos.
676 1527 716 1538 -··
750 1488 846 1569 Quod
878 1501 1030 1556 asserunt
1052 1513 1123 1577 pro-

13 1589 143 1670 positum
166 1589 249 1673 ipsis
270 1588 373 1652 fuisse
398 1587 544 1672 eligendi
569 1587 861 1669 ultramontanum,
886 1591 913 1653 si
929 1587 1124 1673 intelligitur

11 1685 229 1750 dedesiderio
253 1695 286 1748 et
308 1707 367 1770 spe
391 1686 541 1750 nondum
566 1685 663 1772 plane
686 1685 817 1771 abjecta
838 1687 1054 1772 perveniendi
1079 1687 1122 1750 acl

10 1783 210 1848 concordiam
235 1783 300 1848 hoo
321 1786 356 1848 in
382 1786 524 1868 negotio,
549 1784 681 1848 admitti
705 1795 828 1870 potest,
852 1783 1040 1848 atdubium
1057 1805 1122 1848 noo

8 1901 68 1944 esse
91 1881 235 1962 videtur,
262 1881 335 1967 jam
366 1892 444 1946 ante
468 1883 654 1965 ingressum
685 1884 720 1946 in
745 1881 913 1948 Conclave
945 1882 1058 1968 plures
1088 1885 1122 1946 iu

8 1989 106 2044 mente
139 1977 296 2044 habuisse
330 1979 525 2046 electionem
557 1979 698 2065 alicujus
721 1979 808 2044 Itali.
856 1978 1031 2046 Caeterum
1064 2001 1122 2064 pro

6 2091 145 2161 tempore
176 2075 210 2140 id
243 2077 401 2162 probatae
431 2077 565 2157 sufficit,
591 2077 790 2143 cardinales
816 2080 904 2163 ipsos
932 2080 1121 2158 convenire,

7 2194 35 2234 se
58 2196 117 2259 per
140 2173 388 2259 postulationes,
406 2177 524 2255 minas,
548 2175 711 2240 tumultus
724 2188 802 2240 ante
819 2174 986 2240 Conclave
1002 2177 1122 2240 initum

6 2269 85 2336 baud
118 2273 238 2336 timore
272 2273 441 2358 perculsos
472 2274 590 2357 fuisse,
630 2283 730 2360 atque
762 2275 862 2338 etiam
893 2277 929 2339 in
961 2273 1122 2338 Conclavi

6 2369 182 2456 intrepidos
214 2372 411 2456 perstitisse,
450 2371 556 2436 donee
585 2372 751 2458 quaedam
781 2372 869 2436 facta
903 2372 1122 2436 determinata

6 2470 205 2536 advenerint.

87 2573 139 2635 11.
163 2569 243 2634 Jam
267 2569 507 2648 examinemus,
532 2589 596 2653 quo
621 2567 718 2632 modo
743 2570 778 2634 in
792 2567 951 2634 Oooclavi
975 2591 1028 2634 res
1052 2566 1294 2671 per-lssfi„.¹,¹¹,⁰,‘,'f²'

6 2681 88 2732 actae
114 2668 249 2732 fuerint.
277 2701 313 2714 «-
341 2666 380 2730 In
405 2665 546 2752 epistola
567 2664 700 2732 abbatis
724 2667 896 2734 Sistrensis
919 2667 963 2732 ad
979 2667 1120 2752 Arrago·
1178 2679 1251 2714 ww·

6 2765 69 2828 niae
103 2785 218 2848 rogem
259 2763 471 2845 describitur,
512 2764 845 2830 honorificentissime
877 2763 1072 2830 cardinales
1102 2789 1123 2828 a

6 2862 247 2945 tragistratihus
270 2863 305 2926 in
331 2859 498 2928 (lonclare
522 2861 705 2942 deductos,
740 2862 829 2943 dein,
863 2863 938 2948 ,his
969 2863 1122 2948 peractis,

6 2961 49 3038 tit,
74 2959 216 3046 quidum
240 2981 284 3024 ex
307 2959 474 3045 capitibus
498 2961 670 3044 regionum
696 2962 758 3024 ivit
781 2961 825 3026 ad
843 2961 1021 3026 fenestram
1039 2959 1122 3024 Con·

6 3057 98 3121 lavis
125 3067 159 3120 et
182 3057 333 3122 dominos
358 3056 554 3122 Cardinales
588 3057 766 3144 alloquitur
790 3061 825 3123 in
848 3059 938 3123 hunc
969 3058 1121 3124 modum:

6 3155 280 3220 tevereudissimi
305 3155 420 3220 Patres
446 3165 478 3218 et
504 3155 639 3220 Domini
665 3159 778 3236 nostri,
804 3157 925 3222 veritas
950 3168 1008 3234 est,
1033 3155 1122 3242 quod

6 3253 164 3318 uultoties
189 3276 247 3339 per
262 3253 423 3318 officiales
446 3253 538 3318 urbis
561 3251 784 3339 supplicatum
809 3257 946 3336 exstitit,
972 3266 1007 3318 ut
1024 3254 1122 3320 talem

6 3351 172 3433 ligerctis,
197 3353 253 3436 qui
271 3351 344 3416 Deo
369 3361 402 3414 et
427 3352 551 3418 muodo
575 3363 661 3416 osset
676 3363 843 3438 acceptus,
867 3365 901 3416 et
917 3375 976 3418 vos
991 3373 1122 3437 respon·

6 3451 99 3530 listis,
127 3448 218 3534 quod
242 3451 321 3535 quia
345 3461 416 3514 erat
440 3452 500 3513 ista
523 3460 616 3513 actus
640 3450 787 3534 divinus,
811 3472 877 3516 non
894 3453 1051 3536 poteratis
1075 3452 1122 3514 eis

6 3547 121 3636 liquid
137 3547 387 3612 certitudinarie
402 3545 619 3632 respondere:
644 3548 701 3612 sed
718 3551 939 3634 procuraretis
952 3548 1121 3612 hominem

6 3659 89 3712 stum
126 3653 161 3710 et
184 3645 256 3710 Deo
288 3669 402 3710 carum
434 3644 564 3730 eligere,
598 3668 657 3731 per
691 3646 786 3732 cujus
815 3647 1012 3712 iudustriam
1037 3647 1122 3712 bene

6 3747 49 3809 >ei
77 3743 238 3810 Ecclesia
262 3755 438 3828 regeretur.
472 3742 572 3810 Scitis
595 3746 685 3808 enim
709 3746 849 3810 Domini
875 3747 951 3824 mei,
974 3744 1063 3830 quod
1088 3747 1123 3810 in

6 3847 132 3908 ruoitu
159 3839 336 3907 Conclauis
370 3842 465 3906 multi
490 3843 721 3908 clamaverunt
744 3855 898 3928 rogantes
930 3865 998 3924 vos,
1033 3844 1122 3929 quod

6 3945 30 4008 is
56 3943 191 4008 daretis
215 3939 371 4005 Italicum
399 3941 671 4023 velRotuanu1n3
697 3953 920 4006 runcantem
945 3961 1004 4026 pro
1029 3954 1122 4025 parte

6 4044 90 4105 ttius
117 4037 232 4126 populi
259 4061 331 4102 sum
357 4040 476 4104 missus
500 4039 542 4104 ad
567 4041 783 4124 paternitates
809 4050 943 4118 vestras,
969 4050 1002 4103 et
1025 4038 1122 4104 vobis

6 4161 102 4206 rrum
133 4158 193 4221 pro
218 4146 310 4221 parte
334 4135 480 4218 notifico,
510 4137 600 4222 quod
624 4135 729 4202 solum
754 4137 872 4202 volunt
894 4139 941 4200 eis
966 4135 1037 4200 dari
1061 4127 1122 4202 Ro·

6 4257 143 4314 ranum,
177 4256 238 4296 noo
272 4245 381 4298 essent
404 4236 552 4298 contenti
577 4234 618 4298 de
643 4233 776 4314 Italico;
807 4237 926 4299 timent
948 4237 1048 4316 enim,
1080 4257 1122 4299 ne
