3000 4838
254 467 289 522 10
450 464 554 520 XXIII.
574 464 614 519 De
632 469 707 518 statu
726 463 825 518 Boules.
844 464 927 532 priori
946 465 1033 520 medio
1051 480 1120 520 saec
1140 465 1202 519 XII.

253 609 471 674 christianum
494 629 625 690 nomen,
657 607 805 672 fidelium
830 606 1016 690 multitudo,
1053 609 1125 674 loca
1153 611 1379 674 sacratissima

253 709 288 774 iu
313 708 448 774 Oriente
477 705 521 770 ab
552 705 743 770 infidelibus
767 705 1010 789 affligebantur.
1042 707 1102 771 ¹llt
1125 709 1270 772 maxime
1294 710 1379 773 viris

253 806 406 888 cordatis,
440 803 659 884 ferventibus,
694 804 774 888 piis,
801 801 885 868 nihil
909 802 1087 868 videbatur
1110 807 1267 888 sanctius,
1292 804 1380 870 nihil

253 904 359 988 magis
382 903 532 987 dignum,
557 901 718 983 debitum,
742 903 957 981 meritoriam,
982 924 1082 988 quam
1099 925 1119 967 a
1134 902 1377 968 Saracenorum

252 1000 430 1086 tyrannide
454 998 703 1083 Hierosolymas
733 1020 774 1062 ac
799 999 935 1063 'Perram
970 1011 1117 1065 sanctam
1151 999 1308 1082 liberare,
1344 1010 1381 1063 et

253 1100 418 1185 oppressis
440 1096 598 1165 fratribus
621 1096 748 1162 auxilia
770 1096 867 1163 ferre.
896 1096 951 1162 Ad
966 1097 1029 1162 hoc
1053 1100 1155 1183 igitur
1179 1120 1260 1184 opus
1284 1119 1379 1184 prae-

253 1196 379 1261 clarum
408 1197 470 1281 ipsi
506 1196 647 1260 Romani
680 1195 857 1259 Pontifices
882 1195 1088 1261 Christianos
1118 1197 1314 1261 auctoritate
1344 1206 1381 1260 et

253 1295 482 1359 exhortatione
506 1316 566 1358 sua
590 1303 782 1375 evocarunt,
807 1304 840 1357 et
861 1292 986 1358 bellum
1006 1316 1135 1359 sacrum
1160 1295 1276 1358 merito
1301 1315 1380 1358 cen-

253 1403 390 1459 suerunt
412 1391 577 1478 pertinere
600 1391 644 1456 ad
657 1414 786 1456 summa
810 1390 866 1456 illa
890 1394 1031 1476 negotia,
1057 1414 1142 1478 quas
1159 1393 1305 1477 ipsorum
1326 1400 1379 1454 ut·

252 1502 328 1579 pote
351 1492 525 1556 Pastorum
554 1489 793 1555 universalium
828 1488 1042 1554 sollicitudini
1074 1493 1248 1554 commissa
1271 1499 1379 1572 erant,

253 1610 434 1676 omnesque
458 1587 639 1653 Christiani
675 1609 754 1651 vere
784 1586 898 1651 fideles
929 1609 1064 1652 causam
1088 1588 1210 1653 Terrae
1241 1596 1379 1652 sanctae

253 1711 291 1752 eo
315 1697 463 1772 tempore
486 1687 628 1751 ferventi
652 1687 774 1772 pietate
797 1685 942 1772 amplexi
967 1697 1053 1751 sunt.

80 1816 131 1858 121³·
146 1817 243 1858 1’0ntffl·
346 1805 396 1871 13.
428 1803 516 1870 Sane
539 1825 640 1890 quum
666 1824 780 1866 omnes
804 1801 986 1867 Christiani
1011 1803 1044 1865 in
1071 1800 1134 1866 illis
1156 1799 1378 1886 expeditioni-

116 1881 216 1983 ⁰322:
254 1903 317 1968 bus
341 1903 444 1967 veluti
480 1901 612 1966 foedere
636 1911 749 1965 sancto
778 1899 944 1986 jungendi
978 1911 1100 1985 essent,
1136 1915 1174 1964 ut
1205 1900 1378 1983 negotium

253 2001 342 2087 quod
381 2012 452 2065 erat
490 1998 644 2065 omnibus
679 2019 855 2062 commuue
892 1998 935 2062 ad
970 1998 1100 2063 felicem
1137 1997 1378 2084 perduceretur

253 2101 391 2180 exitum,
416 2099 533 2163 merito
550 2097 689 2160 Romani
707 2095 885 2160 Pontifices
908 2117 1097 2182 supremam
1121 2093 1302 2181 quamdam
1327 2093 1378 2156 di·

253 2199 434 2262 rectionem
451 2197 485 2259 in
501 2196 571 2258 istis
584 2193 679 2259 bellis
696 2193 912 2279 disponendis
929 2204 1153 2279 susceperunt,
1177 2215 1217 2257 ac
1241 2193 1377 2256 nonnisi

254 2296 365 2380 inepte
388 2294 423 2359 id
447 2292 621 2358 ambitioni
646 2313 759 2356 sorum
783 2292 838 2357 vel
862 2292 1057 2356 dominandi
1086 2291 1235 2377 cupidini
1260 2290 1377 2355 tribui-

252 2403 317 2458 tur.
363 2391 451 2458 Illud
474 2393 653 2456 convenire
677 2413 716 2454 ac
745 2393 966 2455 necessarium
996 2412 1082 2470 esse,
1118 2409 1212 2473 reges
1244 2409 1378 2474 quoque

253 2501 286 2555 et
308 2492 475 2576 principes
507 2511 545 2553 ea
573 2497 681 2553 aetate
714 2488 798 2552 ultro
823 2497 1041 2572 agnoverunt.
1089 2486 1179 2570 Bone
1203 2489 1273 2572 ipse
1298 2485 1377 2550 Bos-

253 2599 382 2654 suetus:
414 2587 574 2666 Placebat,
608 2587 733 2667 scribit,
762 2587 946 2651 christianis
967 2585 1102 2672 rapidus,
1126 2588 1162 2652 in
1184 2585 1253 2649 illis
1275 2586 1379 2648 samia

253 2685 345 2751 bellis
365 2710 516 2774 proeesse
552 2685 694 2749 omnibus
724 2683 922 2771 pontificiam
941 2694 1138 2770 potestatam,
1171 2693 1206 2747 ut
1240 2693 1270 2768 ot
1304 2705 1377 2747 con-

243 2783 461 2874 junctioribus
489 2784 605 2848 animis
629 2793 658 2845 et
681 2783 798 2870 majori
819 2781 984 2866 relipiooia
1006 2782 1183 2845 reverentia
1205 2803 1270 2844 rem
1291 2803 1377 2865 perc·

251 2893 331 2948 reat.
380 2879 482 2968 Saepe
506 2883 601 2944 etiam
623 2902 710 2964 repes
734 2903 771 2942 ac
789 2880 955 2966 principes
978 2879 1092 2944 bollum
1115 2878 1380 2943 comminitari

253 3003 284 3045 se
309 3003 425 3066 auoque
449 2981 555 3044 omnia
571 2977 774 3062 Pontificibus
798 2977 915 3041 tuendo
939 2978 1205 3043 commendabant.
1213 2978 1237 3058 ¹)
1263 2975 1377 3056 Quum

252 3100 332 3143 vero
358 3078 539 3143 universim
564 3077 689 3140 motiva
714 3077 859 3139 maxime
882 3075 1051 3162 praeclara
1075 3075 1139 3140 illis
1163 3077 1266 3140 sacris
1280 3073 1377 3138 bellis

252 3198 433 3262 eorumque
466 3175 675 3261 dispositioni
710 3173 895 3256 subessent,
932 3196 1029 3238 nemo
1054 3184 1165 3238 tamen
1189 3172 1376 3254 mirabitur,

253 3275 376 3362 passim
400 3283 471 3338 tum
495 3296 515 3337 a
539 3271 677 3356 singulis
701 3271 902 3356 homiuibus,
927 3281 996 3337 tum
1020 3295 1041 3336 a
1064 3271 1207 3338 ducibus
1230 3294 1269 3336 ac
1292 3271 1377 3336 mili·

253 3384 323 3436 tum
347 3373 475 3454 turmis,
509 3372 603 3434 varia
626 3379 760 3455 peracta
783 3370 883 3434 fuisse
908 3370 1135 3455 imprudenter
1159 3380 1191 3434 et
1214 3369 1376 3456 improbe.

252 3469 293 3534 Id
317 3471 406 3534 enim
431 3468 555 3533 accidit
578 3471 611 3532 in
637 3468 790 3532 omnibus
814 3468 881 3532 fers
905 3467 1003 3532 rebus
1028 3467 1183 3533 humanis
1201 3477 1376 3554 quantum-

253 3570 306 3632 vis
329 3569 468 3651 sanctis,
501 3589 608 3652 neque
632 3575 783 3630 auctores
811 3566 899 3636 illius
926 3568 1044 3637 aetatis
1076 3569 1131 3651 qui
1165 3565 1252 3631 bella
1281 3587 1377 3630 sacra

254 3665 500 3751 descripserunt
516 3665 549 3729 id
566 3674 749 3728 tacuerunt.
777 3663 829 3728 Ita
842 3687 869 3729 c.
878 3687 909 3749 g.
923 3663 1111 3728 Gulielmus
1122 3664 1258 3748 Tyrius:
1286 3663 1376 3743 ,Nec

251 3771 364 3828 tamen
375 3762 465 3849 apud
477 3784 591 3827 omnes
609 3772 679 3828 erat
697 3764 731 3826 in
742 3784 841 3826 causa
852 3761 1027 3844 Dominus,
1048 3773 1080 3826 et
1096 3764 1257 3826 viruitum
1271 3772 1379 3827 mater

253 3859 408 3926 discretio
426 3869 540 3924 votum
557 3859 742 3925 excitabat:
767 3860 824 3925 sed
838 3859 974 3946 quidam
988 3883 1029 3924 ue
1039 3863 1164 3925 amicos
1177 3859 1377 3940 desererent,

252 3958 391 4045 quidam
415 3980 456 4023 ne
482 3958 612 4024 desides
627 3958 837 4038 haberentur,
863 3957 1000 4043 quidam
1018 3957 1086 4022 sola
1103 3958 1248 4022 levitatis
1264 3979 1377 4040 causa,

329 4252 347 4314 ι)
365 4250 475 4307 Defens.
495 4251 600 4306 Declar.
620 4251 650 4304 Ρ.
670 4250 691 4305 Ι.
710 4250 741 4306 L.
761 4250 809 4304 IV.
830 4266 851 4306 c.
873 4253 896 4305 ι’).
