2828 4842
279 427 333 482 304
547 425 648 480 XXVI.
666 427 708 480 Dc
725 425 892 480 Pontificum
911 427 1065 482 innocentii
1084 427 1137 484 ΠΙ.

278 571 460 657 specialiter
482 570 670 656 deputastis.
703 571 866 634 Monemvs
889 570 987 655 ipitur
1009 572 1248 660 universitatem
1271 585 1396 638 vestrum

278 679 308 731 et
324 669 525 732 emlortumur
547 669 708 746 attentius,
733 679 762 732 et
774 691 835 754 per
850 667 1038 752 Apostolica
1059 671 1183 755 scripta
1203 672 1396 750 mandemus,

278 767 362 853 quod
383 789 439 830 ricc
463 767 633 852 decipiatis
655 788 709 830 vos
733 767 831 852 ipsos,
854 787 910 828 nec
934 765 974 830 ab
991 765 1067 830 aliis
1082 767 1188 853 decipi
1196 770 1407 854 permittatis
1406 825 1407 834 ¹

276 875 312 927 ut
334 864 390 928 sul>
414 866 515 951 specie
519 865 662 978 ‘pietatis
677 865 783 949 epatis
798 863 869 940 illa,
893 888 974 949 quoe
987 864 1216 930 redundantem
1230 878 1407 936 vestrarum

271 963 446 1046 perniciem
469 964 657 1043 animarum,
681 962 738 1026 sed
760 961 953 1026 cessantibus
972 964 1082 1048 potius
1106 965 1326 1030 occasionibus
1340 967 1407 1052 fri

276 1059 357 1123 velie
380 1069 409 1122 et
432 1059 670 1124 necessitatibus
694 1058 861 1137 simulatis,
892 1061 928 1122 in
952 1070 1054 1123 terrac
1078 1072 1206 1126 sanctae
1232 1067 1407 1138 transeatis}

277 1156 452 1221 subsidium
475 1168 504 1220 et
517 1159 618 1221 ommis
642 1159 796 1247 injuriam
819 1158 998 1236 vindicetis,
1023 1161 1184 1245 accepturi
1208 1161 1246 1225 de
1270 1161 1407 1226 vossium

275 1255 400 1340 spoliis,
423 1279 503 1341 quae
526 1278 591 1334 vos,
625 1257 656 1318 si
678 1279 798 1320 moram
812 1255 963 1342 feceritis
985 1258 1020 1320 in
1038 1257 1189 1343 partibus
1213 1261 1407 1340 Romania„

277 1363 436 1438 oporteret
456 1353 605 1439 forsitan
635 1378 657 1418 a
679 1353 847 1440 frutribus
874 1365 1068 1440 contorquere.
1114 1355 1220 1420 Aliter
1241 1359 1329 1422 enim
1352 1371 1407 1422 nso

268 1473 439 1536 possumus
473 1475 529 1515 nee
566 1450 711 1515 debemus
738 1453 935 1517 remissionis
963 1452 1051 1517 volis
1077 1453 1215 1538 qratiam
1243 1453 1407 1540 polliceri]

275 1547 477 1610 Inlibitionis
501 1559 605 1612 autem
627 1560 756 1613 nostrae
781 1561 928 1629 tenorem,
953 1573 1017 1634 qva
1039 1549 1127 1614 vobis
1149 1550 1206 1615 sub
1230 1575 1407 1618 excommun

215 1717 221 1728 ι
274 1646 446 1710 nicationis
468 1649 725 1712 interminatione
758 1649 921 1726 vetuimus,
960 1671 999 1712 ne
1021 1659 1124 1713 terras
1150 1647 1407 1740 Christianorum}

274 1743 425 1808 invadere
457 1744 507 1808 vel
539 1744 665 1809 laedere
697 1747 871 1824 tentaretis,
909 1747 975 1809 nisi
1003 1745 1053 1810 vel
1079 1747 1145 1832 ipsi
1176 1759 1311 1812 vestrum
1345 1741 1407 1815 iter}

273 1843 415 1926 nequiter
437 1843 638 1928 impedirent,
661 1843 711 1906 vel
726 1841 796 1906 alia
811 1847 904 1931 justa
920 1853 950 1906 et
964 1845 1146 1908 necessaria
1165 1866 1265 1908 causa
1279 1847 1407 1931 forsan

274 1950 457 2017 occurreret,
476 1952 612 2026 propter
632 1963 726 2026 quam
749 1939 841 2004 alind
864 1963 956 2025 apere
971 1943 1147 2005 interventu
1162 1943 1290 2007 consilii
1305 1944 1400 2032 leqati

267 2039 418 2123 possetis,
441 2040 619 2103 memoriter
633 2040 769 2102 retinere
792 2060 845 2102 vos
869 2039 1018 2103 volumus.
1034 2049 1064 2102 et
1082 2061 1249 2121 censemus,
1274 2065 1313 2106 ne
1332 2061 1407 2107 con-3

275 2145 326 2199 tra
349 2157 418 2199 eam
441 2135 550 2200 leviter
573 2137 718 2200 veniatis.
725 2137 751 2214 ¹)

102 2247 136 2286 Fr
138 2248 194 2287 ⁰·du
184 2258 263 2288 nsum
363 2234 416 2298 94.
463 2233 530 2300 Sed
554 2236 687 2298 interim
711 2235 931 2318 crucesignati
951 2234 1023 2320 jam
1047 2233 1164 2298 foedus
1185 2256 1262 2299 cum
1277 2237 1407 2310 Alexim

130 2309 221 2350 ΑΜ
273 2329 426 2398 inierunt.
474 2331 553 2395 Post
575 2331 706 2396 Pascha
730 2331 919 2396 Dalmatiae
943 2353 1017 2396 oras
1040 2331 1184 2396 navibus
1208 2336 1296 2398 vecti
1328 2337 1407 2402 reli¹

273 2438 433 2513 querunt3
466 2451 578 2494 mense
610 2429 712 2495 Junio
744 2438 969 2515 pervenerunt
993 2428 1327 2518 Constantinopolim,
1362 2459 1407 2500 sc

272 2524 463 2592 felicissimo
500 2549 654 2592 successu
693 2549 759 2592 non
798 2528 845 2590 ita
884 2527 986 2591 multo
1026 2537 1113 2613 post,
1150 2527 1204 2592 die
1243 2519 1407 2597 videlieet}

275 2623 439 2690 18⁰Ju1ii
463 2647 492 2690 a.
520 2625 605 2691 1203
629 2624 712 2690 urbe
735 2626 830 2711 potiti
855 2635 941 2690 sunt.
973 2625 1315 2711 AufugeretAlexius
1332 2631 1407 2718 1113*

271 2721 379 2786 Isaaci
403 2722 500 2805 filius,
530 2723 670 2788 Alexius
693 2723 752 2805 IV,
785 2746 805 2787 a
829 2723 960 2787 civibus
985 2746 1061 2788 oum
1085 2724 1199 2808 gaudii
1224 2729 1329 2812 signis
1353 2740 1407 2808 ret

272 2830 387 2905 ceptus
411 2830 468 2903 est,
493 2821 623 2907 sibique
646 2825 680 2886 in
697 2831 883 2886 consortem
897 2821 1035 2906 Imperii
1051 2824 1230 2908 assumpsit
1243 2825 1407 2906 Isaacumt

271 2929 399 3004 patrem
425 2941 442 2982 e
466 2941 597 2984 carcere
621 2919 788 2984 eductum.
820 2919 964 2983 Litteras
987 2921 1050 2983 ista
1075 2919 1115 2983 de
1139 2942 1174 2983 re
1198 2922 1261 3007 ipsi
1287 2947 1407 2989 cruce-1

271 3017 392 3099 signati
422 3016 464 3081 sd
496 3017 728 3082 Innocentium
757 3016 953 3081 Pontificem
985 3016 1158 3097 dederunt,
1197 3039 1240 3082 ex
1273 3017 1407 3107 quibus}

272 3113 446 3198 colligitur,
471 3113 592 3201 quibus
615 3113 800 3180 rationibus
824 3116 904 3178 moti
928 3116 991 3200 ipsi
1008 3117 1151 3199 egerint3
1176 3126 1264 3182 certe
1289 3120 1407 3206 probi-t

271 3211 414 3277 bitiones
445 3235 580 3277 severae
611 3213 783 3278 Pontificio
814 3213 857 3278 ad
890 3235 946 3278 eos
980 3213 1129 3278 nondum
1161 3211 1407 3300 pervenersnul

272 3310 405 3395 quando
429 3309 485 3375 illa
508 3311 717 3396 perfecerunt
747 3312 880 3396 egregia
910 3311 1069 3377 facinora.
1117 3312 1256 3378 Foedere
1286 3317 1393 3402 contir-

270 3419 366 3486 mato,
399 3408 558 3490 senibunt,
591 3433 659 3472 cum
688 3407 810 3473 illustri
846 3406 970 3474 GPtani
999 3405 1157 3494 quondam
1187 3411 1407 3508 Imperatoris

272 3507 412 3570 Isauclsii
443 3506 513 3591 filio
537 3505 663 3585 Alecto,
702 3530 796 3593 quum
831 3506 1022 3571 victualibus
1060 3508 1202 3572 omnibus
1241 3521 1273 3574 et
1303 3509 1407 3576 retem

271 3615 402 3687 epentes,
435 3615 537 3668 terrae
565 3615 693 3669 sanctae
721 3605 898 3668 videremur·
926 3627 1096 3692 provamen
1124 3609 1234 3691 potius
1256 3601 1407 3688 illaturi
1381 3661 1407 3722 ,Α

271 3702 352 3766 sicut
374 3714 404 3766 et
427 3703 489 3766 alii
512 3725 551 3766 eo:
568 3701 657 3766 nobis
679 3705 734 3790 qui
755 3725 813 3767 nos
830 3714 1082 3789 praecesserunt,
1107 3727 1200 3789 quam
1215 3709 1407 3828 jussameati

271 3800 402 3886 aliquod
432 3799 575 3880 allaturi,
610 3825 665 3864 nec
697 3811 799 3865 terrae
824 3799 1055 3865 Saracenorum
1085 3803 1120 3866 in
1145 3812 1236 3866 tanta
1260 3789 1407 3890 spectate

269 3921 328 3962 nos
357 3899 550 3962 crederemus
580 3897 745 3985 applicare
764 3909 920 3985 potentes,
943 3898 1166 3964 verisimilibus
1196 3902 1320 3986 quidem
1341 3921 1407 3966 ru

269 3995 408 4060 moribus
431 4006 462 4059 et
485 3999 676 4082 arpumentis
706 3997 839 4075 inducti,
871 3997 954 4082 quod
977 3997 1055 4062 dicti
1076 3997 1188 4063 Aleaeii
1217 3969 1407 4088 suspirarerl

345 4209 365 4280 ι)
385 4209 480 4275 ceso,
499 4224 525 4265 u
544 4211 589 4264 so.
