2916 4842
376 463 417 517 De
434 461 589 516 haeresibus
607 467 637 518 et
655 461 854 518 controversiis.
1067 447 1070 459 ¹
1140 460 1176 516 97

71 608 144 692 eiam
178 617 329 694 tauquam
363 607 518 670 baeretieo
550 616 739 692 perpetrarem
767 604 928 670 silentiam
956 606 1171 690 imposuimus.

74 705 226 771 Universos
246 727 366 791 qvoqve
390 706 507 769 erroris
530 706 582 768 sui
604 714 771 768 sectatores
796 714 826 768 et
848 703 1030 789 defensores
1058 727 1079 768 a
1101 702 1175 780 lide·

70 801 132 865 basi
157 804 316 868 mavortio
346 803 600 890 sequestrandos,
631 802 1019 888 eaeommuaieatioaisqve
1049 799 1174 865 oiaevlo
1240 803 1246 814 “

69 901 255 965 muodmrdos
278 924 343 966 esse
367 902 564 983 eeasmnos.¹)

142 1043 218 1108 124.
264 1043 343 1108 Post
365 1043 529 1127 synodum
554 1040 779 1108 senonensem
803 1041 1012 1108 Abaelardus
1040 1043 1102 1105 iter
1125 1063 1174 1104 or·
1197 1066 1319 1108 suasum

67 1141 162 1226 ripuit,
195 1151 233 1205 ut
255 1140 299 1206 ad
322 1140 442 1206 Sedem
468 1141 692 1228 Apostoliaam
723 1163 858 1206 eausam
885 1153 1019 1206 acturus
1042 1162 1076 1206 se
1100 1161 1175 1204 eon·
1219 1129 1304 1172 Μ’·

67 1238 160 1306 ferret.
208 1239 321 1321 Quum
352 1261 431 1303 vero
461 1243 625 1304 transiens
648 1238 692 1304 ad
716 1237 914 1304 Cluuianum
938 1239 1174 1304 monasterium

67 1340 269 1420 pervenisset,
293 1361 314 1402 a
337 1339 435 1402 Petro
450 1337 643 1402 Venerabili
666 1337 905 1402 humanissime
929 1345 1088 1423 exceptus
1113 1345 1172 1417 est,

66 1456 220 1522 quumque
242 1435 341 1500 Petro
366 1457 461 1500 suum
486 1435 661 1501 eonsilium
679 1435 818 1500 Romam
844 1433 1076 1521 proficiscendi
1099 1456 1174 1520 ape-

64 1535 177 1616 ruisset,
202 1533 247 1598 ab
271 1556 309 1598 eo
332 1532 487 1598 laudatus
511 1534 646 1620 quidem
670 1544 727 1614 est,
748 1531 850 1619 ¹quod
874 1534 916 1598 ad
941 1532 1061 1599 Sedem
1085 1531 1175 1618 Apo·

64 1627 202 1694 stolieam
234 1631 435 1717 confugeret.
483 1630 549 1696 Sed
579 1652 681 1718 quum
713 1633 844 1695 interim
869 1633 969 1696 etiam
993 1629 1097 1696 abbas
1122 1629 1175 1695 oi-

63 1730 240 1793 stereiensis
265 1726 421 1794 Olunium
445 1731 600 1812 venisset,
624 1730 689 1793 viri
713 1729 766 1793 isti
791 1731 937 1813 insignes
961 1751 1095 1814 operam
1120 1728 1174 1793 de·

64 1824 180 1909 derunt,
214 1835 253 1890 ut
274 1825 411 1890 Petrum
434 1825 661 1892 Abaelardum
685 1849 761 1891 aum
786 1849 810 1891 s.
835 1827 1005 1896 Bernardo
1029 1829 1176 1892 reconoi-

62 1921 178 2008 lisrent,
203 1924 247 1990 ab
271 1927 389 1989 itinere
412 1923 522 1990 inutili
546 1946 622 1988 eum
645 1926 834 2007 retinerent,
858 1935 891 1989 et
907 1924 1111 1990 adducerent
1129 1923 1173 1989 ad

63 2043 174 2088 errores
196 2045 312 2088 omnes
334 2022 544 2109 rejiciendos.
589 2023 654 2086 Res
681 2044 837 2109 prospere
860 2024 1033 2108 suecessit,
1066 2022 1174 2087 Abae·

63 2117 160 2185 brdus
178 2143 298 2206 pacem
320 2121 398 2185 iniit
418 2143 494 2185 eum
510 2143 535 2185 a.
551 2120 731 2203 Bernardo,
756 2132 855 2207 atque
872 2122 983 2204 etiam,
1008 2132 1170 2208 quantum

63 2218 247 2302 sufficiebat,
272 2240 397 2282 errores
420 2220 574 2284 correxit.

141 2344 236 2408 Venit
257 2345 393 2421 interim,
425 2342 541 2407 soribit
562 2344 680 2407 Petrus
702 2341 912 2409 Venerabilis
942 2344 987 2408 ad
1008 2345 1171 2410 Innocen-

61 2441 132 2504 tium
154 2443 199 2524 11,
230 2441 377 2506 &minvs
403 2437 618 2507 Cistereieusis
641 2441 749 2520 abbas,
785 2452 815 2506 et
844 2441 883 2506 de
901 2466 984 2530 paee
1012 2444 1113 2530 ipsivs
1140 2457 1172 2510 et

61 2535 167 2603 domitu
193 2538 472 2618 claraevallensis,
502 2545 591 2630 eujus
626 2562 723 2604 eausa
747 2540 977 2627 appellaverat,
1013 2542 1174 2608 nobiseum

64 2647 163 2700 uram
182 2640 256 2724 ipso
275 2639 402 2724 pariter
425 2640 495 2723 evit.
536 2638 690 2702 Dedimus
714 2649 744 2702 et
766 2660 824 2702 uos
839 2661 969 2726 operam
988 2643 1067 2727 paci
1089 2645 1175 2732 ejvs:

63 2744 88 2794 a
113 2745 146 2798 vi
175 2735 220 2800 ad
246 2735 340 2799 illam
362 2759 429 2800 evm
455 2737 527 2822 ipm
557 2738 636 2816 iret,
671 2737 790 2800 hortati
818 2758 933 2801 sumus.
980 2737 1176 2806 Addidimvs

62 2830 109 2894 loo
128 2835 257 2898 monitis
278 2835 407 2912 nostris,
430 2834 537 2920 siqua
560 2832 721 2902 catholicis
744 2834 875 2898 aeetae
899 2833 1095 2922 offendentia
1119 2850 1177 2903 aut

63 2931 228 3016 scripsisset
251 2943 308 2996 avt
330 2931 476 3010 diaisset,
505 2933 632 2996 hortata
655 2937 723 3021 ejus
755 2945 785 2998 et
808 2933 944 2998 aliorum
968 2933 1118 3000 bonorum
1142 2948 1172 3001 et

64 3029 244 3112 apientiam
273 3041 304 3095 et
333 3054 354 3095 a
384 3029 486 3095 verbis
516 3032 583 3094 svis
606 3039 761 3094 amoveret
783 3042 814 3096 et
836 3055 857 3096 a
880 3030 973 3097 libris
995 3032 1173 3102 abraderet.

64 3124 100 3186 u
119 3127 163 3190 ite
175 3128 306 3214 foetum
328 3128 415 3211 est')
439 3167 484 3176 -
506 3128 607 3192 Petiit
631 3128 710 3194 dein
730 3127 949 3213 Abaelardus,
974 3141 1011 3194 ut
1033 3131 1177 3218 reliquos

66 3225 143 3288 vitae
165 3247 244 3290 suas
274 3226 404 3291 diesin
428 3229 626 3291 monasterio
651 3225 864 3292 Olunisaensi
898 3228 1017 3314 degere
1047 3241 1175 3316 posset3

64 3319 154 3407 idque
181 3346 240 3409 pro
273 3326 344 3410 ipso
376 3324 419 3388 ab
443 3324 637 3390 Innocentio
661 3325 695 3390 11
725 3324 869 3391 obtinuit
891 3327 1008 3392 Petrus
1032 3328 1176 3393 Veners·

65 3416 148 3582 {offleii
163 3422 256 3506 eujus
278 3421 397 3486 litteris
420 3433 453 3485 et
474 3421 587 3488 labore
611 3422 665 3488 ille
688 3426 815 3508 gratiae
838 3424 934 3491 Sedis
958 3424 1171 3511 Apostoliaae

149 3529 199 3584 tus
222 3530 281 3586 est.

146 3662 215 3728 125.
261 3665 302 3728 In
325 3662 380 3728 illo
405 3665 602 3728 monasterio
626 3665 768 3750 pietatis,
798 3664 994 3730 humilitatis
1018 3667 1170 3732 aliarum·

67 3776 121 3840 que
143 3763 299 3826 virtutum
324 3762 402 3827 dein
426 3764 609 3848 specimina
633 3762 738 3846 dedit,
772 3773 804 3827 et
833 3763 1001 3850 aliquanto
1025 3773 1173 3848 tempore

101 3931 264 3944 ¹⁸——

135 4029 152 4090 ¹)
171 4027 244 4083 luter
262 4045 323 4098 epp.
342 4045 363 4083 a
381 4029 522 4096 Bemsrdi,
542 4045 582 4099 ep.
606 4031 664 4087 194.

74 4221 88 4272 p
111 4131 252 4267 tidelm
272 4135 306 4190 sd
325 4137 513 4192 Innocentium
532 4137 569 4191 ΙΙ.
606 4136 673 4206 opp.
693 4135 843 4202 Abselsrdt
869 4139 934 4194 edit.
954 4138 1062 4200 Cossis,
1088 4141 1118 4196 Τ.
1138 4141 1174 4196 IL

117 4325 248 4382 Junfflunnn,
263 4334 451 4376 Dissertationum
465 4336 531 4377 rom.
543 4335 570 4376 V.
1036 4313 1049 4362 l
