2964 4838
405 449 445 504 De
464 447 487 508 b,
508 447 646 502 Ludovico
666 446 829 508 Arelatensi
1124 448 1175 502 401

47 591 119 656 vn
145 602 259 658 sancte
276 593 408 658 vixisse.
423 602 456 655 et
478 591 601 656 obiisse
617 590 774 673 vidimus,
798 599 912 676 postea
929 590 1083 656 Clemens
1102 611 1178 653 rore

50 690 120 754 VII
144 689 189 756 ad
218 712 343 756 annum
370 691 455 754 1527
487 689 529 754 ob
554 690 747 754 memoriam
771 689 979 774 egregiarum
1008 691 1179 774 utriusque

45 789 216 852 virtutum
240 810 280 852 ac
303 789 432 873 piorum
457 809 604 872 operum,
630 808 760 852 necnon
776 786 1011 852 miraculorum
1030 807 1178 852 comssa-

48 889 197 968 tionem,
233 885 344 952 debito
367 886 480 950 Beatis
503 884 594 950 cultu
626 895 658 950 et
681 885 895 950 veneratione
918 882 1072 949 honorari
1104 903 1178 948 con·

49 985 163 1065 cessit,
187 983 279 1048 haud
301 994 413 1050 tamen
437 993 610 1070 propterea
633 981 819 1064 intendens,
846 991 883 1046 ut
905 984 962 1065 ait,
986 981 1119 1046 eosdem
1143 984 1178 1048 in

44 1080 205 1166 catalogo
236 1082 433 1148 Sanctorum
463 1103 533 1146 esse
570 1079 706 1162 relatos,
743 1079 849 1146 donec
881 1082 1020 1146 servatis
1058 1079 1179 1145 debitis

47 1178 321 1246 solemnitatibus
351 1181 385 1244 in
409 1179 660 1244 canonizatione
682 1177 787 1244 solitis
817 1177 859 1243 ad
884 1177 1014 1244 illorum
1046 1180 1178 1243 canoni·

42 1280 219 1343 astionem
243 1277 424 1344 deventum
447 1277 577 1342 fuerit.“

144 1375 197 1442 67.
223 1375 355 1444 ,Narrat
377 1375 532 1440 Pontifex
549 1373 703 1439 Clemens
718 1372 785 1439 VII
809 1376 843 1438 in
866 1395 925 1438 suo
939 1374 1051 1456 Brevi,
1078 1374 1177 1440 fran·
1200 1390 1322 1464 'cremen-

43 1476 182 1540 ciscum
210 1476 403 1560 episcopum
427 1472 653 1538 Tusculanum
678 1471 889 1539 cardinalem
916 1455 1352 1538 Otcromontium²¹¹l'¹¹¹''⁸'‘·

47 1593 152 1636 suum
177 1572 210 1636 in
234 1568 346 1636 Gallia
367 1571 513 1656 legatum
538 1594 558 1636 a
580 1570 693 1652 latere,
717 1571 761 1636 ad
784 1592 819 1634 se
837 1569 1082 1636 Arelatensium
1107 1593 1177 1656 pre·

49 1693 109 1734 ces
133 1669 300 1751 retulisse,
337 1680 373 1734 ut
395 1671 553 1756 quoniam
577 1669 660 1734 adeo
684 1665 944 1734 celebrataerat
975 1670 1010 1732 in
1034 1669 1075 1732 iis
1098 1668 1179 1733 locis

42 1768 242 1832 sanctitatis
276 1767 383 1848 fama,
426 1789 492 1852 qua
527 1767 722 1832 Ludovicus
765 1765 948 1832 Alemanus
990 1765 1179 1832 Cardinalis

41 1865 237 1946 claruerat,
262 1863 406 1930 celebria
429 1873 461 1929 et
484 1865 677 1949 saepissime
700 1863 744 1928 ad
767 1865 839 1950 ejus
862 1863 1074 1950 sepulchrum
1100 1865 1179 1928 Are·

42 1965 119 2029 late
143 1972 273 2049 patrata
296 1973 391 2028 erant
413 1961 583 2048 prodigia,
614 1973 648 2026 et
672 1960 805 2047 jamdiu
829 1961 1027 2028 obtinuisset
1054 1972 1091 2026 ut
1113 1961 1178 2044 ille,

40 2060 159 2148 ¹(quod
183 2061 271 2126 idern
296 2060 337 2125 ds
349 2061 446 2126 Petro
463 2059 701 2144 Luxemburgo
725 2060 847 2143 refert),
873 2071 1006 2147 propter
1029 2062 1179 2142 virtutes,

43 2159 177 2246 quibus
200 2161 426 2244 praestiterat,
462 2159 497 2222 in
522 2157 686 2222 Coclitum
711 2179 847 2224 numero
880 2161 1111 2224 aestimaretur
1133 2180 1179 2222 re·

41 2259 157 2324 latus:
183 2267 292 2342 posset
308 2256 457 2342 ejusdem
472 2267 601 2342 'corpus
625 2278 668 2320 ex
691 2254 763 2320 loco
787 2257 954 2322 humiliori
979 2257 1022 2322 ad
1036 2244 1180 2322 commo·

44 2357 182 2420 diorem
207 2367 239 2420 et
263 2353 459 2421 nobiliorem
484 2355 664 2434 transferri,
688 2354 759 2439 ejus
783 2356 955 2439 imagines,
979 2365 1078 2441 prout
1094 2355 1178 2440 jam·

40 2454 112 2518 -diu
137 2452 256 2534 fiebat,
285 2451 374 2538 apud
399 2451 513 2516 fideles
536 2461 671 2537 possent
694 2451 809 2516 baberi
834 2463 957 2518 etune
980 2475 1057 2518 cum
1079 2451 1179 2518 Petro

43 2555 126 2636 ipse
157 2551 193 2614 in
215 2550 328 2614 Beatis
358 2549 431 2614 coli.
480 2549 542 2612 His
567 2571 644 2614 vero
670 2547 824 2634 precibus
847 2549 1003 2615 Pontifex
1032 2571 1179 2614 annuen-

40 2649 135 2714 dum
159 2658 259 2730 ratus,
291 2647 379 2734 quod
403 2645 602 2733 poscebatur
625 2649 797 2728 concessit,
824 2646 907 2712 illud
931 2658 1043 2713 tamen
1067 2658 1179 2734 aperte

41 2745 244 2828 declarans,
280 2767 347 2810 non
378 2745 502 2810 idcirco
541 2746 627 2808 inter
657 2743 796 2810 Sanetos
828 2766 883 2810 eos
920 2765 1016 2830 posse
1053 2747 1178 2810 censeri

42 2843 191 2922 relatos,
222 2843 281 2908 sed
303 2843 340 2908 id
362 2844 524 2908 reservari
548 2841 591 2906 ad
616 2852 762 2928 tempus,
794 2863 859 2927 quo
884 2865 984 2906 causa
1007 2844 1178 2907 canoniza-

42 2944 155 3007 tionis
185 2951 320 3027 peracta
343 2951 376 3006 et
399 2939 550 3006 absoluta
581 2939 739 3025 fuissem)
785 2939 819 3006 Si
852 2961 903 3003 res
927 2961 1003 3022 ergo
1032 2939 1178 3006 conside·

45 3050 147 3106 retur
168 3062 211 3104 ex
234 3040 362 3104 ratione
385 3061 452 3124 qua
474 3061 553 3102 vere
576 3048 669 3122 gesta
691 3048 757 3119 est,
786 3035 940 3102 Clemens
964 3037 1029 3104 Vll
1053 3036 1177 3102 cultum

49 3137 229 3204 Ludovico
262 3158 328 3202 non
353 3149 433 3200 tunc
456 3137 600 3221 primurn
626 3135 729 3200 veluti
752 3134 856 3200 Beato
887 3133 1102 3200 tribuendum
1126 3135 1179 3200 de-

45 3237 177 3318 crevit,
214 3234 272 3300 sed
304 3255 457 3299 assensus
481 3243 530 3298 est
560 3233 808 3313 tantummodo,
844 3242 880 3296 ut
903 3231 1113 3298 Arelatenses
1144 3235 1177 3298 in

44 3334 172 3400 eodem
196 3332 287 3397 cultu
312 3331 483 3398 Cardinali
506 3331 680 3396 Ludovico
705 3329 895 3396 exhibendo
919 3343 1178 3416 perseverarent.

46 3453 155 3518 quem
173 3431 306 3516 jamdiu
329 3433 359 3496 ei
385 3444 418 3494 et
441 3430 538 3494 Petro
554 3429 844 3514 Luxemburgcnsi
869 3427 1032 3509 exhiberi,
1055 3430 1179 3512 gravis-

41 3532 148 3594 simis
178 3530 377 3596 testimoniis
406 3540 439 3592 et
461 3527 596 3614 publica
629 3527 820 3592 celebritate
851 3538 884 3591 et
906 3525 1020 3612 populi
1044 3547 1178 3591 venera·

44 3629 144 3692 tione
167 3626 350 3692 constabat.
1023 3687 1032 3704 ,¹

144 3724 197 3792 68.
235 3723 415 3790 Affirmant
448 3724 584 3810 quidem
619 3724 771 3789 Potterus
805 3733 838 3786 et
869 3723 993 3802 danus,
1024 3721 1177 3814 *Clemen-

43 3833 119 3886 tem
144 3821 212 3886 VII
236 3822 414 3887 Beatorum
438 3821 579 3888 honores
599 3821 773 3887 Ludovico
797 3821 998 3902 decrevisse,
1023 3819 1101 3886 licet
1124 3821 1179 3886 illc

48 3919 180 4000 nullam
211 3921 451 4005 poenitentiae,
483 3918 607 3984 nullam
642 3919 871 4005 displicentiae
901 3918 1177 4004 significationem

42 4015 263 4082 exhibuisset
286 4017 327 4081 de
341 4019 442 4101 gestis
458 4019 526 4082 auis
542 4016 772 4082 schismaticis.
813 4017 891 4082 Jam
915 4027 992 4082 ante
1007 4039 1062 4082 eos
1079 4019 1178 4082 ctiam
1286 4013 1299 4042 '

76 4155 269 4163 -—..—‘--—--

129 4233 148 4299 ¹)
168 4231 201 4285 V.
221 4230 343 4284 Bolland.
381 4232 452 4285 Acta
470 4231 629 4284 Sanctorum
648 4229 781 4297 Septemb.
801 4229 833 4288 Τ.
853 4231 884 4286 V.
906 4247 931 4299 p.
950 4201 1004 4286 436
1021 4245 1079 4298 sqq.

102 4332 249 4380 Jnngmann.
266 4331 454 4371 Dissertationer.
482 4332 548 4370 Tem.
565 4331 601 4370 Vl.
1054 4323 1089 4375 26
