2852 4836
327 605 336 634 ι
403 589 616 658 Templariorum
635 595 735 644 reatus.
1077 592 1129 646 147

6 735 149 798 advertit
164 733 308 816 Wilclre,
333 735 523 819 suppositae
546 732 755 798 allocutionis
778 733 946 799 fictionem
971 733 1024 798 vel
1048 732 1127 799 inde

5 844 126 918 patere,
153 832 242 919 quod
266 831 307 896 de
330 833 503 895 tormentis
526 843 624 896 antea
648 830 793 896 toleratis
818 842 1040 918 conqueratur
1061 833 1129 897 Ma-

4 933 114 1014 gister,
140 951 239 1016 quem
264 939 393 993 constat
415 951 587 1015 nunquam
610 931 782 994 tormentis
805 931 961 994 affectum
985 929 1097 995 fuisse.
1104 933 1129 1010 ¹)

91 1047 148 1112 59.
196 1047 309 1110 Potuit
340 1067 420 1110 sane
455 1045 618 1131 ejusmodi
650 1043 762 1108 fabula
795 1045 835 1108 dc
866 1046 1023 1110 citatione
1057 1043 1128 1111 Cle·
1139 1054 1224 1094 0110110
1233 1053 1300 1094 sthu-

6 1147 126 1209 mentis
150 1153 184 1206 et
206 1141 353 1230 Philippi
385 1142 428 1207 ob
452 1153 591 1208 mortem
626 1164 740 1207 eorum
765 1142 859 1207 brevi
882 1153 957 1229 post
980 1153 1126 1208 secutam
1155 1115 1286 1218 offis

4 1245 89 1324 oriri,
125 1263 229 1328 quum
254 1261 364 1326 prona
382 1242 425 1304 sit
448 1239 624 1305 multitudo
655 1251 788 1327 stupore
812 1240 1022 1328 perculsam
1046 1243 1129 1328 ejus-

5 1341 90 1406 modi
118 1339 297 1404 eventibus
321 1339 406 1404 mira
429 1338 593 1424 quaedam
618 1339 815 1422 confingere.
850 1337 1024 1403 Caeterum
1041 1341 1130 1404 facta

4 1437 171 1524 quaedam
196 1439 230 1500 in
253 1434 328 1500 aliis
343 1435 534 1520 regionibus
551 1438 651 1500 etiam
664 1436 808 1500 fictionis
824 1457 939 1500 ansam
952 1445 1132 1522 potuerunt

4 1538 176 1624 praebere.
215 1535 328 1598 Refert
350 1533 508 1599 videlicet
530 1535 678 1600 loannes
702 1533 854 1598 Mariana
878 1535 1130 1621 (1537-1624)

4 1639 33 1701 in
57 1659 123 1700 sua
148 1633 334 1718 Hispaniae
358 1631 504 1716 historia,
529 1655 558 1696 a.
579 1633 664 1698 1312
689 1632 771 1696 duos
795 1632 912 1697 fratres
935 1632 1064 1698 nobiles
1088 1656 1132 1697 ex

7 1732 131 1798 familia
166 1729 332 1816 Carvajal,
366 1755 386 1796 a
417 1753 493 1815 rege
517 1730 730 1794 Ferdinando
762 1731 884 1815 injuste
917 1731 960 1796 ad
992 1743 1129 1796 mortem

6 1833 246 1896 condemnatos
278 1829 391 1896 fuisse.
443 1829 553 1894 Hosee
590 1830 767 1893 morientes
799 1850 910 1912 regem
942 1830 1028 1893 intra
1059 1830 1130 1894 dies

7 1931 143 2014 triginta
176 1927 220 1991 ad
250 1926 395 1991 tribunal
428 1927 580 1990 divinum
606 1928 734 2010 citasse,
770 1949 880 2010 regem
906 1949 994 2008 vero,
1027 1950 1130 2014 quum

6 2029 156 2094 nondum
173 2026 443 2112 vigintiquinque
459 2034 545 2089 esset
560 2029 733 2106 annorum,
758 2047 875 2088 revera
891 2025 944 2088 die
961 2028 1129 2110 trigesimo

8 2126 45 2191 id.
71 2127 112 2190 7⁰
139 2123 346 2236 Septembris
370 2123 516 2204 a.1312)
542 2131 680 2186 mortem
705 2075 837 2190 obiisse
884 2123 1041 2188 Advertit
1063 2126 1130 2189 Ma·

1 2227 105 2306 riana,
143 2223 202 2308 qui
234 2231 390 2286 eventum
421 2221 511 2285 hunc
541 2220 643 2285 habet
673 2241 799 2302 verum,
834 2220 911 2284 inde
947 2243 1130 2306 cognomen

1 2318 115 2412 liujus
131 2329 263 2383 vocotus
278 2319 491 2383 Ferdinando
516 2318 639 2383 factum
664 2319 805 2400 1010001)
835 2319 1009 2404 Ejusmodi
1034 2342 1131 2384 even·

1 2429 49 2484 tus
75 2418 293 2484 occasionem
318 2416 475 2500 praebere
499 2419 607 2502 potuit
630 2416 730 2481 simili
755 2419 935 2482 narrationi
961 2417 1003 2481 de
1029 2429 1131 2482 morte

2 2513 246 2582 ¹ClementisV
280 2512 333 2578 vel
356 2513 502 2599 Philippi
528 2513 672 2595 Pulchri,
704 2536 805 2601 quum
839 2516 900 2599 ipsi
932 2515 1026 2579 brevi
1058 2525 1133 2601 post

6 2615 211 2703 supplicium
245 2613 395 2695 Magistri
427 2611 691 2697 Templariorum
729 2612 867 2678 obirent.
901 2652 942 2660 -
976 2613 1133 2677 Recolere

7 2735 97 2802 porro
120 2711 271 2798 juvabit,
297 2713 419 2796 passim
442 2712 616 2797 scriptores
632 2711 793 2796 quosdam
812 2710 912 2774 medii
929 2713 1004 2774 aevi
1022 2709 1131 2796 quoad

8 2827 126 2879 mortes
159 2819 387 2894 praematuras
420 2809 643 2873 Romanorum
678 2809 894 2892 Pontificum,
933 2809 1133 2893 conjecturis

10 2910 186 2974 indulsisse
221 2928 288 2969 non
323 2907 433 2970 minus
466 2909 586 2992 ineptis
620 2928 720 2992 quam
743 2906 845 2990 falsis,
884 2917 920 2970 ut
950 2907 1134 2992 punitionis

11 3007 143 3072 livinae
170 3007 206 3068 in
229 3006 270 3067 iis
294 3005 484 3069 invenirent
508 3007 613 3088 signa.
659 3004 710 3068 Ita
734 3007 858 3089 egregii
883 3005 1055 3068 Pontificis
1079 3004 1131 3068 In·

13 3105 154 3173 lucentii
187 3102 239 3165 IV
270 3102 397 3166 obitum
427 3102 529 3188 aliqui
561 3100 751 3167 tribuerunt
780 3103 949 3167 vindictae
982 3102 1128 3184 divinae,

46 3206 87 3270 od
110 3203 270 3266 Fratrum
287 3199 453 3264 Minorum
479 3209 512 3264 et
534 3199 838 3264 Praedicatorum
820 3223 900 3314 ,ipsc
925 3200 1135 3264 diminuisset

41 3299 196 3383 ivilegia.
201 3298 227 3378 1)
275 3297 327 3362 De
351 3309 454 3362 morte
478 3299 619 3363 Joannis
643 3297 740 3380 XXI,
771 3300 828 3384 qui
853 3321 1003 3362 camerae
1036 3299 1134 3362 ruina

104 3467 110 3472 a
120 3463 223 3471 -.--·-

73 3573 95 3638 ¹)
122 3565 233 3620 Wiieke
251 3564 268 3618 l.
288 3579 309 3618 e.
327 3563 366 3618 IL
385 3563 447 3618 318.

72 3653 94 3719 ²)
119 3649 153 3702 L.
168 3645 228 3700 XV.
248 3662 270 3700 c.
284 3647 323 3702 11.
344 3674 378 3684 -
397 3644 476 3712 Apud
488 3645 630 3698 Ferretum
650 3643 823 3698 vicentinum
842 3644 957 3710 quidem,
975 3645 1135 3713 scriptorem

49 3733 105 3785 lum
134 3725 239 3780 saeculi
257 3723 331 3784 XIV.
359 3723 455 3778 citatIo
482 3724 574 3792 aliqua
601 3724 720 3778 retertur
739 3723 885 3778 Clementis
904 3731 932 3777 et
952 3724 1070 3792 Philippi
1099 3725 1134 3780 ad

42 3809 129 3864 bunal
150 3805 211 3870 Dei,
236 3805 282 3860 sed
301 3803 358 3872 ejus
377 3805 475 3859 relatio
493 3803 629 3858 fictionem
654 3804 761 3858 omnmo
786 3803 897 3860 redolet.
933 3805 996 3860 Jam
1015 3821 1069 3858 non
1088 3805 1135 3858 ad·

48 3892 137 3944 ‘bitur
156 3885 255 3940 citatio
273 3885 374 3940 Jacobo
392 3885 495 3939 Molaeo
516 3884 657 3954 Magistro,
676 3885 722 3938 sed
734 3883 887 3951 Templario
905 3885 1012 3939 cuidam
1030 3885 1134 3953 Neapo-

53 3989 86 4024 no
108 3967 226 4023 audacis
244 3967 328 4020 autari
347 3965 414 4030 viro,
442 3981 521 4032 quem
548 3966 595 4020 diu
614 3966 643 4019 in
661 3966 933 4020 carcere'detentum
951 3964 1082 4018 Pontifex
1100 3966 1135 4019 ad

71 4069 117 4106 em
143 4046 325 4102 damnaverit
364 4047 397 4101 V.
421 4047 556 4100 Muratori
580 4047 635 4102 Ser.
658 4047 693 4102 It.
720 4045 860 4105 Tomlii,
887 4047 1133 4113 01011000-
1195 4097 1196 4100 ,

62 4147 92 4186 us
115 4133 247 4184 accurata
260 4126 368 4180 Wilcke
387 4127 404 4182 I.
425 4143 445 4180 e
465 4125 501 4182 11.
521 4126 574 4180 319
593 4133 699 4180 textum
719 4141 752 4180 ex
770 4127 883 4180 Ferrato
902 4125 978 4188 citat,
998 4125 1071 4178 acsi
1091 4123 1135 4178 hic

70 4229 96 4265 rr
125 4211 258 4275 quuatur
282 4207 315 4262 de
333 4207 467 4276 Magistro
490 4222 589 4275 magno
613 4207 834 4276 Templariorum.
872 4207 912 4260 De
931 4205 1034 4260 1101000
1062 4205 1135 4259 enim

92 4293 243 4346 Ferretum
261 4288 279 4340 I.
298 4305 319 4342 c.
339 4305 393 4342 non
412 4287 514 4356 agitur.

74 4375 97 4434 ³)
120 4372 156 4424 V.
179 4370 294 4424 Dissert.
314 4368 444 4422 XXVIII.
464 4385 491 4424 n.
513 4369 578 4434 115;
598 4367 729 4435 Itaynald.
749 4367 783 4420 ad
802 4383 826 4422 a.
850 4367 918 4420 1254
937 4381 961 4418 n.
983 4367 1026 4419 70.

925 4465 972 4518 10*
