2964 4838
320 441 377 496 476
522 441 649 496 xxxvl.
669 443 709 498 De
726 451 805 498 statu
824 443 961 498 Ecalesiae
980 443 1061 500 initio
1078 444 1154 502 Saea.
1173 445 1248 502 xvi.

151 585 181 624 ἢ
197 585 299 678 ξςξυ·
323 583 486 648 tumultus
509 585 627 650 civiles
652 588 762 666 aneti,
794 587 975 673 inquibus
1000 587 1226 672 Hieronymus
1248 587 1443 657 savonarola

324 680 365 748 Ο.
390 681 426 747 Ρ.
458 685 515 768 qui
547 705 671 768 magna
692 685 865 750 doctrinae
895 697 929 750 et
959 687 1146 752 sanctitatis
1177 688 1336 770 opinione
1363 691 1441 772 apud

323 802 401 844 suos
423 779 467 844 ob
490 781 683 848 adstrictam
707 783 896 867 religiosam
921 783 1134 869 disciplinam
1158 806 1288 851 necnon
1323 787 1444 871 pietatis

324 877 450 942 cultum
473 881 561 944 inter
583 881 760 966 populares
782 891 978 966 provectum
1003 880 1144 946 florebat
1166 881 1270 960 adeo,
1295 895 1333 947 nt
1355 887 1442 948 etiam

322 975 367 1042 ob
390 975 525 1040 Italicas
549 977 754 1044 calamitates
778 977 881 1044 multo
905 989 1085 1065 antequam
1109 981 1344 1063 contingerent
1365 1003 1443 1066 prae-

323 1074 431 1140 dictas
463 1075 625 1161 propheta
657 1075 853 1156 haberetur,
890 1097 965 1142 cum
991 1078 1025 1143 in
1049 1076 1271 1145 concionibus
1304 1077 1444 1142 coelestin

318 1173 464 1257 jactaret
488 1177 572 1247 visa,
596 1173 758 1240 miracula
781 1173 993 1260 polliceretur
1016 1197 1078 1240 nec
1102 1185 1263 1260 patraret,
1290 1197 1443 1263 novasque
1474 1255 1475 1264 ἵ

323 1293 376 1336 res
409 1271 583 1336 moliturus
615 1275 649 1339 in
679 1273 909 1338 Alexandrum
944 1272 1163 1352 declamaret,
1199 1272 1443 1360 sollicitaretqne

323 1391 428 1454 reges,
453 1381 489 1434 ut
513 1371 693 1436 concilium
716 1373 978 1450 oecumenicum,
1004 1370 1045 1436 ad
1071 1370 1293 1437 christianam
1317 1372 1442 1458 discipli·

323 1489 402 1533 nam
435 1469 469 1532 in
500 1471 678 1554 pristinum
701 1479 823 1534 statum
848 1467 1105 1548 restituendam,
1139 1468 1443 1556 decernendumque

324 1567 358 1630 in
374 1565 501 1630 Turcas
524 1587 584 1652 pro
600 1567 806 1632 restituenda
820 1565 968 1632 Orientis
989 1565 1148 1648 religione
1164 1589 1303 1632 sacrum
1327 1569 1441 1636 bellum.
1474 1563 1475 1596 r

323 1663 492 1750 agendum
517 1677 682 1741 curarent,
706 1666 984 1751 Florentinaeque
1000 1665 1204 1750 reipublicae
1226 1665 1438 1748 gubernacula

323 1787 343 1828 a
368 1765 512 1848 partium
536 1787 671 1829 suarum
695 1764 914 1842 sectatoribus
937 1766 994 1850 qui
1018 1765 1064 1850 pii
1082 1763 1292 1830 videbantur
1316 1763 1438 1848 regenda

323 1863 504 1929 affectaret.
529 1861 572 1926 ab
595 1862 797 1927 adversariis
821 1883 903 1948 quos
920 1861 1091 1947 depressos
1114 1861 1281 1948 cupiebat
1296 1863 1433 1948 supplicio
1474 1845 1475 1868 ¹

323 1957 463 2024 allectus
487 1973 553 2031 est,
576 1982 680 2046 quum
706 1963 739 2024 in
764 1981 895 2024 carcere
919 1959 1026 2024 lassus
1049 1971 1150 2039 esset,
1185 1961 1355 2026 vaticinia
1370 1979 1430 2045 quas
1474 1972 1475 2032 t

324 2057 544 2142 propalasset.
582 2059 700 2142 partim
734 2081 778 2122 ex
814 2059 918 2122 sacris
949 2057 1093 2121 craculis
1126 2057 1307 2138 elicuisse,
1343 2058 1426 2143 parda
1474 2089 1475 2142 q

323 2157 505 2238 sagacitate
528 2157 649 2220 mentis
672 2155 861 2240 collegisse,
887 2155 1042 2220 eoelestia
1066 2156 1139 2222 visa
1162 2155 1227 2221 sibi
1257 2157 1361 2244 objici
1378 2175 1431 2218 ran·
1474 2143 1475 2216 l

324 2253 460 2316 finxisse
491 2254 534 2318 ad
558 2253 760 2338 captandam
783 2254 925 2334 famam,
961 2263 1032 2318 tum
1057 2255 1206 2336 ingentia
1230 2253 1296 2318 illa
1331 2255 1436 2338 pietatis

324 2371 435 2434 opera,
461 2353 507 2416 uti
532 2351 574 2414 de
588 2352 824 2435 congreganda
841 2351 977 2435 Synodo
994 2353 1209 2416 oecumenica
1233 2374 1302 2437 pro
1317 2351 1438 2418 moribus

325 2447 404 2512 cleri
418 2449 598 2536 populique
611 2439 846 2536 perpoliendis,
863 2449 1069 2514 conficiendo
1083 2471 1176 2516 sacro
1186 2448 1297 2530 .bello,
1310 2447 1439 2532 augenda

325 2546 457 2629 pietate,
481 2547 524 2610 ad
542 2547 731 2633 improbum
749 2549 860 2624 finem,
885 2567 1005 2632 nempe
1028 2546 1073 2611 ad
1096 2547 1309 2612 mundanam
1323 2546 1440 2631 glorian

324 2644 566 2726 assequendam
597 2646 768 2712 direxisset
816 2647 935 2730 Inique
972 2655 1083 2710 tamen
1116 2647 1227 2730 ipsum
1265 2663 1440 2730 oppressam

324 2739 368 2804 ab
391 2740 542 2819 aemulis,
566 2754 598 2807 et
621 2745 777 2830 quamvis
801 2744 884 2808 haec
899 2742 940 2806 de
956 2764 992 2806 se
1015 2743 1122 2808 fassus
1138 2744 1191 2821 sit,
1216 2751 1442 2808 tormentorum
1474 2715 1475 2788 l

325 2840 485 2902 saevitiae
509 2842 741 2920 succubuisse,
766 2842 839 2926 ejus
862 2840 1000 2908 studiosi
1026 2838 1169 2908 voluere.
1219 2839 1346 2907 Virum
1368 2839 1438 2903 illua

325 2936 361 3000 in
385 2957 451 3000 non
476 2940 593 3022 paucis
616 2961 772 3024 peccasse
795 2961 915 3022 graves
939 2938 1147 3004 contendunt
1165 2949 1339 3018 auctores,
1362 2955 1439 3020 seque

326 3035 361 3098 in
386 3036 566 3118 impietatis
588 3058 692 3120 grave
716 3037 897 3102 discrimen
921 3037 1122 3121 conjecisse,
1153 3035 1291 3121 pavisse
1317 3037 1442 3099 cumeae

326 3134 516 3218 impostoris
540 3136 644 3200 instar
666 3133 776 3200 fallaci
802 3133 1028 3221 prodigiorum
1053 3157 1122 3219 spe,
1148 3131 1442 3200 undearcanoDrl

320 3231 452 3316 judicio
475 3231 632 3309 flammis,
656 3253 739 3318 quas
763 3256 782 3296 a
806 3235 874 3296 suis
891 3231 994 3297 veluti
1009 3253 1101 3299 rosas
1124 3234 1266 3316 impune
1283 3228 1446 3297 mlmnm

321 3328 483 3414 jactabat,
508 3340 646 3395 exustus
670 3332 835 3416 perierit.“

416 3427 469 3492 82.
508 3428 679 3507 „Discissa
703 3437 773 3494 erat
796 3441 877 3496 tuuc
900 3429 1075 3494 contrariis
1099 3427 1232 3494 duabus
1254 3423 1443 3492 factionibus
1474 3443 1475 3510 t

327 3523 519 3590 Florentius
543 3525 742 3612 respublica.
787 3527 880 3610 Pars,
905 3549 990 3613 quae
1014 3527 1260 3610 Hieronymum
1288 3539 1327 3590 ut
1352 3536 1441 3586 vatem
1474 3537 1475 3582 t

326 3621 474 3702 colebat,
506 3623 616 3688 Caroli
640 3625 846 3690 Francorum
871 3627 958 3708 regis
981 3625 1229 3710 exspectatione
1251 3620 1440 3686 sustentaba-

326 3730 395 3800 tur,
430 3720 524 3784 Pisas
558 3721 681 3806 quibus
705 3721 916 3808 potiebantur
939 3721 1059 3787 Veneti
1084 3721 1233 3806 aliasque
1253 3719 1361 3786 urbes
1390 3737 1436 3778 rrr

325 3816 414 3882 ditas
438 3815 557 3882 Oarolo
590 3841 786 3904 recuperare
822 3818 911 3884 illius
943 3818 1156 3886 adventantis
1188 3835 1249 3903 epe
1285 3816 1434 3903 sperabat

326 3938 404 4000 pars
434 3937 513 3979 vero
544 3916 686 3982 adversa
709 3917 880 3982 Pontificis
914 3940 953 3982 uc
978 3915 1236 3985 Mediolanensis
1266 3915 1433 3997 Venerique

326 4014 570 4080 foederatorum
606 4016 797 4080 societatem
833 4015 1100 4100 amplectendam
1142 4013 1314 4080 suadebat
1366 4013 1438 4074 tuor

323 4134 412 4198 quae
436 4133 538 4197 quum
557 4112 784 4197 Hieronymus
808 4113 980 4199 pontificia
994 4113 1228 4198 Romanaeque
1244 4113 1358 4176 curiae
1372 4107 1436 4170 rim

327 4209 448 4274 acerbe
472 4212 664 4294 carpsisset,
696 4208 926 4296 solemnesque
951 4213 1182 4296 episcoporum
1205 4219 1318 4274 coenas
1340 4225 1432 4286 cogrss'
