2850 4834
484 441 618 497 Urbanus
629 442 662 501 V.
1081 443 1133 500 169

34 585 167 669 ligionem
192 585 318 673 ubique
341 584 614 671 promovendam.
657 586 756 651 Viros
780 586 893 651 doctos
909 588 1009 652 etiam
1034 609 1130 674 peou-
1154 588 1277 701 ”mv

33 683 136 748 liariter
157 685 250 766 fovit,
275 695 308 748 et
331 685 442 749 varias
472 683 657 749 studiorum
688 687 923 750 universitates
953 686 1008 752 vel
1039 688 1130 751 inati-

2 787 3 846 3
34 785 96 862 tuit,
122 782 174 846 vel
207 781 390 847 honoribus
419 790 452 846 et
482 781 667 868 privilegiis
700 785 804 849 auxit.
852 782 965 862 Quum
982 806 1028 858 ,eo
1052 795 1130 849 tem·

32 903 93 964 pore
114 902 212 966 opera
243 879 430 945 Albernotii
462 882 642 944 auotoritas
671 881 862 966 temporalis
891 883 1064 947 Pontificio
1096 884 1130 946 in

32 977 109 1041 ltalia
131 1000 253 1062 magna
276 987 370 1064 parte
402 979 585 1044 instaurata
616 978 802 1061 videretur,
837 988 870 1044 et
900 1003 943 1044 ex
974 1002 1066 1044 mora
1095 985 1131 1046 in

31 1075 121 1139 Gallia
142 1076 356 1140 incommoda
379 1077 474 1139 varia
496 1078 673 1160 provenire
693 1078 765 1161 jam
788 1087 930 1162 pateret,
955 1079 1130 1143 eonsilium

31 1176 101 1258 cepit
123 1175 278 1239 Urbanus
303 1174 442 1238 Romam
466 1172 602 1239 Curiam
626 1175 856 1240 transferendi.
897 1174 973 1254 Quo
997 1179 1031 1241 in
1056 1199 1130 1242 eon-

29 1271 96 1350 silio,
119 1284 153 1337 ut
175 1273 320 1354 videtur,
346 1272 560 1337 confirmatus
584 1282 633 1335 est
656 1295 676 1336 a
701 1271 817 1339 Oarolo
834 1271 882 1336 IV
907 1273 1128 1359 Imperatore;

30 1369 74 1432 sed
84 1369 209 1435 Galliae
232 1393 293 1434 rex
307 1369 445 1435 Carolus
462 1371 496 1432 V
520 1381 682 1456 quantum
706 1382 835 1456 poterat
858 1394 934 1436 eum
959 1372 1130 1440 dimovere

29 1467 163 1532 studebat
186 1467 230 1532 ab
255 1467 319 1532 hao
343 1470 536 1550 intentione,
563 1466 863 1556 Cardinalibusque
879 1469 984 1536 Gallie
1006 1474 1131 1558 pariter

29 1568 177 1648 negotium
204 1567 267 1631 hoe
291 1566 480 1630 nullatenus
503 1566 682 1633 arridebat.
728 1565 795 1632 Sed
819 1579 974 1633 constane
999 1572 1033 1632 in
1058 1593 1129 1656 pro·

29 1666 123 1746 posito,
149 1664 306 1730 Urbanus
330 1665 360 1727 V
384 1687 414 1730 a.
446 1664 531 1730 1366
565 1664 699 1750 publice
727 1669 955 1747 annuntiavit,
988 1667 1128 1734 Romam

29 1781 53 1820 se
72 1783 277 1826 reversurum
301 1761 464 1827 Paschate
487 1765 567 1826 anni
592 1763 845 1849 subsequentia;
870 1788 909 1829 ae
933 1787 1050 1830 revera
1075 1767 1128 1832 die

28 1861 74 1920 illl
93 1859 218 1945 Aprilis
242 1883 270 1926 a.
298 1861 383 1926 1367
409 1861 618 1925 Avenionem
642 1861 786 1947 reliquit,
811 1873 944 1927 etcum
969 1863 1128 1931 Cardine·
1234 1899 1236 1904 ·

28 1953 104 2038 libus,
127 1959 186 2044 qui
217 1979 293 2022 enm
328 1960 482 2044 quamvis
517 1960 615 2022 inviti
648 1963 752 2025 secuti
789 1972 882 2044 sunt,
918 1961 1059 2026 feliciter
1093 1966 1129 2029 in

28 2051 135 2120 ltaliam
160 2059 323 2142 pervenit.
371 2055 523 2138 Viterbii,
557 2057 681 2122 Romae
715 2068 747 2123 et
777 2059 1036 2126 Monteflasoono
1069 2085 1129 2148 per

28 2166 77 2214 uos
96 2154 164 2218 fere
194 2177 299 2219 annos
322 2165 473 2219 versatus
497 2165 555 2220 est.
600 2157 712 2220 Minus
743 2179 898 2243 prospere
928 2170 1042 2225 tamen
1075 2183 1128 2225 ree

27 2264 252 2334 successerunt,
277 2274 379 2340 quum
404 2252 608 2316 turbulentia
638 2253 797 2319 Italorum
829 2278 869 2320 ao
900 2256 1126 2323 Romanorum

26 2351 172 2436 variisque
203 2351 446 2416 calamitatibas
475 2351 632 2415 Pontifex
663 2375 729 2416 non
766 2376 882 2438 parum
913 2355 1126 2440 affligeretur.

27 2446 217 2513 „ldveniente
242 2460 388 2534 tempore
411 2451 537 2512 aestivo
562 2451 641 2513 anni
669 2451 755 2514 1370
779 2451 936 2517 Urbanus
966 2451 1125 2519 recedebo

26 2541 55 2605 le
81 2546 166 2611 Urbe
199 2549 392 2633 vadensque
423 2546 466 2611 ad
497 2547 826 2612 Montemflaseonem
859 2550 1041 2617 declinavit
1071 2553 1127 2616 Vi·

25 2641 163 2725 terbium3
188 2645 245 2709 adi
262 2649 403 2731 primm
421 2646 535 2731 palam
550 2656 580 2708 et
596 2644 724 2731 publice
739 2648 967 2732 manifestavit,
992 2675 1023 2716 se
1047 2653 1127 2716 velle

23 2741 106 2806 redire
130 2745 169 2807 de
191 2746 339 2830 proximo
365 2744 408 2807 ad
431 2745 590 2808 civitatem
614 2745 879 2824 Avenioneasem,
911 2760 940 2810 et
963 2761 998 2813 at
1021 2774 1126 2816 omnes

23 2839 138 2904 aristes
161 2843 207 2906 ad
235 2844 290 2906 boe
322 2866 354 2906 se
385 2843 589 2928 disponerent
609 2843 719 2928 ferias
754 2843 874 2908 indixit
904 2871 924 2909 a
951 2850 1130 2936 primipilo

23 2940 116 3001 mosis
155 2940 254 3003 Junii
288 2952 360 3004 lane
395 2941 547 3004 instantis
582 2963 676 3026 usqae
707 2941 752 3005 ad
779 2945 977 3029 principiam
1007 2950 1123 3012 maasia

26 3035 149 3098 Octobris
168 3049 284 3124 postea
307 3040 473 3124 sequentis.
529 3039 572 3101 Et
604 3039 648 3101 ad
678 3040 733 3103 doc
756 3040 946 3125 faciendam
979 3045 1063 3108 dizit
1091 3069 1123 3110 se

22 3155 72 3198 esse
93 3149 206 3201 motam
229 3137 417 3200 inclinatam
434 3139 610 3223 praecipue
634 3148 663 3200 et
686 3139 864 3218 inductum,
892 3163 954 3225 pro
979 3165 1013 3204 eo
1038 3145 1123 3228 quod

22 3231 129 3297 ridebat
151 3235 192 3298 ab
215 3259 280 3298 aaa
299 3246 396 3320 parte
418 3237 575 3320 repioaem
597 3235 689 3299 illam
706 3260 771 3322 pro
796 3248 867 3300 tune
891 3261 955 3302 esse
980 3243 1059 3304 satis
1088 3245 1123 3307 in

19 3332 132 3414 pacifico
156 3345 186 3397 et
211 3333 384 3418 tranquillo
409 3343 505 3413 stata,
530 3345 559 3396 et
582 3335 611 3396 si
634 3335 711 3418 qaid
734 3335 885 3410 fortassis
904 3348 983 3400 esset
1006 3339 1124 3404 dissen-

22 3429 112 3505 sionis,
135 3431 219 3494 illud
242 3431 395 3518 sperabat
425 3432 558 3494 breviter
591 3444 620 3495 et
648 3443 721 3496 aute
753 3433 922 3497 discessum
946 3458 1035 3499 saram
1060 3460 1124 3524 per

22 3533 170 3592 tractatam
193 3540 250 3593 aat
272 3530 356 3592 alias
381 3529 483 3592 debite
508 3531 690 3607 terminari,
721 3531 761 3594 ab
786 3531 855 3594 alia
878 3555 950 3596 vero
975 3535 1126 3600 audiebat

23 3624 98 3698 nala,
121 3651 200 3712 qaae
223 3629 373 3691 contiuuo
388 3627 514 3709 fiebant
538 3639 567 3690 et
591 3633 716 3718 majora
730 3629 808 3712 fieri
830 3631 1044 3714 sperabantur
1077 3657 1123 3698 oc·

20 3723 125 3787 cadone
159 3747 292 3810 paerrae
326 3725 450 3788 noviter
485 3727 657 3790 suscitatae
691 3739 722 3791 et
757 3738 885 3791 adortae
919 3731 1002 3793 inter
1036 3729 1124 3818 repet

22 3815 158 3886 franciae
183 3835 211 3887 et
234 3822 383 3908 Anpliaa
407 3823 518 3909 quibas
542 3835 578 3888 at
613 3825 740 3890 obviare
771 3837 889 3912 posset,
922 3825 1053 3890 maltam
1076 3831 1124 3892 ia·

21 3929 74 3980 erat
94 3923 188 3984 menti
208 3944 300 4003 auae,
325 3931 453 4006 eratque
476 3923 662 3986 intentionis
690 3947 783 4002 saae,
814 3925 952 3988 Domino
976 3925 1124 4010 favente,

20 4015 87 4077 eirea
114 4019 292 4106 liujasmodi
320 4041 453 4106 paeivae
491 4021 685 4086 sedationem
716 4026 789 4086 totis
823 4021 941 4087 viribus
974 4022 1121 4088 laborare

22 4116 229 4195 distendere,
255 4119 351 4182 etiam
372 4118 408 4181 ia
433 4121 574 4205 propria
607 4121 652 4182 ad
689 4121 790 4184 dictos
823 4143 910 4204 repes
946 4122 1121 4186 accedendo

22 4205 63 4269 loc
82 4213 117 4276 de
138 4237 246 4292 caasa,
269 4214 325 4278 abi
346 4215 432 4280 alias
455 4240 550 4303 saper
572 4219 626 4281 boo
649 4241 681 4281 se
705 4241 769 4282 aon
790 4241 882 4306 posse
900 4219 1055 4304 proficere
1078 4243 1126 4284 re·
