3000 4838
451 457 490 511 De
508 454 653 510 donatione
672 455 855 551 0111110111ίηί.
1182 456 1218 512 39

88 603 122 666 in
146 601 349 666 monasterio
373 600 579 665 Ferrariensi
609 598 671 664 sub
704 598 827 664 abbate
849 597 946 684 Lupo
969 598 1123 682 Servate,
1159 602 1216 687 qui

89 698 253 764 Hilduino
278 697 395 764 abbati
419 697 608 762 monasterii
623 719 649 762 s.
664 696 821 782 Dionysii
838 697 1061 764 amicissimus
1076 707 1157 764 erat.
1172 733 1217 746 -

88 796 347 862 advertendum
370 807 541 881 praeterea
565 805 623 878 est,
648 793 857 880 pluribus'in
881 793 1119 880 diplomatibus
1142 818 1216 882 spu·

88 897 157 975 riis,
181 896 218 960 in
242 893 381 959 abbatia
404 916 429 960 s.
446 893 601 978 Dionysii
624 893 668 958 ad
692 891 902 957 commodum
927 895 1117 958 monasterii
1142 915 1216 959 cou-

89 995 194 1074 lectis,
220 1013 308 1078 quae
331 989 489 1055 videlicet
511 990 688 1076 privilegia
702 990 758 1055 vel
780 990 976 1056 donationes
998 991 1103 1058 factas
1126 1012 1215 1077 spec·

89 1103 171 1170 tant,
206 1088 418 1154 Constantini
449 1088 662 1154 donationem
689 1109 748 1174 pro
772 1087 1024 1153 confirmatione
1047 1091 1082 1153 in
1107 1109 1217 1153 exem·

89 1188 181 1274 plum
206 1187 343 1252 adduci.
391 1186 489 1252 Unde
512 1209 554 1250 ex
578 1187 793 1272 frequentiori
817 1207 880 1250 usu
903 1185 1003 1272 hujus
1026 1187 1217 1273 diplomatis

90 1289 126 1350 111
142 1284 200 1350 illa
216 1284 364 1366 abbatia,
389 1284 581 1369 conjectura
605 1284 645 1348 de
669 1284 742 1369 ejus
765 1284 893 1368 origine
917 1282 1173 1370 confirmatur.¹)

180 1411 236 1475 49.
285 1407 494 1474 Constantini
519 1407 665 1472 edictum
690 1429 786 1493 porro
810 1416 981 1493 receptum
1005 1408 1069 1472 fuit
1092 1407 1215 1473 111001-
1236 1417 1378 1469 eropus-eo

89 1507 268 1572 lectionem
292 1505 636 1592 pseudodecretalium
659 1505 780 1570 Isidori
803 1507 996 1570 Mercatoris
1031 1527 1136 1592 eaque
1168 1529 1216 1570 ra·
1236 1480 1376 1532 mm

90 1607 180 1670 tione
205 1606 312 1689 magis
337 1605 508 1690 magisque
533 1613 763 1690 propagatum.
796 1603 850 1668 Ex
866 1603 918 1667 his
943 1603 1115 1668 codicibus
1139 1604 1217 1669 dein

92 1704 225 1766 transiit
248 1703 283 1766 in
308 1703 420 1766 varias
445 1699 674 1784 collectiones,
699 1724 784 1789 quae
808 1700 886 1766 inde
910 1700 1062 1766 emedio
1086 1701 1217 1766 saeculo

92 1800 271 1864 undecimo
309 1798 353 1865 ab
385 1799 543 1863 Anselmo
574 1799 734 1880 Lucensi,
767 1823 787 1864 a
819 1798 1006 1863 Deusdedit
1029 1796 1216 1884 Cardinale,

94 1897 136 1961 ab
153 1897 257 1962 lvone
275 1897 475 1962 Carnutensi
499 1896 638 1983 aliisque
663 1897 834 1961 confectae
859 1907 945 1961 sunt.
957 1934 999 1943 -
1010 1897 1088 1962 Jam
1101 1898 1215 1963 adver-

93 1998 192 2059 timus
216 2006 340 2076 tamen,
364 1994 490 2058 Romae
514 1992 725 2059 Constantini
749 1994 952 2059 donationem
975 1995 1104 2060 saeculo
1129 2017 1216 2060 nono

95 2093 154 2156 sub
177 2091 315 2157 Nicolao
338 2091 355 2156 I
379 2103 411 2156 et
434 2090 606 2157 Hadriano
623 2093 667 2173 Il,
692 2103 853 2178 quantum
877 2102 1024 2178 apparet,
1048 2092 1138 2166 haud
1163 2116 1217 2158 no-

95 2203 161 2254 tam
183 2191 296 2255 fuisse.
342 2190 489 2273 Dixeris,
522 2190 602 2254 huic
634 2192 818 2254 sententiae
842 2192 964 2276 opponi
988 2212 1094 2276 posse,
1126 2190 1215 2278 quod

96 2287 210 2352 Isidori
236 2287 546 2374 pseudodecretales
564 2287 636 2374 jam
649 2287 816 2352 NicolaoI
840 2311 879 2352 ac
899 2299 987 2353 certo
1001 2289 1172 2354 Hadriano
1183 2290 1216 2356 II

96 2385 305 2452 innotuerint.
352 2385 420 2452 Sed
449 2385 628 2451 difficultas
661 2384 743 2450 haec
768 2385 914 2468 diluitur,
948 2384 1027 2450 dum
1055 2386 1139 2451 haec
1160 2389 1216 2453 ad·

93 2493 275 2548 vertuntur.
305 2482 515 2549 Constantini
533 2483 680 2570 diploma
692 2483 818 2569 duplici
836 2493 965 2549 constat
978 2496 1080 2570 parte.
1104 2487 1216 2551 Prima

93 2591 183 2666 parte
208 2585 397 2647 continetur
421 2580 630 2646 Constantini
656 2582 815 2668 professio
840 2581 918 2646 fidei
942 2605 982 2647 ac
1006 2587 1150 2648 narratio
1175 2583 1216 2648 de

91 2679 163 2764 ejus
186 2683 358 2744 sanatione
388 2689 422 2743 et
443 2679 608 2765 baptismo
641 2702 701 2766 per
723 2705 747 2744 s.
773 2680 980 2762 Silvestrum,
1013 2703 1117 2768 eaque
1141 2705 1216 2768 pars

90 2777 301 2863 confessionis
323 2778 457 2842 nomine
482 2776 648 2862 designari
673 2777 775 2860 eolet3
804 2778 908 2842 altera
931 2789 1023 2864 perte
1047 2802 1216 2845 recensen-

92 2887 146 2937 tnr
167 2875 343 2960 privilegia
367 2875 409 2941 ab
434 2876 636 2961 Imperatore
666 2900 691 2942 s.
716 2874 875 2942 Silvestre
901 2887 933 2942 et
956 2877 1042 2942 clero
1067 2878 1215 2944 Romano

93 2971 211 3036 collata
234 2983 268 3036 et
290 2974 430 3054 firmata,
456 2983 489 3038 et
504 2975 586 3038 haec
603 2998 680 3061 pars
697 2976 828 3040 donatio
846 2975 913 3040 dici
931 2978 1087 3043 assuevit.
1112 2976 1214 3041 Porro

93 3068 171 3134 inde
185 3069 228 3134 ab
245 3073 340 3136 initio
359 3071 454 3137 multi
468 3072 560 3137 fuere
577 3083 610 3137 et
633 3073 744 3138 adbuc
768 3083 900 3138 exstant
923 3073 1055 3138 codices
1077 3075 1216 3159 pseudo-

94 3165 305 3233 decretalium
330 3169 460 3246 Isidori,
492 3169 673 3256 inquibus
705 3171 796 3236 hand
830 3173 1041 3236 continentur
1064 3172 1215 3255 concilia,

95 3262 271 3331 decretales
295 3289 374 3332 vero
391 3268 589 3332 Pontificum
615 3279 743 3334 tantum
768 3269 940 3356 usquead
970 3292 994 3334 s.
1020 3269 1216 3334 Damasum.

96 3359 135 3425 ln
157 3355 245 3427 hisce
269 3365 443 3431 codicibus
467 3368 597 3430 nonnisi
622 3368 729 3453 prima
753 3389 831 3452 pars
853 3367 1041 3454 diplomatis
1059 3365 1215 3432 Constan-

97 3460 167 3540 tini,
189 3461 346 3527 videlicet
369 3465 536 3550 consessio,
561 3485 627 3528 non
652 3486 730 3529 vero
753 3466 885 3529 donatio
899 3466 1078 3530 invenitur.
1104 3465 1216 3531 Facile

99 3556 193 3640 igitur
215 3559 285 3625 fieri
310 3563 432 3646 potuit,
464 3571 502 3625 ut
524 3572 653 3626 tantum
676 3561 811 3626 brevior
833 3561 889 3627 illa
914 3561 1071 3628 Collectio
1095 3561 1215 3628 isidori

101 3651 217 3720 Romae
239 3669 388 3744 tempore
411 3658 540 3724 Nicolai
565 3669 643 3723 nota
667 3669 760 3724 esset.
793 3658 880 3724 Sane
895 3660 1079 3725 Rothadius
1103 3660 1214 3744 aliive,

102 3770 230 3834 quorum
265 3777 387 3820 causae
422 3767 535 3821 contra
568 3757 789 3822 Hincmarum
823 3757 1042 3824 Rhemensem
1074 3759 1215 3824 Romam

104 3845 219 3916 delatae
242 3853 387 3936 fererant,
411 3855 454 3919 ad
473 3855 551 3941 jura
576 3878 635 3920 sua
658 3855 783 3920 tuende
807 3858 957 3942 apprime
974 3857 1017 3922 ad
1035 3857 1215 3922 decretales

104 3941 288 4016 Pontificum
313 3953 461 4037 priorum
485 3952 694 4018 saeculorum
722 3952 949 4039 appellabant,
984 3954 1133 4041 adeoque
1157 3977 1216 4041 per

109 4111 304 4132 ¹¹-—

168 4223 187 4288 ¹)
204 4223 272 4280 Vide
289 4223 358 4280 haee
375 4224 464 4281 iusim
483 4226 597 4282 evoluta
613 4243 655 4296 ap.
677 4227 796 4282 Granert
814 4227 831 4281 l.
852 4243 874 4284 a
