2858 4834
190 434 275 487 Causa
286 433 496 488 matrimonialis
516 432 634 499 Philippi
652 431 681 485 11
700 430 774 500 regis
793 431 908 488 Galliae.
1071 433 1125 488 249

36 600 81 640 non
102 579 205 642 minus
227 599 328 664 quam
353 579 476 641 virtute
501 577 675 658 insignem.
715 574 810 654 Quae
835 576 970 661 quidem
995 578 1025 641 ei
1050 579 1297 641 eon-²⁴1¹!>nactur

35 699 112 744 ussa.
141 687 171 740 et
193 679 227 739 in
244 675 388 742 Galliam
414 673 594 740 honorifice
619 684 668 737 est
692 672 846 738 deducta.
893 673 1054 739 Omnium
1078 697 1126 739 or·

33 774 124 838 linum
146 773 269 837 laetitia
284 773 339 837 die
358 774 418 836 14⁰
436 772 578 857 Augusti
596 773 676 835 anni
695 771 781 835 1193
805 771 965 836 Ambiani
989 774 1126 858 nuptiae

30 869 188 936 celebratae
220 880 311 950 sunt,
345 893 384 936 as
418 871 472 935 die
503 878 660 956 sequente
684 868 873 954 Ingeburga
900 892 921 934 a
949 870 1126 949 Gulielmo,

29 971 152 1055 Philippi
174 981 291 1055 patruo
316 991 355 1032 aa
371 967 550 1032 Rhemensi
575 965 834 1052 archiepiscope,
860 970 895 1032 in
914 970 1065 1051 reginam
1078 977 1128 1032 est

28 1079 168 1132 coronata.
216 1067 280 1132 Sea
301 1069 386 1131 iuter
409 1068 482 1152 ipso
511 1067 726 1130 coronationis
750 1064 915 1144 solemaia,
955 1067 1002 1129 ita
1025 1065 1127 1130 Gesta

28 1165 189 1230 innocentii
213 1165 309 1230 IIIa
333 1185 456 1228 coaevo
481 1165 678 1248 conscripta,
714 1173 892 1248 suppereute
916 1163 1055 1243 diabolo,
1084 1164 1128 1228 ael

27 1277 164 1349 apectm
194 1265 300 1350 ipsias
331 1265 413 1344 (rex)
445 1263 548 1347 coepit
570 1262 763 1324 vehementer
783 1261 968 1340 horrescere,
999 1272 1127 1324 temere

26 1385 54 1421 cc
69 1359 196 1445 pallere,
219 1370 255 1424 ut
275 1362 408 1423 nimiam
424 1359 632 1446 perturbatas
654 1360 710 1422 oisc
732 1359 887 1421 sustiaere
905 1369 1016 1444 posset
1033 1359 1128 1442 finem

25 1459 213 1522 urbanitatis
235 1461 390 1544 inceptae.
438 1455 612 1542 Statimque
635 1466 751 1520 moisem
774 1466 820 1519 est
848 1457 974 1519 uerbum
997 1456 1129 1520 divortii

24 1556 186 1620 alebrandi
217 1567 354 1642 propter
392 1555 567 1642 affinitatis
606 1554 809 1634 obstaculum,
848 1557 931 1640 quod
962 1557 1045 1619 inter
1075 1577 1128 1618 eos

23 1654 133 1737 quidam
155 1654 290 1718 eoeismre
312 1653 534 1731 mussitabant,
557 1654 706 1731 dicentes,
730 1653 813 1738 qaod
836 1653 974 1716 secunda
996 1655 1128 1738 coatiqe-

23 1763 63 1812 ret
84 1752 225 1836 primam
253 1774 383 1816 acorem
413 1753 448 1815 ia
478 1751 582 1836 praela
622 1752 907 1837 consanqaiaitotis
937 1763 1049 1835 quarto
1078 1749 1128 1814 uel

21 1851 121 1932 quista
170 1848 236 1914 Sed
275 1849 352 1913 aliis
390 1849 620 1928 asserentibus,
660 1849 743 1934 qaod
770 1849 806 1910 id
835 1849 902 1912 sine
933 1849 1021 1933 turpi
1050 1857 1129 1912 uota

21 1946 104 2009 aaa
118 1947 199 2028 fieri
220 1969 285 2010 aon
308 1945 437 2026 ualeret,
462 1945 696 2031 aliquantulam
711 1956 757 2010 est
776 1945 933 2024 dilatam·
956 1956 987 2008 et
1001 1948 1129 2009 interim

20 2056 178 2128 appetitam
201 2054 248 2106 est
269 2045 346 2130 rapi,
377 2054 413 2107 at
435 2044 480 2108 ad
501 2043 593 2108 illam
616 2043 784 2121 accederet,
816 2044 845 2107 si
867 2042 989 2129 forsan
1012 2042 1129 2129 affectu

21 2153 121 2203 astato
145 2141 323 2206 carnaliter
344 2141 436 2206 illam
459 2164 639 2226 acquiescere
656 2152 776 2227 posset.
785 2143 809 2223 ¹)
838 2140 910 2205 Rex
934 2142 1035 2225 igitur
1056 2163 1128 2226 pro-

20 2239 107 2301 fectus
130 2249 182 2304 est
204 2260 281 2302 oum
305 2239 494 2324 Ingeburga
514 2240 686 2303 Fossatum
711 2260 812 2323 prope
836 2240 991 2322 Parisios,
1016 2240 1129 2325 ibique

4 2335 245 2422 aliquantisper
275 2339 397 2400 versati
430 2346 515 2402 sunt.
564 2337 683 2402 Utrum
707 2338 954 2401 matrimonium
985 2346 1128 2401 tantum-

1156 641 1297 689 lugebam.

21 2435 101 2498 nodo
115 2447 227 2499 ratum
244 2433 353 2517 fuerit,
377 2434 545 2499 ueletiam
569 2444 844 2516 consummatum,
868 2445 983 2521 postea
997 2437 1040 2500 in
1057 2457 1128 2521 pro·
1230 2450 1233 2456 '

20 2553 96 2595 sessu
119 2535 178 2618 qui
204 2543 337 2596 secutus
361 2545 418 2613 est,
451 2535 599 2620 quaestio
628 2533 691 2596 fuit
721 2535 832 2618 magni
864 2535 1033 2617 momenti,
1066 2553 1128 2598 nec

21 2651 149 2716 unquam
183 2631 317 2715 penitus
349 2631 515 2716 expedita.
564 2631 839 2696 Consummatum
864 2631 964 2695 fuisse
988 2633 1129 2696 asseruit

19 2725 204 2812 ingeburga,
228 2727 403 2813 Philippus
427 2751 505 2793 vero
529 2728 564 2792 id
588 2728 755 2793 inficiatus
778 2739 836 2792 est.

91 2875 144 2939 29.
194 2871 275 2937 Post
303 2871 385 2936 duos
416 2893 545 2936 menses
584 2881 695 2936 autem
734 2881 864 2957 tresque
901 2869 1128 2934 hebdomades

19 2967 204 3056 t‘ompendii
238 2972 437 3034 convocavit
461 2967 635 3055 Philippus
667 2969 856 3054 praesulum
887 2989 1128 3054 procerumque

19 3080 223 3149 conventum,
242 3067 422 3154 postulans,
447 3078 485 3132 ut
499 3077 634 3153 propter
656 3067 863 3150 affinitatem,
888 3089 988 3153 quam
1011 3089 1128 3151 genea-

19 3161 90 3248 logia
112 3168 269 3252 exposita
298 3167 439 3251 probare
463 3165 656 3247 conabatur,
691 3167 939 3230 matrimonium
972 3164 1127 3230 dissolve·
1211 3247 1212 3250 Ἴ

21 3279 101 3330 retur.
148 3265 200 3328 Re
223 3263 440 3346 considerata,
467 3267 535 3349 regi
560 3264 738 3328 obsecutus
761 3274 810 3328 est
834 3262 1021 3328 Gulielmue
1044 3263 1127 3327 Rhe-

20 3364 125 3426 nensis
155 3361 441 3448 archiepiscopus.
491 3361 712 3444 „Convocatis
741 3363 842 3447 igitur
872 3363 1018 3448 praelato
1042 3362 1127 3426 Rhe-

20 3463 106 3523 nensi
129 3459 403 3545 archiepiscopo,
441 3462 476 3556 in
512 3483 571 3524 sue
605 3461 777 3545 provincia
808 3468 888 3524 tune
915 3459 1127 3544 Apostolieee

78 3738 95 3800 ¹)
113 3737 204 3792 Gesta
222 3735 312 3788 Innoa
331 3733 383 3788 [Π.
413 3749 440 3789 n.
459 3733 502 3788 48.
534 3749 576 3802 ep.
596 3733 736 3786 Balntiurn
763 3733 832 3802 app.
855 3733 948 3787 Innoc.
967 3733 1018 3787 III.
1050 3733 1080 3786 Τ.
1103 3731 1127 3789 Ι.

21 3827 39 3878 p.
50 3817 85 3868 20.
97 3847 129 3857 -
144 3815 325 3870 Aversionem
344 3814 417 3882 regis
436 3813 516 3868 multi
535 3829 573 3882 ea¹
585 3817 678 3867 aetate
696 3811 827 3866 maleficio
846 3813 1040 3870 attribuemnt.
1066 3813 1128 3880 „In-

22 3895 125 3952 stiaaute
142 3895 253 3950 diabulo
270 3893 409 3948 maleficiis
427 3909 476 3962 per
493 3893 635 3948 sortiarias
655 3894 799 3960 expetitus,
827 3907 945 3959 uxorem,
970 3899 1028 3947 taur
1046 3893 1128 3962 longo

23 3983 122 4042 tumre
140 3976 272 4044 cupitam,
291 3989 400 4028 exosam
417 3973 516 4028 habers
535 3973 649 4040 coepit.“
689 3972 762 4028 Guil.
780 3973 911 4042 Nsnbrig.
930 3973 978 4027 IV.
996 3975 1039 4027 at.
1077 3974 1127 4028 Sed

25 4053 75 4108 ilem
93 4057 176 4110 etiam
197 4055 306 4109 scribit:
326 4054 445 4118 „Dicunt
463 4054 578 4120 qnidam,
598 4053 668 4120 quod
686 4058 798 4121 propter
815 4052 947 4107 foetidum
971 4053 1025 4107 oris
1049 4055 1127 4122 spiri·

24 4141 73 4191 un.
89 4137 135 4191 alii
153 4136 227 4204 quod
247 4141 358 4204 propter
374 4134 506 4188 latentem
522 4133 663 4201 qnamdam
678 4133 835 4187 foeditatem
845 4134 1031 4201 repudiaverit
1043 4131 1130 4189 eam.“

23 4209 77 4269 te.
