<?xml version="1.0" encoding="UTF-8"?>
<!DOCTYPE html PUBLIC "-//W3C//DTD XHTML 1.0 Transitional//EN"
    "http://www.w3.org/TR/xhtml1/DTD/xhtml1-transitional.dtd">
<html xmlns="http://www.w3.org/1999/xhtml" xml:lang="en" lang="en">
 <head>
  <title>
</title>
<meta http-equiv="Content-Type" content="text/html;charset=utf-8" />
  <meta name='ocr-system' content='tesseract 3.04.00' />
  <meta name='ocr-capabilities' content='ocr_page ocr_carea ocr_par ocr_line ocrx_word'/>
</head>
<body>
  <div class='ocr_page' id='page_1' title='image "./dissertationess00junggoog_0628.png"; bbox 0 0 2844 4840; ppageno 0'>
   <div class='ocr_carea' id='block_1_1' title="bbox 415 229 431 268">
    <p class='ocr_par' dir='ltr' id='par_1_1' title="bbox 415 229 431 268">
     <span class='ocr_line' id='line_1_1' title="bbox 415 229 431 268; baseline 0 0"><span class='ocrx_word' id='word_1_1' title='bbox 415 229 431 268; x_wconf 88' lang='grc' dir='ltr'><em>Ι</em></span> 
     </span>
    </p>
   </div>
   <div class='ocr_carea' id='block_1_2' title="bbox 324 477 1109 548">
    <p class='ocr_par' dir='ltr' id='par_1_2' title="bbox 324 477 1109 548">
     <span class='ocr_line' id='line_1_2' title="bbox 324 477 1109 548; baseline 0 -12"><span class='ocrx_word' id='word_1_2' title='bbox 324 483 467 537; x_wconf 87' lang='lat' dir='ltr'><strong>Processus</strong></span> <span class='ocrx_word' id='word_1_3' title='bbox 486 477 579 536; x_wconf 77' lang='lat' dir='ltr'><strong>contra</strong></span> <span class='ocrx_word' id='word_1_4' title='bbox 596 481 768 548; x_wconf 78' lang='lat' dir='ltr'><strong>Temptatios.</strong></span> <span class='ocrx_word' id='word_1_5' title='bbox 1073 481 1109 536; x_wconf 80' lang='lat'><strong>93</strong></span> 
     </span>
    </p>
   </div>
   <div class='ocr_carea' id='block_1_3' title="bbox 9 623 1277 2375">
    <p class='ocr_par' dir='ltr' id='par_1_3' title="bbox 14 623 1109 1298">
     <span class='ocr_line' id='line_1_3' title="bbox 20 623 1109 710; baseline -0.001 -20"><span class='ocrx_word' id='word_1_6' title='bbox 20 627 102 690; x_wconf 71' lang='lat' dir='ltr'><strong>strum</strong></span> <span class='ocrx_word' id='word_1_7' title='bbox 130 626 258 691; x_wconf 89' lang='lat' dir='ltr'><strong>debitor</strong></span> <span class='ocrx_word' id='word_1_8' title='bbox 289 627 390 690; x_wconf 87' lang='lat' dir='ltr'><strong>fuisse</strong></span> <span class='ocrx_word' id='word_1_9' title='bbox 422 625 553 690; x_wconf 88' lang='lat' dir='ltr'><strong>dicitur.</strong></span> <span class='ocrx_word' id='word_1_10' title='bbox 590 661 625 672; x_wconf 91' lang='lat'><em>-</em></span> <span class='ocrx_word' id='word_1_11' title='bbox 665 623 777 704; x_wconf 81' lang='lat' dir='ltr'><strong>Quum</strong></span> <span class='ocrx_word' id='word_1_12' title='bbox 802 648 831 689; x_wconf 89' lang='lat' dir='ltr'><strong>a.</strong></span> <span class='ocrx_word' id='word_1_13' title='bbox 859 625 944 689; x_wconf 83' lang='lat'>1306</span> <span class='ocrx_word' id='word_1_14' title='bbox 975 637 1109 710; x_wconf 89' lang='lat' dir='ltr'><strong>propter</strong></span> 
     </span>
     <span class='ocr_line' id='line_1_4' title="bbox 20 713 1107 810; baseline -0.003 -22"><span class='ocrx_word' id='word_1_15' title='bbox 20 727 201 790; x_wconf 75' lang='lat' dir='ltr'><strong>mutationem</strong></span> <span class='ocrx_word' id='word_1_16' title='bbox 233 737 385 789; x_wconf 86' lang='lat' dir='ltr'><strong>monetae</strong></span> <span class='ocrx_word' id='word_1_17' title='bbox 409 725 546 788; x_wconf 84' lang='lat' dir='ltr'><strong>Parisiis</strong></span> <span class='ocrx_word' id='word_1_18' title='bbox 576 713 694 787; x_wconf 82' lang='lat' dir='ltr'><strong>seditio</strong></span> <span class='ocrx_word' id='word_1_19' title='bbox 718 734 789 787; x_wconf 84' lang='lat' dir='ltr'><strong>orta</strong></span> <span class='ocrx_word' id='word_1_20' title='bbox 812 735 897 787; x_wconf 85' lang='lat' dir='ltr'><strong>esset</strong></span> <span class='ocrx_word' id='word_1_21' title='bbox 928 725 961 788; x_wconf 92' lang='lat' dir='ltr'><strong>in</strong></span> <span class='ocrx_word' id='word_1_22' title='bbox 985 722 1107 810; x_wconf 92' lang='lat' dir='ltr'><strong>Philip·</strong></span> 
     </span>
     <span class='ocr_line' id='line_1_5' title="bbox 18 819 1107 906; baseline 0.001 -21"><span class='ocrx_word' id='word_1_23' title='bbox 18 845 83 906; x_wconf 87' lang='lat' dir='ltr'><strong>pun,</strong></span> <span class='ocrx_word' id='word_1_24' title='bbox 103 845 158 886; x_wconf 81' lang='lat' dir='ltr'><strong>rex</strong></span> <span class='ocrx_word' id='word_1_25' title='bbox 181 825 217 887; x_wconf 90' lang='lat' dir='ltr'><strong>in</strong></span> <span class='ocrx_word' id='word_1_26' title='bbox 241 843 352 886; x_wconf 87' lang='lat' dir='ltr'><strong>arcem</strong></span> <span class='ocrx_word' id='word_1_27' title='bbox 377 823 539 884; x_wconf 88' lang='lat' dir='ltr'><strong>munitam</strong></span> <span class='ocrx_word' id='word_1_28' title='bbox 565 819 712 898; x_wconf 85' lang='lat' dir='ltr'>Ordinis,</span> <span class='ocrx_word' id='word_1_29' title='bbox 737 843 839 906; x_wconf 88' lang='lat' dir='ltr'><strong>quam</strong></span> <span class='ocrx_word' id='word_1_30' title='bbox 853 819 1028 906; x_wconf 88' lang='lat' dir='ltr'><strong>Templum</strong></span> <span class='ocrx_word' id='word_1_31' title='bbox 1053 843 1107 886; x_wconf 91' lang='lat' dir='ltr'><strong>vo-</strong></span> 
     </span>
     <span class='ocr_line' id='line_1_6' title="bbox 17 918 1107 1006; baseline 0.001 -24"><span class='ocrx_word' id='word_1_32' title='bbox 17 921 117 1000; x_wconf 80' lang='lat' dir='ltr'><strong>cabant,</strong></span> <span class='ocrx_word' id='word_1_33' title='bbox 140 943 174 984; x_wconf 88' lang='lat' dir='ltr'><strong>se</strong></span> <span class='ocrx_word' id='word_1_34' title='bbox 199 921 345 1006; x_wconf 85' lang='lat' dir='ltr'><strong>recipere</strong></span> <span class='ocrx_word' id='word_1_35' title='bbox 370 931 504 983; x_wconf 89' lang='lat' dir='ltr'><strong>coactus</strong></span> <span class='ocrx_word' id='word_1_36' title='bbox 528 927 593 991; x_wconf 88' lang='lat' dir='ltr'><strong>est;</strong></span> <span class='ocrx_word' id='word_1_37' title='bbox 623 929 722 1004; x_wconf 88' lang='lat' dir='ltr'><strong>atque</strong></span> <span class='ocrx_word' id='word_1_38' title='bbox 747 921 818 1003; x_wconf 89' lang='lat' dir='ltr'><strong>ipsa</strong></span> <span class='ocrx_word' id='word_1_39' title='bbox 842 918 924 982; x_wconf 85' lang='lat' dir='ltr'><strong>haec</strong></span> <span class='ocrx_word' id='word_1_40' title='bbox 948 921 1107 1004; x_wconf 85' lang='lat' dir='ltr'><strong>protectio</strong></span> 
     </span>
     <span class='ocr_line' id='line_1_7' title="bbox 16 1014 1106 1104; baseline 0.002 -24"><span class='ocrx_word' id='word_1_41' title='bbox 16 1040 89 1103; x_wconf 87' lang='lat' dir='ltr'><strong>quum</strong></span> <span class='ocrx_word' id='word_1_42' title='bbox 111 1018 198 1104; x_wconf 85' lang='lat' dir='ltr'><strong>apud</strong></span> <span class='ocrx_word' id='word_1_43' title='bbox 215 1016 421 1102; x_wconf 89' lang='lat' dir='ltr'><strong>Templarios</strong></span> <span class='ocrx_word' id='word_1_44' title='bbox 445 1037 602 1102; x_wconf 87' lang='lat' dir='ltr'><strong>quaerere</strong></span> <span class='ocrx_word' id='word_1_45' title='bbox 627 1014 752 1092; x_wconf 88' lang='lat' dir='ltr'>debuit,</span> <span class='ocrx_word' id='word_1_46' title='bbox 777 1038 817 1080; x_wconf 91' lang='lat' dir='ltr'><strong>ac</strong></span> <span class='ocrx_word' id='word_1_47' title='bbox 836 1017 918 1081; x_wconf 88' lang='lat' dir='ltr'><strong>forte</strong></span> <span class='ocrx_word' id='word_1_48' title='bbox 942 1018 1106 1103; x_wconf 80' lang='lat' dir='ltr'><strong>quaedam</strong></span> 
     </span>
     <span class='ocr_line' id='line_1_8' title="bbox 16 1113 1107 1201; baseline 0.002 -23"><span class='ocrx_word' id='word_1_49' title='bbox 16 1117 279 1201; x_wconf 78' lang='lat' dir='ltr'><strong>improperationes</strong></span> <span class='ocrx_word' id='word_1_50' title='bbox 319 1113 442 1178; x_wconf 84' lang='lat' dir='ltr'><strong>ibidem</strong></span> <span class='ocrx_word' id='word_1_51' title='bbox 482 1116 512 1178; x_wconf 87' lang='lat' dir='ltr'><strong>ei</strong></span> <span class='ocrx_word' id='word_1_52' title='bbox 552 1114 668 1195; x_wconf 85' lang='lat' dir='ltr'><strong>factae,</strong></span> <span class='ocrx_word' id='word_1_53' title='bbox 708 1113 819 1178; x_wconf 89' lang='lat' dir='ltr'><strong>adhuc</strong></span> <span class='ocrx_word' id='word_1_54' title='bbox 843 1118 948 1198; x_wconf 84' lang='lat' dir='ltr'><strong>magis</strong></span> <span class='ocrx_word' id='word_1_55' title='bbox 972 1137 1047 1180; x_wconf 90' lang='lat' dir='ltr'><strong>eum</strong></span> <span class='ocrx_word' id='word_1_56' title='bbox 1072 1117 1107 1180; x_wconf 93' lang='lat' dir='ltr'><strong>in</strong></span> 
     </span>
     <span class='ocr_line' id='line_1_9' title="bbox 14 1211 623 1298; baseline -0.002 -22"><span class='ocrx_word' id='word_1_57' title='bbox 14 1213 190 1298; x_wconf 82' lang='lat' dir='ltr'><strong>Templarios</strong></span> <span class='ocrx_word' id='word_1_58' title='bbox 215 1212 433 1276; x_wconf 79' lang='lat' dir='ltr'><strong>exacerbasse</strong></span> <span class='ocrx_word' id='word_1_59' title='bbox 457 1211 623 1275; x_wconf 87' lang='lat' dir='ltr'><strong>dicuntur.</strong></span> 
     </span>
    </p>

    <p class='ocr_par' dir='ltr' id='par_1_4' title="bbox 9 1308 1277 2375">
     <span class='ocr_line' id='line_1_10' title="bbox 81 1308 1277 1394; baseline -0.001 -18"><span class='ocrx_word' id='word_1_60' title='bbox 81 1313 126 1376; x_wconf 81' lang='lat'><strong>15.</strong></span> <span class='ocrx_word' id='word_1_61' title='bbox 171 1311 249 1376; x_wconf 87' lang='lat' dir='ltr'><strong>Jam</strong></span> <span class='ocrx_word' id='word_1_62' title='bbox 281 1333 311 1375; x_wconf 86' lang='lat' dir='ltr'><strong>a.</strong></span> <span class='ocrx_word' id='word_1_63' title='bbox 343 1309 429 1374; x_wconf 82' lang='lat'>1305</span> <span class='ocrx_word' id='word_1_64' title='bbox 459 1308 635 1394; x_wconf 83' lang='lat' dir='ltr'>Philippus</span> <span class='ocrx_word' id='word_1_65' title='bbox 675 1311 849 1374; x_wconf 82' lang='lat' dir='ltr'><strong>occasione</strong></span> <span class='ocrx_word' id='word_1_66' title='bbox 886 1313 1107 1376; x_wconf 84' lang='lat' dir='ltr'><strong>coronationis</strong></span> <span class='ocrx_word' id='word_1_67' title='bbox 1128 1335 1277 1386; x_wconf 72' lang='lat' dir='ltr'><strong>Philippiis-</strong></span> 
     </span>
     <span class='ocr_line' id='line_1_11' title="bbox 14 1399 1242 1492; baseline 0.003 -23"><span class='ocrx_word' id='word_1_68' title='bbox 14 1407 163 1473; x_wconf 81' lang='lat' dir='ltr'><strong>llomentis</strong></span> <span class='ocrx_word' id='word_1_69' title='bbox 179 1408 210 1471; x_wconf 91' lang='lat' dir='ltr'>V</span> <span class='ocrx_word' id='word_1_70' title='bbox 234 1407 393 1492; x_wconf 83' lang='lat' dir='ltr'><strong>Lugduni</strong></span> <span class='ocrx_word' id='word_1_71' title='bbox 419 1405 602 1470; x_wconf 85' lang='lat' dir='ltr'><strong>celebratae</strong></span> <span class='ocrx_word' id='word_1_72' title='bbox 620 1406 772 1471; x_wconf 88' lang='lat' dir='ltr'><strong>Pontifici</strong></span> <span class='ocrx_word' id='word_1_73' title='bbox 798 1405 838 1470; x_wconf 90' lang='lat' dir='ltr'><strong>de</strong></span> <span class='ocrx_word' id='word_1_74' title='bbox 866 1410 997 1492; x_wconf 90' lang='lat' dir='ltr'><strong>negotio</strong></span> <span class='ocrx_word' id='word_1_75' title='bbox 1011 1409 1106 1473; x_wconf 85' lang='lat' dir='ltr'><strong>Tem·</strong></span> <span class='ocrx_word' id='word_1_76' title='bbox 1150 1399 1242 1438; x_wconf 51' lang='grc' dir='ltr'><strong>Μὴ·</strong></span> 
     </span>
     <span class='ocr_line' id='line_1_12' title="bbox 13 1501 1107 1589; baseline 0.004 -22"><span class='ocrx_word' id='word_1_77' title='bbox 13 1505 165 1588; x_wconf 78' lang='lat' dir='ltr'><strong>pluriorem</strong></span> <span class='ocrx_word' id='word_1_78' title='bbox 190 1505 320 1570; x_wconf 89' lang='lat' dir='ltr'><strong>locutus</strong></span> <span class='ocrx_word' id='word_1_79' title='bbox 352 1516 410 1584; x_wconf 85' lang='lat' dir='ltr'><strong>est,</strong></span> <span class='ocrx_word' id='word_1_80' title='bbox 442 1506 490 1568; x_wconf 89' lang='lat' dir='ltr'><strong>uti</strong></span> <span class='ocrx_word' id='word_1_81' title='bbox 522 1527 564 1568; x_wconf 87' lang='lat' dir='ltr'><strong>ex</strong></span> <span class='ocrx_word' id='word_1_82' title='bbox 589 1501 768 1568; x_wconf 85' lang='lat' dir='ltr'><strong>Clementia</strong></span> <span class='ocrx_word' id='word_1_83' title='bbox 791 1505 938 1589; x_wconf 90' lang='lat' dir='ltr'><strong>epistolis</strong></span> <span class='ocrx_word' id='word_1_84' title='bbox 962 1517 1107 1588; x_wconf 81' lang='lat' dir='ltr'><strong>constat3</strong></span> 
     </span>
     <span class='ocr_line' id='line_1_13' title="bbox 12 1601 1107 1690; baseline 0.003 -24"><span class='ocrx_word' id='word_1_85' title='bbox 12 1601 67 1668; x_wconf 83' lang='lat' dir='ltr'><strong>dein</strong></span> <span class='ocrx_word' id='word_1_86' title='bbox 89 1605 219 1690; x_wconf 86' lang='lat' dir='ltr'><strong>saepius</strong></span> <span class='ocrx_word' id='word_1_87' title='bbox 244 1612 369 1666; x_wconf 86' lang='lat' dir='ltr'><strong>secreto</strong></span> <span class='ocrx_word' id='word_1_88' title='bbox 394 1603 435 1666; x_wconf 90' lang='lat' dir='ltr'><strong>de</strong></span> <span class='ocrx_word' id='word_1_89' title='bbox 460 1603 523 1665; x_wconf 84' lang='lat' dir='ltr'><strong>ista</strong></span> <span class='ocrx_word' id='word_1_90' title='bbox 547 1623 582 1665; x_wconf 91' lang='lat' dir='ltr'><strong>re</strong></span> <span class='ocrx_word' id='word_1_91' title='bbox 606 1623 681 1664; x_wconf 90' lang='lat' dir='ltr'><strong>cum</strong></span> <span class='ocrx_word' id='word_1_92' title='bbox 705 1601 867 1666; x_wconf 89' lang='lat' dir='ltr'><strong>Pontifice</strong></span> <span class='ocrx_word' id='word_1_93' title='bbox 891 1605 968 1687; x_wconf 89' lang='lat' dir='ltr'><strong>egit.</strong></span> <span class='ocrx_word' id='word_1_94' title='bbox 1008 1605 1107 1669; x_wconf 82' lang='lat' dir='ltr'><strong>Anno</strong></span> 
     </span>
     <span class='ocr_line' id='line_1_14' title="bbox 11 1698 1107 1786; baseline 0.005 -24"><span class='ocrx_word' id='word_1_95' title='bbox 11 1721 69 1764; x_wconf 76' lang='lat' dir='ltr'><strong>aero</strong></span> <span class='ocrx_word' id='word_1_96' title='bbox 93 1703 173 1766; x_wconf 76' lang='lat'>1307</span> <span class='ocrx_word' id='word_1_97' title='bbox 207 1702 296 1764; x_wconf 85' lang='lat' dir='ltr'><strong>circa</strong></span> <span class='ocrx_word' id='word_1_98' title='bbox 325 1699 542 1776; x_wconf 79' lang='lat' dir='ltr'><strong>Pentecosten</strong></span> <span class='ocrx_word' id='word_1_99' title='bbox 568 1698 723 1763; x_wconf 85' lang='lat' dir='ltr'><strong>Pontifex</strong></span> <span class='ocrx_word' id='word_1_100' title='bbox 754 1721 829 1763; x_wconf 92' lang='lat' dir='ltr'><strong>cum</strong></span> <span class='ocrx_word' id='word_1_101' title='bbox 860 1722 936 1786; x_wconf 90' lang='lat' dir='ltr'><strong>rege</strong></span> <span class='ocrx_word' id='word_1_102' title='bbox 961 1703 1107 1767; x_wconf 84' lang='lat' dir='ltr'><strong>Pictavis</strong></span> 
     </span>
     <span class='ocr_line' id='line_1_15' title="bbox 11 1795 1106 1889; baseline 0.004 -29"><span class='ocrx_word' id='word_1_103' title='bbox 11 1803 148 1881; x_wconf 81' lang='lat' dir='ltr'><strong>convenit,</strong></span> <span class='ocrx_word' id='word_1_104' title='bbox 173 1809 274 1885; x_wconf 85' lang='lat' dir='ltr'><strong>atque</strong></span> <span class='ocrx_word' id='word_1_105' title='bbox 298 1797 340 1862; x_wconf 88' lang='lat' dir='ltr'><strong>de</strong></span> <span class='ocrx_word' id='word_1_106' title='bbox 362 1796 522 1882; x_wconf 89' lang='lat' dir='ltr'><strong>gravibus</strong></span> <span class='ocrx_word' id='word_1_107' title='bbox 547 1795 672 1861; x_wconf 90' lang='lat' dir='ltr'><strong>ibidem</strong></span> <span class='ocrx_word' id='word_1_108' title='bbox 697 1799 838 1880; x_wconf 87' lang='lat' dir='ltr'><strong>negotiis</strong></span> <span class='ocrx_word' id='word_1_109' title='bbox 861 1809 1106 1889; x_wconf 81' lang='lat' dir='ltr'><strong>tractaverunt3</strong></span> 
     </span>
     <span class='ocr_line' id='line_1_16' title="bbox 9 1894 1105 1980; baseline 0.004 -22"><span class='ocrx_word' id='word_1_110' title='bbox 9 1897 50 1958; x_wconf 86' lang='lat' dir='ltr'><strong>sed</strong></span> <span class='ocrx_word' id='word_1_111' title='bbox 70 1901 163 1962; x_wconf 86' lang='lat' dir='ltr'><strong>etiam</strong></span> <span class='ocrx_word' id='word_1_112' title='bbox 188 1907 269 1960; x_wconf 86' lang='lat' dir='ltr'><strong>tune</strong></span> <span class='ocrx_word' id='word_1_113' title='bbox 293 1894 562 1960; x_wconf 87' lang='lat' dir='ltr'><strong>accusationibus</strong></span> <span class='ocrx_word' id='word_1_114' title='bbox 586 1905 700 1959; x_wconf 84' lang='lat' dir='ltr'><strong>contra</strong></span> <span class='ocrx_word' id='word_1_115' title='bbox 713 1894 921 1980; x_wconf 85' lang='lat' dir='ltr'><strong>Templarios</strong></span> <span class='ocrx_word' id='word_1_116' title='bbox 943 1896 1019 1962; x_wconf 88' lang='lat' dir='ltr'><strong>latis</strong></span> <span class='ocrx_word' id='word_1_117' title='bbox 1036 1897 1105 1964; x_wconf 85' lang='lat' dir='ltr'><strong>Cle·</strong></span> 
     </span>
     <span class='ocr_line' id='line_1_17' title="bbox 10 1992 1107 2082; baseline 0.005 -26"><span class='ocrx_word' id='word_1_118' title='bbox 10 2013 79 2058; x_wconf 85' lang='lat' dir='ltr'><strong>nens</strong></span> <span class='ocrx_word' id='word_1_119' title='bbox 102 1995 248 2061; x_wconf 89' lang='lat' dir='ltr'><strong>nondum</strong></span> <span class='ocrx_word' id='word_1_120' title='bbox 273 1993 373 2058; x_wconf 91' lang='lat' dir='ltr'><strong>fidem</strong></span> <span class='ocrx_word' id='word_1_121' title='bbox 398 1992 526 2058; x_wconf 91' lang='lat' dir='ltr'><strong>habuit.</strong></span> <span class='ocrx_word' id='word_1_122' title='bbox 543 2031 586 2040; x_wconf 96' lang='lat'>—</span> <span class='ocrx_word' id='word_1_123' title='bbox 600 1993 791 2056; x_wconf 85' lang='lat' dir='ltr'><strong>Accersitns</strong></span> <span class='ocrx_word' id='word_1_124' title='bbox 807 2006 878 2058; x_wconf 88' lang='lat' dir='ltr'><strong>erat</strong></span> <span class='ocrx_word' id='word_1_125' title='bbox 905 2017 943 2059; x_wconf 89' lang='lat' dir='ltr'><strong>eo</strong></span> <span class='ocrx_word' id='word_1_126' title='bbox 958 2006 1107 2082; x_wconf 87' lang='lat' dir='ltr'><strong>tempore</strong></span> 
     </span>
     <span class='ocr_line' id='line_1_18' title="bbox 9 2088 1108 2176; baseline 0.007 -25"><span class='ocrx_word' id='word_1_127' title='bbox 9 2089 141 2175; x_wconf 77' lang='lat' dir='ltr'><strong>Magister</strong></span> <span class='ocrx_word' id='word_1_128' title='bbox 164 2091 304 2158; x_wconf 90' lang='lat' dir='ltr'><strong>Ordinis</strong></span> <span class='ocrx_word' id='word_1_129' title='bbox 328 2089 593 2176; x_wconf 83' lang='lat' dir='ltr'><strong>Templariorum</strong></span> <span class='ocrx_word' id='word_1_130' title='bbox 625 2113 666 2154; x_wconf 86' lang='lat' dir='ltr'><strong>ex</strong></span> <span class='ocrx_word' id='word_1_131' title='bbox 692 2088 802 2176; x_wconf 85' lang='lat' dir='ltr'><strong>Cyprd</strong></span> <span class='ocrx_word' id='word_1_132' title='bbox 826 2093 859 2155; x_wconf 92' lang='lat' dir='ltr'><strong>in</strong></span> <span class='ocrx_word' id='word_1_133' title='bbox 885 2090 1038 2176; x_wconf 83' lang='lat' dir='ltr'><strong>Galliam,</strong></span> <span class='ocrx_word' id='word_1_134' title='bbox 1070 2105 1108 2160; x_wconf 88' lang='lat' dir='ltr'><strong>ut</strong></span> 
     </span>
     <span class='ocr_line' id='line_1_19' title="bbox 9 2185 1107 2276; baseline 0.005 -24"><span class='ocrx_word' id='word_1_135' title='bbox 9 2185 36 2252; x_wconf 87' lang='lat' dir='ltr'><strong>dc</strong></span> <span class='ocrx_word' id='word_1_136' title='bbox 55 2213 134 2255; x_wconf 84' lang='lat' dir='ltr'><strong>nova</strong></span> <span class='ocrx_word' id='word_1_137' title='bbox 157 2189 372 2276; x_wconf 86' lang='lat' dir='ltr'><strong>expeditione</strong></span> <span class='ocrx_word' id='word_1_138' title='bbox 396 2190 544 2253; x_wconf 86' lang='lat' dir='ltr'><strong>cruciata</strong></span> <span class='ocrx_word' id='word_1_139' title='bbox 567 2197 729 2272; x_wconf 87' lang='lat' dir='ltr'><strong>ageretur.</strong></span> <span class='ocrx_word' id='word_1_140' title='bbox 778 2186 928 2276; x_wconf 87' lang='lat' dir='ltr'><strong>Cumque</strong></span> <span class='ocrx_word' id='word_1_141' title='bbox 959 2213 1107 2257; x_wconf 89' lang='lat' dir='ltr'><strong>rumores</strong></span> 
     </span>
     <span class='ocr_line' id='line_1_20' title="bbox 9 2285 1107 2375; baseline 0.006 -28"><span class='ocrx_word' id='word_1_142' title='bbox 9 2285 181 2352; x_wconf 80' lang='lat' dir='ltr'><strong>infamantes</strong></span> <span class='ocrx_word' id='word_1_143' title='bbox 206 2285 368 2353; x_wconf 89' lang='lat' dir='ltr'><strong>Ordinem</strong></span> <span class='ocrx_word' id='word_1_144' title='bbox 391 2286 707 2373; x_wconf 85' lang='lat' dir='ltr'><strong>percrebrescerent,</strong></span> <span class='ocrx_word' id='word_1_145' title='bbox 733 2287 803 2372; x_wconf 89' lang='lat' dir='ltr'><strong>ipse</strong></span> <span class='ocrx_word' id='word_1_146' title='bbox 826 2287 949 2375; x_wconf 88' lang='lat' dir='ltr'><strong>aliique</strong></span> <span class='ocrx_word' id='word_1_147' title='bbox 969 2288 1107 2356; x_wconf 84' lang='lat' dir='ltr'><strong>Ordinis</strong></span> 
     </span>
    </p>
   </div>
   <div class='ocr_carea' id='block_1_4' title="bbox 9 2379 1106 2864">
    <p class='ocr_par' dir='ltr' id='par_1_5' title="bbox 9 2379 1106 2864">
     <span class='ocr_line' id='line_1_21' title="bbox 9 2379 1106 2471; baseline 0.005 -24"><span class='ocrx_word' id='word_1_148' title='bbox 9 2379 217 2471; x_wconf 79' lang='lat' dir='ltr'><strong>Praeceptores</strong></span> <span class='ocrx_word' id='word_1_149' title='bbox 231 2407 251 2448; x_wconf 87' lang='lat' dir='ltr'><strong>a</strong></span> <span class='ocrx_word' id='word_1_150' title='bbox 262 2385 430 2464; x_wconf 70' lang='lat' dir='ltr'><strong>¹Pontiliee</strong></span> <span class='ocrx_word' id='word_1_151' title='bbox 454 2385 613 2450; x_wconf 85' lang='lat' dir='ltr'><strong>audacter</strong></span> <span class='ocrx_word' id='word_1_152' title='bbox 627 2383 889 2470; x_wconf 87' lang='lat' dir='ltr'><strong>postulaverunt,</strong></span> <span class='ocrx_word' id='word_1_153' title='bbox 915 2396 952 2450; x_wconf 90' lang='lat' dir='ltr'><strong>ut</strong></span> <span class='ocrx_word' id='word_1_154' title='bbox 965 2410 1106 2453; x_wconf 87' lang='lat' dir='ltr'><strong>examen</strong></span> 
     </span>
     <span class='ocr_line' id='line_1_22' title="bbox 9 2479 1106 2569; baseline 0.01 -28"><span class='ocrx_word' id='word_1_155' title='bbox 9 2479 219 2562; x_wconf 79' lang='lat' dir='ltr'><strong>institueretur,</strong></span> <span class='ocrx_word' id='word_1_156' title='bbox 253 2505 292 2548; x_wconf 92' lang='lat' dir='ltr'><strong>ac</strong></span> <span class='ocrx_word' id='word_1_157' title='bbox 316 2484 470 2548; x_wconf 87' lang='lat' dir='ltr'><strong>Pontifex</strong></span> <span class='ocrx_word' id='word_1_158' title='bbox 504 2494 574 2547; x_wconf 90' lang='lat' dir='ltr'><strong>tum</strong></span> <span class='ocrx_word' id='word_1_159' title='bbox 599 2483 732 2546; x_wconf 92' lang='lat' dir='ltr'><strong>demum</strong></span> <span class='ocrx_word' id='word_1_160' title='bbox 757 2505 869 2547; x_wconf 86' lang='lat' dir='ltr'><strong>mense</strong></span> <span class='ocrx_word' id='word_1_161' title='bbox 893 2485 1044 2569; x_wconf 81' lang='lat' dir='ltr'><strong>Augusto</strong></span> <span class='ocrx_word' id='word_1_162' title='bbox 1076 2509 1106 2553; x_wconf 88' lang='lat' dir='ltr'><strong>a.</strong></span> 
     </span>
     <span class='ocr_line' id='line_1_23' title="bbox 9 2577 1106 2668; baseline 0.007 -28"><span class='ocrx_word' id='word_1_163' title='bbox 9 2577 72 2642; x_wconf 83' lang='grc' dir='ltr'><strong>13οῖ</strong></span> <span class='ocrx_word' id='word_1_164' title='bbox 105 2580 282 2646; x_wconf 88' lang='lat' dir='ltr'><strong>consilium</strong></span> <span class='ocrx_word' id='word_1_165' title='bbox 318 2583 415 2668; x_wconf 89' lang='lat' dir='ltr'><strong>cepit,</strong></span> <span class='ocrx_word' id='word_1_166' title='bbox 451 2582 700 2668; x_wconf 87' lang='lat' dir='ltr'><strong>inquisitionem</strong></span> <span class='ocrx_word' id='word_1_167' title='bbox 735 2580 880 2665; x_wconf 88' lang='lat' dir='ltr'><strong>aliquam</strong></span> <span class='ocrx_word' id='word_1_168' title='bbox 905 2583 967 2647; x_wconf 86' lang='lat' dir='ltr'><strong>ista</strong></span> <span class='ocrx_word' id='word_1_169' title='bbox 999 2583 1040 2648; x_wconf 89' lang='lat' dir='ltr'><strong>de</strong></span> <span class='ocrx_word' id='word_1_170' title='bbox 1071 2605 1106 2648; x_wconf 90' lang='lat' dir='ltr'><strong>re</strong></span> 
     </span>
     <span class='ocr_line' id='line_1_24' title="bbox 9 2678 1106 2765; baseline 0.007 -28"><span class='ocrx_word' id='word_1_171' title='bbox 9 2678 82 2742; x_wconf 88' lang='lat' dir='ltr'><strong>nodo</strong></span> <span class='ocrx_word' id='word_1_172' title='bbox 109 2679 259 2765; x_wconf 88' lang='lat' dir='ltr'><strong>juridico</strong></span> <span class='ocrx_word' id='word_1_173' title='bbox 296 2679 428 2746; x_wconf 90' lang='lat' dir='ltr'><strong>habere.</strong></span> <span class='ocrx_word' id='word_1_174' title='bbox 483 2681 576 2744; x_wconf 88' lang='lat' dir='ltr'><strong>Haec</strong></span> <span class='ocrx_word' id='word_1_175' title='bbox 607 2681 719 2744; x_wconf 88' lang='lat' dir='ltr'><strong>omnia</strong></span> <span class='ocrx_word' id='word_1_176' title='bbox 754 2679 841 2744; x_wconf 89' lang='lat' dir='ltr'><strong>clare</strong></span> <span class='ocrx_word' id='word_1_177' title='bbox 872 2691 1032 2745; x_wconf 89' lang='lat' dir='ltr'><strong>eruuntur</strong></span> <span class='ocrx_word' id='word_1_178' title='bbox 1063 2703 1106 2746; x_wconf 85' lang='lat' dir='ltr'><strong>ex</strong></span> 
     </span>
     <span class='ocr_line' id='line_1_25' title="bbox 9 2777 1104 2864; baseline 0.008 -28"><span class='ocrx_word' id='word_1_179' title='bbox 9 2777 118 2858; x_wconf 78' lang='lat' dir='ltr'><strong>epistola</strong></span> <span class='ocrx_word' id='word_1_180' title='bbox 135 2802 155 2844; x_wconf 86' lang='lat' dir='ltr'><strong>e</strong></span> <span class='ocrx_word' id='word_1_181' title='bbox 174 2777 344 2843; x_wconf 86' lang='lat' dir='ltr'><strong>Clemente</strong></span> <span class='ocrx_word' id='word_1_182' title='bbox 368 2779 411 2844; x_wconf 87' lang='lat' dir='ltr'><strong>ad</strong></span> <span class='ocrx_word' id='word_1_183' title='bbox 425 2778 619 2864; x_wconf 91' lang='lat' dir='ltr'><strong>Philippum</strong></span> <span class='ocrx_word' id='word_1_184' title='bbox 636 2777 668 2842; x_wconf 91' lang='lat' dir='ltr'><strong>d.</strong></span> <span class='ocrx_word' id='word_1_185' title='bbox 683 2777 714 2842; x_wconf 91' lang='lat' dir='ltr'><strong>d.</strong></span> <span class='ocrx_word' id='word_1_186' title='bbox 730 2778 790 2842; x_wconf 80' lang='lat'><strong>24⁰</strong></span> <span class='ocrx_word' id='word_1_187' title='bbox 806 2778 949 2863; x_wconf 82' lang='lat' dir='ltr'><strong>Augusti</strong></span> <span class='ocrx_word' id='word_1_188' title='bbox 974 2802 1003 2845; x_wconf 87' lang='lat' dir='ltr'><strong>a.</strong></span> <span class='ocrx_word' id='word_1_189' title='bbox 1021 2781 1104 2845; x_wconf 77' lang='lat'>1307</span> 
     </span>
    </p>
   </div>
   <div class='ocr_carea' id='block_1_5' title="bbox 9 2875 1105 2958">
    <p class='ocr_par' dir='ltr' id='par_1_6' title="bbox 9 2875 1105 2958">
     <span class='ocr_line' id='line_1_26' title="bbox 9 2875 1105 2958; baseline 0.008 -26"><span class='ocrx_word' id='word_1_190' title='bbox 9 2875 111 2958; x_wconf 76' lang='lat' dir='ltr'><strong>scripta.</strong></span> <span class='ocrx_word' id='word_1_191' title='bbox 144 2875 241 2954; x_wconf 80' lang='lat' dir='ltr'><strong>Sane,</strong></span> <span class='ocrx_word' id='word_1_192' title='bbox 266 2875 390 2958; x_wconf 87' lang='lat' dir='ltr'><strong>scribit,</strong></span> <span class='ocrx_word' id='word_1_193' title='bbox 415 2899 436 2939; x_wconf 80' lang='lat' dir='ltr'><strong>a</strong></span> <span class='ocrx_word' id='word_1_194' title='bbox 459 2875 609 2939; x_wconf 83' lang='lat' dir='ltr'><strong>memoria</strong></span> <span class='ocrx_word' id='word_1_195' title='bbox 623 2885 678 2938; x_wconf 84' lang='lat' dir='ltr'><strong>tua</strong></span> <span class='ocrx_word' id='word_1_196' title='bbox 692 2898 756 2939; x_wconf 72' lang='lat' dir='ltr'><strong>stoa</strong></span> <span class='ocrx_word' id='word_1_197' title='bbox 770 2875 925 2940; x_wconf 81' lang='lat' dir='ltr'><strong>oredimus</strong></span> <span class='ocrx_word' id='word_1_198' title='bbox 940 2879 1105 2958; x_wconf 74' lang='lat' dir='ltr'><strong>excidisse,</strong></span> 
     </span>
    </p>
   </div>
   <div class='ocr_carea' id='block_1_6' title="bbox 9 2971 1167 4335">
    <p class='ocr_par' dir='ltr' id='par_1_7' title="bbox 9 2971 1167 4335">
     <span class='ocr_line' id='line_1_27' title="bbox 9 2971 1104 3060; baseline 0.006 -28"><span class='ocrx_word' id='word_1_199' title='bbox 9 2971 67 3052; x_wconf 72' lang='lat' dir='ltr'><strong>prod</strong></span> <span class='ocrx_word' id='word_1_200' title='bbox 78 2973 226 3058; x_wconf 63' lang='lat' dir='ltr'><strong>Lugduni</strong></span> <span class='ocrx_word' id='word_1_201' title='bbox 239 2984 268 3036; x_wconf 87' lang='lat' dir='ltr'><strong>et</strong></span> <span class='ocrx_word' id='word_1_202' title='bbox 280 2974 421 3038; x_wconf 77' lang='lat' dir='ltr'><strong>Pictoris</strong></span> <span class='ocrx_word' id='word_1_203' title='bbox 435 2974 474 3037; x_wconf 86' lang='lat' dir='ltr'><strong>de</strong></span> <span class='ocrx_word' id='word_1_204' title='bbox 484 2973 581 3060; x_wconf 82' lang='lat' dir='ltr'><strong>facto</strong></span> <span class='ocrx_word' id='word_1_205' title='bbox 597 2971 849 3060; x_wconf 78' lang='lat' dir='ltr'><strong>Templariorum</strong></span> <span class='ocrx_word' id='word_1_206' title='bbox 871 2973 936 3038; x_wconf 82' lang='lat' dir='ltr'><strong>zelo</strong></span> <span class='ocrx_word' id='word_1_207' title='bbox 955 2976 1034 3058; x_wconf 78' lang='lat' dir='ltr'><strong>fidei</strong></span> <span class='ocrx_word' id='word_1_208' title='bbox 1053 2976 1104 3039; x_wconf 84' lang='lat' dir='ltr'><strong>de·</strong></span> 
     </span>
     <span class='ocr_line' id='line_1_28' title="bbox 9 3070 1104 3158; baseline 0.007 -30"><span class='ocrx_word' id='word_1_209' title='bbox 9 3071 115 3134; x_wconf 74' lang='lat' dir='ltr'><strong>ationis</strong></span> <span class='ocrx_word' id='word_1_210' title='bbox 138 3093 288 3134; x_wconf 74' lang='lat' dir='ltr'><strong>accensus</strong></span> <span class='ocrx_word' id='word_1_211' title='bbox 311 3071 401 3135; x_wconf 81' lang='lat' dir='ltr'><strong>uobis</strong></span> <span class='ocrx_word' id='word_1_212' title='bbox 426 3082 490 3136; x_wconf 84' lang='lat' dir='ltr'><strong>tam</strong></span> <span class='ocrx_word' id='word_1_213' title='bbox 510 3094 571 3157; x_wconf 84' lang='lat' dir='ltr'><strong>per</strong></span> <span class='ocrx_word' id='word_1_214' title='bbox 594 3082 633 3149; x_wconf 85' lang='lat' dir='ltr'><strong>te,</strong></span> <span class='ocrx_word' id='word_1_215' title='bbox 657 3093 750 3158; x_wconf 84' lang='lat' dir='ltr'><strong>quam</strong></span> <span class='ocrx_word' id='word_1_216' title='bbox 767 3093 830 3158; x_wconf 78' lang='lat' dir='ltr'><strong>per</strong></span> <span class='ocrx_word' id='word_1_217' title='bbox 846 3070 1046 3158; x_wconf 74' lang='lat' dir='ltr'><strong>morplurius</strong></span> <span class='ocrx_word' id='word_1_218' title='bbox 1061 3074 1104 3136; x_wconf 90' lang='lat' dir='ltr'><strong>lo-</strong></span> 
     </span>
     <span class='ocr_line' id='line_1_29' title="bbox 9 3169 1104 3254; baseline 0.005 -26"><span class='ocrx_word' id='word_1_219' title='bbox 9 3177 70 3230; x_wconf 72' lang='lat' dir='ltr'><strong>uua</strong></span> <span class='ocrx_word' id='word_1_220' title='bbox 88 3169 201 3254; x_wconf 65' lang='lat' dir='ltr'><strong>filiali,</strong></span> <span class='ocrx_word' id='word_1_221' title='bbox 235 3178 265 3231; x_wconf 86' lang='lat' dir='ltr'><strong>et</strong></span> <span class='ocrx_word' id='word_1_222' title='bbox 281 3192 344 3254; x_wconf 83' lang='lat' dir='ltr'><strong>per</strong></span> <span class='ocrx_word' id='word_1_223' title='bbox 367 3169 508 3232; x_wconf 73' lang='lat' dir='ltr'><strong>Priorem</strong></span> <span class='ocrx_word' id='word_1_224' title='bbox 532 3170 717 3232; x_wconf 81' lang='lat' dir='ltr'><strong>monasterii</strong></span> <span class='ocrx_word' id='word_1_225' title='bbox 738 3171 814 3233; x_wconf 82' lang='lat' dir='ltr'><strong>novi</strong></span> <span class='ocrx_word' id='word_1_226' title='bbox 836 3169 874 3234; x_wconf 87' lang='lat' dir='ltr'><strong>de</strong></span> <span class='ocrx_word' id='word_1_227' title='bbox 900 3169 1023 3233; x_wconf 80' lang='lat' dir='ltr'><strong>Pictavi</strong></span> <span class='ocrx_word' id='word_1_228' title='bbox 1045 3169 1104 3235; x_wconf 84' lang='lat' dir='ltr'><strong>oli·</strong></span> 
     </span>
     <span class='ocr_line' id='line_1_30' title="bbox 9 3266 1104 3354; baseline 0.005 -28"><span class='ocrx_word' id='word_1_229' title='bbox 9 3285 49 3346; x_wconf 75' lang='lat' dir='ltr'><strong>puu</strong></span> <span class='ocrx_word' id='word_1_230' title='bbox 74 3267 221 3330; x_wconf 83' lang='lat' dir='ltr'><strong>intimare</strong></span> <span class='ocrx_word' id='word_1_231' title='bbox 244 3268 373 3340; x_wconf 65' lang='lat' dir='ltr'><strong>osredi.</strong></span> <span class='ocrx_word' id='word_1_232' title='bbox 420 3267 463 3330; x_wconf 92' lang='lat' dir='ltr'><strong>Et</strong></span> <span class='ocrx_word' id='word_1_233' title='bbox 485 3267 558 3331; x_wconf 86' lang='lat' dir='ltr'><strong>licet</strong></span> <span class='ocrx_word' id='word_1_234' title='bbox 582 3266 626 3330; x_wconf 86' lang='lat' dir='ltr'><strong>ad</strong></span> <span class='ocrx_word' id='word_1_235' title='bbox 649 3267 835 3330; x_wconf 69' lang='lat' dir='ltr'><strong>medendum</strong></span> <span class='ocrx_word' id='word_1_236' title='bbox 859 3289 937 3354; x_wconf 82' lang='lat' dir='ltr'><strong>quae</strong></span> <span class='ocrx_word' id='word_1_237' title='bbox 962 3277 1034 3331; x_wconf 82' lang='lat' dir='ltr'><strong>tune</strong></span> <span class='ocrx_word' id='word_1_238' title='bbox 1057 3269 1104 3332; x_wconf 86' lang='lat' dir='ltr'><strong>di-</strong></span> 
     </span>
     <span class='ocr_line' id='line_1_31' title="bbox 9 3361 1103 3452; baseline 0.007 -30"><span class='ocrx_word' id='word_1_239' title='bbox 9 3361 136 3444; x_wconf 80' lang='lat' dir='ltr'><strong>uiuutur,</strong></span> <span class='ocrx_word' id='word_1_240' title='bbox 172 3387 241 3428; x_wconf 81' lang='lat' dir='ltr'><strong>cum</strong></span> <span class='ocrx_word' id='word_1_241' title='bbox 270 3366 363 3449; x_wconf 81' lang='lat' dir='ltr'><strong>quasi</strong></span> <span class='ocrx_word' id='word_1_242' title='bbox 385 3363 591 3429; x_wconf 79' lang='lat' dir='ltr'><strong>incredibilia</strong></span> <span class='ocrx_word' id='word_1_243' title='bbox 614 3376 644 3428; x_wconf 86' lang='lat' dir='ltr'><strong>et</strong></span> <span class='ocrx_word' id='word_1_244' title='bbox 666 3364 880 3452; x_wconf 80' lang='lat' dir='ltr'><strong>impossibilia</strong></span> <span class='ocrx_word' id='word_1_245' title='bbox 911 3365 1103 3447; x_wconf 81' lang='lat' dir='ltr'><strong>uiderentur,</strong></span> 
     </span>
     <span class='ocr_line' id='line_1_32' title="bbox 9 3463 1106 3550; baseline 0.009 -30"><span class='ocrx_word' id='word_1_246' title='bbox 9 3471 118 3525; x_wconf 81' lang='lat' dir='ltr'><strong>rostrum</strong></span> <span class='ocrx_word' id='word_1_247' title='bbox 143 3463 284 3526; x_wconf 82' lang='lat' dir='ltr'><strong>ani-mum</strong></span> <span class='ocrx_word' id='word_1_248' title='bbox 307 3465 361 3526; x_wconf 69' lang='lat' dir='ltr'><strong>or&#39;sc</strong></span> <span class='ocrx_word' id='word_1_249' title='bbox 378 3465 576 3549; x_wconf 80' lang='lat' dir='ltr'><strong>potuerimus</strong></span> <span class='ocrx_word' id='word_1_250' title='bbox 597 3463 775 3550; x_wconf 80' lang='lat' dir='ltr'><strong>applicare,</strong></span> <span class='ocrx_word' id='word_1_251' title='bbox 798 3466 874 3549; x_wconf 82' lang='lat' dir='ltr'><strong>quia</strong></span> <span class='ocrx_word' id='word_1_252' title='bbox 890 3475 993 3528; x_wconf 81' lang='lat' dir='ltr'><strong>tameo</strong></span> <span class='ocrx_word' id='word_1_253' title='bbox 1002 3464 1106 3550; x_wconf 81' lang='lat' dir='ltr'><strong>plura</strong></span> 
     </span>
     <span class='ocr_line' id='line_1_33' title="bbox 9 3559 1105 3648; baseline 0.008 -30"><span class='ocrx_word' id='word_1_254' title='bbox 9 3559 236 3625; x_wconf 80' lang='lat' dir='ltr'><strong>tiocredibilia</strong></span> <span class='ocrx_word' id='word_1_255' title='bbox 259 3571 288 3625; x_wconf 86' lang='lat' dir='ltr'><strong>et</strong></span> <span class='ocrx_word' id='word_1_256' title='bbox 312 3562 460 3626; x_wconf 79' lang='lat' dir='ltr'><strong>inaudita</strong></span> <span class='ocrx_word' id='word_1_257' title='bbox 483 3584 522 3625; x_wconf 74' lang='lat' dir='ltr'><strong>eo:</strong></span> <span class='ocrx_word' id='word_1_258' title='bbox 546 3572 618 3625; x_wconf 82' lang='lat' dir='ltr'><strong>tune</strong></span> <span class='ocrx_word' id='word_1_259' title='bbox 641 3562 820 3626; x_wconf 80' lang='lat' dir='ltr'><strong>audiuimus</strong></span> <span class='ocrx_word' id='word_1_260' title='bbox 850 3562 888 3625; x_wconf 86' lang='lat' dir='ltr'><strong>de</strong></span> <span class='ocrx_word' id='word_1_261' title='bbox 915 3561 1105 3648; x_wconf 79' lang='lat' dir='ltr'><strong>praedictio,</strong></span> 
     </span>
     <span class='ocr_line' id='line_1_34' title="bbox 9 3659 1103 3746; baseline 0.007 -30"><span class='ocrx_word' id='word_1_262' title='bbox 9 3659 117 3739; x_wconf 63' lang='lat' dir='ltr'><strong>:opmur</strong></span> <span class='ocrx_word' id='word_1_263' title='bbox 139 3659 307 3738; x_wconf 64' lang='lat' dir='ltr'><strong>taediare,</strong></span> <span class='ocrx_word' id='word_1_264' title='bbox 339 3669 378 3738; x_wconf 86' lang='lat' dir='ltr'><strong>et,</strong></span> <span class='ocrx_word' id='word_1_265' title='bbox 411 3659 483 3724; x_wconf 86' lang='lat' dir='ltr'><strong>licet</strong></span> <span class='ocrx_word' id='word_1_266' title='bbox 506 3683 570 3723; x_wconf 82' lang='lat' dir='ltr'><strong>ooo</strong></span> <span class='ocrx_word' id='word_1_267' title='bbox 593 3661 661 3724; x_wconf 82' lang='lat' dir='ltr'><strong>sine</strong></span> <span class='ocrx_word' id='word_1_268' title='bbox 684 3683 801 3746; x_wconf 70' lang='lat' dir='ltr'><strong>magna</strong></span> <span class='ocrx_word' id='word_1_269' title='bbox 824 3659 929 3724; x_wconf 88' lang='lat' dir='ltr'><strong>cordis</strong></span> <span class='ocrx_word' id='word_1_270' title='bbox 952 3662 1103 3724; x_wconf 62' lang='lat' dir='ltr'><strong>assumtu-</strong></span> 
     </span>
     <span class='ocr_line' id='line_1_35' title="bbox 9 3751 1103 3845; baseline 0.007 -31"><span class='ocrx_word' id='word_1_271' title='bbox 9 3751 65 3834; x_wconf 79' lang='lat' dir='ltr'><strong>liue‚</strong></span> <span class='ocrx_word' id='word_1_272' title='bbox 88 3757 252 3820; x_wconf 57' lang='lat' dir='ltr'><strong>anablata</strong></span> <span class='ocrx_word' id='word_1_273' title='bbox 276 3769 306 3821; x_wconf 87' lang='lat' dir='ltr'><strong>et</strong></span> <span class='ocrx_word' id='word_1_274' title='bbox 330 3757 516 3836; x_wconf 83' lang='lat' dir='ltr'><strong>turbatione,</strong></span> <span class='ocrx_word' id='word_1_275' title='bbox 541 3759 695 3845; x_wconf 82' lang='lat' dir='ltr'><strong>quidquid</strong></span> <span class='ocrx_word' id='word_1_276' title='bbox 719 3759 795 3822; x_wconf 84' lang='lat' dir='ltr'><strong>ordo</strong></span> <span class='ocrx_word' id='word_1_277' title='bbox 813 3757 1028 3845; x_wconf 79' lang='lat' dir='ltr'><strong>postulaverit</strong></span> <span class='ocrx_word' id='word_1_278' title='bbox 1051 3782 1103 3822; x_wconf 86' lang='lat' dir='ltr'><strong>ra-</strong></span> 
     </span>
     <span class='ocr_line' id='line_1_36' title="bbox 9 3852 1167 3941; baseline 0.006 -28"><span class='ocrx_word' id='word_1_279' title='bbox 9 3852 86 3934; x_wconf 85' lang='lat' dir='ltr'><strong>iouis,</strong></span> <span class='ocrx_word' id='word_1_280' title='bbox 119 3854 158 3918; x_wconf 78' lang='lat' dir='ltr'><strong>de</strong></span> <span class='ocrx_word' id='word_1_281' title='bbox 193 3855 324 3919; x_wconf 79' lang='lat' dir='ltr'><strong>coasilio</strong></span> <span class='ocrx_word' id='word_1_282' title='bbox 340 3857 487 3941; x_wconf 73' lang='lat' dir='ltr'><strong>fratruae</strong></span> <span class='ocrx_word' id='word_1_283' title='bbox 509 3867 686 3920; x_wconf 75' lang='lat' dir='ltr'><strong>aestrorum</strong></span> <span class='ocrx_word' id='word_1_284' title='bbox 705 3855 819 3940; x_wconf 85' lang='lat' dir='ltr'><strong>facere</strong></span> <span class='ocrx_word' id='word_1_285' title='bbox 849 3857 885 3919; x_wconf 86' lang='lat' dir='ltr'><strong>in</strong></span> <span class='ocrx_word' id='word_1_286' title='bbox 902 3857 1100 3941; x_wconf 81' lang='lat' dir='ltr'><strong>praemissis.</strong></span> <span class='ocrx_word' id='word_1_287' title='bbox 1155 3879 1167 3910; x_wconf 68' lang='lat'>⁸</span> 
     </span>
     <span class='ocr_line' id='line_1_37' title="bbox 9 3945 1101 4040; baseline 0.005 -28"><span class='ocrx_word' id='word_1_288' title='bbox 9 3945 69 4022; x_wconf 68' lang='lat' dir='ltr'><strong>luia</strong></span> <span class='ocrx_word' id='word_1_289' title='bbox 91 3974 163 4016; x_wconf 83' lang='lat' dir='ltr'><strong>uero</strong></span> <span class='ocrx_word' id='word_1_290' title='bbox 189 3953 344 4039; x_wconf 69' lang='lat' dir='ltr'><strong>Magister</strong></span> <span class='ocrx_word' id='word_1_291' title='bbox 366 3953 502 4017; x_wconf 81' lang='lat' dir='ltr'><strong>militiae</strong></span> <span class='ocrx_word' id='word_1_292' title='bbox 531 3951 662 4039; x_wconf 82' lang='lat' dir='ltr'><strong>Templi,</strong></span> <span class='ocrx_word' id='word_1_293' title='bbox 695 3977 732 4016; x_wconf 83' lang='lat' dir='ltr'><strong>ao</strong></span> <span class='ocrx_word' id='word_1_294' title='bbox 755 3953 846 4017; x_wconf 83' lang='lat' dir='ltr'><strong>multi</strong></span> <span class='ocrx_word' id='word_1_295' title='bbox 870 3955 1101 4040; x_wconf 49' lang='lat' dir='ltr'><strong>&amp;acceptoreq</strong></span> 
     </span>
     <span class='ocr_line' id='line_1_38' title="bbox 9 4049 1102 4140; baseline 0.003 -30"><span class='ocrx_word' id='word_1_296' title='bbox 9 4069 48 4108; x_wconf 81' lang='lat' dir='ltr'><strong>om</strong></span> <span class='ocrx_word' id='word_1_297' title='bbox 76 4049 112 4112; x_wconf 84' lang='lat' dir='ltr'><strong>de</strong></span> <span class='ocrx_word' id='word_1_298' title='bbox 135 4071 232 4135; x_wconf 75' lang='lat' dir='ltr'><strong>reque</strong></span> <span class='ocrx_word' id='word_1_299' title='bbox 256 4059 308 4113; x_wconf 81' lang='lat' dir='ltr'><strong>tuo</strong></span> <span class='ocrx_word' id='word_1_300' title='bbox 333 4073 425 4136; x_wconf 87' lang='lat' dir='ltr'><strong>quam</strong></span> <span class='ocrx_word' id='word_1_301' title='bbox 449 4051 526 4115; x_wconf 83' lang='lat' dir='ltr'><strong>aliis</strong></span> <span class='ocrx_word' id='word_1_302' title='bbox 549 4051 688 4140; x_wconf 82' lang='lat' dir='ltr'><strong>ejusdem</strong></span> <span class='ocrx_word' id='word_1_303' title='bbox 717 4051 858 4129; x_wconf 82' lang='lat' dir='ltr'><strong>Ordinis,</strong></span> <span class='ocrx_word' id='word_1_304' title='bbox 893 4074 960 4114; x_wconf 86' lang='lat' dir='ltr'><strong>cum</strong></span> <span class='ocrx_word' id='word_1_305' title='bbox 984 4052 1102 4131; x_wconf 87' lang='lat' dir='ltr'><strong>eodem,</strong></span> 
     </span>
     <span class='ocr_line' id='line_1_39' title="bbox 9 4145 1104 4237; baseline 0.009 -33"><span class='ocrx_word' id='word_1_306' title='bbox 9 4145 101 4226; x_wconf 79' lang='lat' dir='ltr'><strong>inlito,</strong></span> <span class='ocrx_word' id='word_1_307' title='bbox 131 4157 168 4210; x_wconf 81' lang='lat' dir='ltr'><strong>ut</strong></span> <span class='ocrx_word' id='word_1_308' title='bbox 200 4147 360 4227; x_wconf 71' lang='lat' dir='ltr'><strong>dicerunt,</strong></span> <span class='ocrx_word' id='word_1_309' title='bbox 392 4149 475 4235; x_wconf 85' lang='lat' dir='ltr'><strong>quod</strong></span> <span class='ocrx_word' id='word_1_310' title='bbox 500 4160 564 4212; x_wconf 84' lang='lat' dir='ltr'><strong>tom</strong></span> <span class='ocrx_word' id='word_1_311' title='bbox 587 4173 660 4236; x_wconf 73' lang='lat' dir='ltr'><strong>erpa</strong></span> <span class='ocrx_word' id='word_1_312' title='bbox 684 4171 740 4213; x_wconf 81' lang='lat' dir='ltr'><strong>nos</strong></span> <span class='ocrx_word' id='word_1_313' title='bbox 763 4171 856 4234; x_wconf 83' lang='lat' dir='ltr'><strong>quam</strong></span> <span class='ocrx_word' id='word_1_314' title='bbox 880 4173 955 4237; x_wconf 77' lang='lat' dir='ltr'><strong>erpa</strong></span> <span class='ocrx_word' id='word_1_315' title='bbox 978 4149 1104 4237; x_wconf 82' lang='lat' dir='ltr'><strong>aliquos</strong></span> 
     </span>
     <span class='ocr_line' id='line_1_40' title="bbox 9 4239 1105 4335; baseline 0.008 -32"><span class='ocrx_word' id='word_1_316' title='bbox 9 4239 65 4304; x_wconf 81' lang='lat' dir='ltr'><strong>dios</strong></span> <span class='ocrx_word' id='word_1_317' title='bbox 86 4245 233 4308; x_wconf 77' lang='lat' dir='ltr'><strong>dominos</strong></span> <span class='ocrx_word' id='word_1_318' title='bbox 256 4247 442 4334; x_wconf 84' lang='lat' dir='ltr'><strong>temporales</strong></span> <span class='ocrx_word' id='word_1_319' title='bbox 466 4270 560 4333; x_wconf 80' lang='lat' dir='ltr'><strong>super</strong></span> <span class='ocrx_word' id='word_1_320' title='bbox 577 4248 747 4333; x_wconf 79' lang='lat' dir='ltr'><strong>praedicto</strong></span> <span class='ocrx_word' id='word_1_321' title='bbox 766 4245 861 4332; x_wconf 85' lang='lat' dir='ltr'><strong>facto</strong></span> <span class='ocrx_word' id='word_1_322' title='bbox 886 4243 1105 4335; x_wconf 73' lang='lat' dir='ltr'><strong>multipliciter</strong></span> 
     </span>
    </p>
   </div>
   <div class='ocr_carea' id='block_1_7' title="bbox 0 0 1426 4840">
    <p class='ocr_par' dir='ltr' id='par_1_8' title="bbox 0 0 1426 4840">
     <span class='ocr_line' id='line_1_41' title="bbox 0 0 1426 4840; baseline 0 3"><span class='ocrx_word' id='word_1_323' title='bbox 0 0 1426 4840; x_wconf 95' lang='lat' dir='ltr'><strong> </strong></span> 
     </span>
    </p>
   </div>
  </div>
 </body>
</html>
