2840 4840
323 465 357 518 66
597 465 682 520 XXX.
703 464 742 518 De
761 463 925 520 Pontificatu
944 463 1077 520 Bonifatii
1097 465 1174 522 viti.

155 609 313 716 I'ffioffi
414 609 464 674 70.
503 607 629 688 Qtrodsi
657 609 752 672 modo
778 618 988 694 comparatur
1013 608 1212 672 Constitutio
1248 610 1340 674 Unam
1359 631 1406 670 saii-

181 737 284 778 corneae.
322 718 403 772 ctam
427 729 502 770 cum
527 705 759 770 Decretalibus
791 706 977 771 iunocentii
1003 706 1053 770 Ill
1079 706 1180 769 Novit
1204 717 1236 770 et
1259 709 1318 770 Per
1344 707 1406 768 l'cm·

236 846 238 850 -
321 804 463 882 rabilem,
488 803 570 868 liacc
595 816 778 890 opportune
801 805 1023 869 animadverti
1049 815 1205 891 possunt:
1239 809 1273 868 1⁰
1296 805 1332 868 lu
1353 802 1406 866 I'cu

322 905 491 966 stitutione
528 904 628 967 lusam
652 915 794 966 sanctem
824 905 970 967 maxime
1001 903 1184 967 adstruitur
1216 916 1248 966 ct
1277 901 1406 966 evoli-itu

316 1003 514 1088 principium
529 999 776 1086 ferradameatale
805 1001 1087 1066 subordinatiouis
1120 1003 1289 1087 potestatis
1320 1012 1406 1082 tempo

322 1099 399 1162 ralis
423 1097 484 1163 sub
508 1109 667 1183 potestate
692 1098 864 1184 spirituali.
887 1137 922 1146 -
949 1101 987 1164 2⁰
1012 1102 1050 1164 Iu
1074 1099 1191 1162 cadem
1217 1113 1347 1183 urgetur
1365 1119 1406 1181 spe

323 1197 416 1261 cialis
439 1196 616 1282 applicatio
650 1195 748 1281 hujus
776 1199 932 1282 principii
964 1198 1005 1261 ad
1041 1220 1117 1262 eum
1152 1219 1276 1274 casum,
1309 1193 1406 1282 quand(

322 1305 466 1381 potestas
481 1294 671 1379 temporalis
688 1295 810 1374 deviat,
836 1309 868 1358 et
885 1296 1040 1360 infertur:
1069 1318 1177 1380 „erga
1203 1298 1232 1359 si
1254 1295 1405 1358 deviatur

321 1416 401 1456 rena
419 1404 572 1480 potestas,
591 1391 793 1482 judicabitur
817 1415 836 1456 a
860 1405 1021 1479 potestate
1046 1393 1242 1480 spirituali.“
1292 1393 1339 1456 Eo
1359 1413 1406 1454 sani

322 1490 494 1575 spectabat
518 1491 698 1552 universim
723 1492 892 1573 negotium
917 1491 1005 1577 quod
1031 1514 1105 1554 curn
1130 1491 1283 1576 Philippo
1302 1489 1406 1554 Pulchr

323 1589 508 1652 Bonifatius
533 1587 616 1652 VIII
641 1586 794 1654 habebat.
820 1627 862 1636 -
886 1591 925 1653 3⁰
948 1589 987 1654 ln
1005 1589 1172 1653 Decretali
1200 1590 1300 1652 Nonit
1326 1590 1404 1674 paritr

323 1689 501 1772 praecipue
532 1695 691 1749 tractatur
724 1685 839 1750 eadem
872 1687 1026 1772 specialis
1057 1686 1252 1774 applicati0‚
1289 1681 1406 1772 quodi

317 1795 448 1872 peccato
472 1795 601 1848 terrena
625 1793 768 1869 potestas
792 1807 811 1847 a
835 1784 998 1870 spirituali
1018 1784 1164 1870 judicari
1191 1787 1306 1870 possit.
1351 1783 1406 1846 Pn'n

323 1885 447 1968 cipium
473 1882 719 1945 fundamentale
743 1881 783 1945 de
808 1881 1080 1947 subordinatione
1102 1885 1273 1969 potestatis
1298 1893 1406 1946 terreno

323 1981 384 2046 sub
417 1979 576 2066 spirituali
611 1981 725 2065 paucis
759 1981 791 2042 in
817 2003 855 2043 ea
880 1980 1048 2044 Decretali
1082 1983 1249 2047 asseritur.
1276 2019 1321 2028 —
1342 1975 1406 2042 i⁰li

324 2077 489 2144 Decretali
525 2078 584 2140 Per
614 2075 827 2140 Venerabilem
859 2077 1038 2163 applicatio
1069 2079 1253 2163 generalior
1289 2069 1406 2164 principi

322 2174 581 2241 fundamentalis
612 2175 654 2238 ab
684 2175 878 2240 Innocentio
903 2175 954 2240 III
985 2176 1153 2240 indicatur
1188 2187 1220 2240 et
1253 2177 1406 2246 vindicata

322 2276 401 2339 dum
426 2276 549 2338 statuit,
573 2273 656 2358 acted
678 2297 742 2336 aon
764 2274 864 2337 solum
887 2277 922 2338 ia
937 2274 1095 2338 Ecclesiae
1118 2277 1326 2360 patrimonio,
1349 2275 1406 2373 rupi

321 2397 380 2458 prro
401 2371 530 2458 plenam
554 2374 588 2435 ia
613 2371 835 2457 temporalibus
849 2375 983 2457 perimus
996 2383 1194 2458 potestatem,
1220 2395 1327 2436 aarum
1349 2371 1405 2432 erin

322 2473 356 2533 in
381 2471 456 2534 aliis
479 2469 657 2554 ropionibus
680 2471 793 2547 „certis
809 2473 913 2534 caeeis
928 2473 1099 2556 inspectie“
1125 2469 1331 2556 temporalem
1346 2467 1405 2558 jairi

324 2568 491 2632 dictionem
515 2567 728 2646 „causaliteffl
752 2589 937 2632 enarremus.
994 2569 1047 2632 Ad
1073 2569 1145 2633 illos
1169 2591 1266 2632 casus
1293 2566 1405 2632 videlic

323 2667 467 2751 pertinet
494 2675 562 2728 tum
588 2666 725 2729 domatio
757 2665 813 2730 illa
846 2677 995 2731 terrenae
1028 2670 1209 2753 potestatis,
1241 2689 1311 2753 qua
1341 2665 1405 2751 posit

322 2765 447 2828 remorre
474 2765 600 2848 pcccati
634 2762 716 2826 haec
747 2787 767 2826 a
798 2764 960 2850 spirituali
996 2767 1193 2830 auctoritate
1223 2762 1405 2849 judicabitu

324 2870 394 2926 tum
416 2860 476 2924 alii
491 2883 592 2939 castis,
617 2860 789 2946 inquibus
809 2861 933 2926 bonum
951 2861 1128 2944 Ecclesiae,
1153 2864 1343 2926 communis
1366 2855 1405 2920 fidi

324 2959 405 3024 lium
430 2959 617 3038 necessitas,
650 2963 702 3022 vei
726 2959 791 3023 alia
823 2963 905 3025 ratio
934 2960 1039 3025 ardua
1062 2971 1167 3044 urget,
1199 2971 1232 3024 ot
1257 2958 1405 3024 casualia

324 3055 585 3120 extraordinario
611 3055 718 3136 modo,
745 3057 899 3121 Pontifex
924 3080 1017 3123 suam
1042 3069 1237 3144 potestatem
1266 3063 1300 3122 in
1326 3067 1405 3136 temp

324 3154 406 3218 ralia
430 3166 571 3218 exercet.
598 3191 638 3202 ——
662 3153 701 3218 5⁰
724 3154 897 3219 Generalis
928 3166 1038 3220 tamen
1069 3157 1152 3220 haec
1180 3155 1362 3241 applicatio
1384 3155 1405 3290 ip

325 3252 436 3338 plicita
460 3254 646 3316 continetur
670 3255 769 3317 etiam
794 3253 849 3317 illo
874 3255 1037 3338 principio
1062 3255 1097 3316 in
1122 3252 1219 3316 Bulla
1248 3254 1350 3319 Unam
1373 3273 1404 3312 sa

324 3360 405 3412 ctera
432 3359 572 3413 asserto:
610 3350 741 3436 Oportet
773 3363 874 3414 autem
904 3351 1046 3436 pladium
1078 3351 1133 3415 areb
1163 3349 1277 3437 pladio
1311 3373 1381 3414 esar.

325 3447 525 3534 temporalem
549 3449 768 3511 auctoritatem
790 3448 956 3533 spirituali
985 3448 1100 3538 srebjici
1119 3453 1285 3536 potestati.
1335 3449 1404 3527 Qun

324 3548 412 3609 enim
436 3567 501 3609 uon
526 3555 643 3629 agatur
671 3545 825 3610 demere
855 3545 988 3610 honoris
1012 3549 1286 3632 praeeminentia,
1321 3545 1404 3610 sedo

326 3645 586 3729 praeeminentia
610 3645 643 3707 in
668 3644 783 3708 ordine
802 3645 897 3730 juris,
928 3645 1095 3708 indicatur
1119 3646 1315 3718 universim,
1340 3651 1404 3707 auct

326 3927 353 3980 la
372 3927 545 3994 permissione
564 3925 605 3979 del
627 3925 708 3994 Papa.
728 3927 816 3980 Bouif,
838 3927 913 3980 Vlil.
935 3929 964 3980 l'.
985 3927 1019 3982 ll.
1040 3945 1056 3996 p
1086 3929 1145 3985 153.
1184 3927 1280 3982 Hcfeie
1302 3929 1404 3982 vertiti

326 4005 614 4072 caragmate,
640 4007 667 4060 c.
688 4007 720 4062 e.
747 4007 776 4060 a.
799 4005 843 4059 rr.
870 4024 893 4074 p.
914 4007 974 4064 316.
1019 4007 1070 4062 sen
1097 4009 1154 4065 um.
1180 4009 1316 4070 stennius
1341 3993 1404 4062 aa

326 4087 417 4155 potius
435 4087 550 4140 aiterum
569 4101 677 4142 sensum
695 4087 778 4154 sequi,
799 4088 860 4142 ditm
881 4085 1005 4155 exponit:
1027 4087 1066 4155 By
1087 4089 1133 4142 the
1152 4089 1224 4142 haud
1243 4087 1274 4142 of
1292 4088 1372 4154 luinge
1390 4104 1402 4136 a

325 4165 445 4225 soldiers.
464 4165 513 4220 but
533 4175 562 4220 at
582 4167 628 4221 tine
649 4167 762 4234 bidding
782 4168 834 4220 ariri
853 4167 1001 4222 suiieraucc
1020 4167 1050 4222 of
1066 4169 1099 4223 de
1117 4169 1215 4223 Priest.
1253 4167 1312 4221 'line
1332 4167 1391 4218 Vati

327 4245 447 4307 Decrcea
467 4261 492 4314 p.
513 4245 555 4301 65.
