2850 4834
281 425 335 480 200
478 423 594 477 XXXII.
614 423 655 478 De
673 422 851 478 Pontificibus
871 423 1011 477 Avenione
1029 424 1210 478 commoratio.

280 569 388 631 amice
412 577 574 680 receptus,
600 576 633 630 et
654 567 790 632 a.1328
815 566 869 630 die
896 566 1416 652 18⁰Januariiperep1scopum

280 669 500 750 apostatam'
492 689 527 730 ιιι
550 665 789 750 Imperatorem
814 673 962 728 sacratus
990 665 1063 728 fuit
1110 665 1245 729 Exinde
1274 664 1416 729 titulum

280 764 495 874 Imperatoris
527 762 589 827 sibi
623 763 822 844 vindicavit,
855 772 888 826 et
914 784 1055 846 regnum
1080 763 1225 847 Apuliae
1248 763 1306 826 sibi
1329 746 1416 826 snb·

275 861 381 947 J'iceie
412 861 549 926 studuit.
596 861 746 926 loannes
778 883 856 924 vero
892 861 993 925 XXII
1028 883 1142 925 mense
1166 859 1275 946 Aprili
1307 871 1392 945 atque

281 961 400 1022 iterum
426 981 539 1024 mense
563 958 699 1024 Octobri
725 982 754 1024 a.
783 960 867 1023 1327
901 959 1106 1023 exultantem
1130 959 1287 1022 secundis
1307 957 1393 1021 rebus

280 1056 493 1120 Ludovicum
525 1057 882 1120 excommunicationis
915 1058 1079 1120 sententia
1118 1056 1275 1142 perculit,
1308 1065 1394 1140 atque

281 1151 438 1216 omnibus
472 1153 663 1234 honoribus,
695 1153 926 1238 dignitatibus,
955 1153 1099 1238 juribus,
1130 1153 1281 1218 feudis
1273 1175 1416 1238 ipsoqneJ

131 1279 258 1318 renunc
281 1251 446 1315 Bavariae
470 1253 660 1337 principatu
684 1255 852 1336 privatum
877 1251 1062 1315 declaravit
1085 1264 1123 1316 et·
1140 1254 1300 1338 privavit
1342 1251 1416 1314 Lu·
1415 1283 1416 1332 J

134 1339 245 1454 §mm
283 1349 423 1413 dovicua
446 1371 546 1414 ausus
561 1373 637 1414 suos
653 1350 795 1414 nefarios
811 1371 1015 1435 prosequens
1040 1351 1094 1414 die
1112 1350 1171 1415 18⁰
1184 1350 1310 1434 Aprilis
1326 1349 1397 1412 1328
1415 1345 1416 1438 l

284 1446 422 1512 solemni
446 1447 635 1532 spectaculo
660 1461 693 1510 et
716 1448 881 1533 imperiali
906 1445 1042 1512 indutus
1066 1458 1195 1528 ornatu,
1227 1457 1305 1511 ante
1326 1447 1398 1511 basi·

282 1546 436 1610 licams.
463 1547 550 1611 Pe
510 1557 551 1610 rr
576 1546 742 1612 Joannem
768 1546 954 1610 declaravit
984 1547 1200 1622 haereticum,
1233 1544 1399 1610 multorum

284 1645 461 1708 criminum
493 1645 665 1708 accusavit
695 1655 728 1706 et
760 1643 947 1729 depositum
979 1665 1056 1708 eum
1088 1665 1158 1709 esse
1191 1643 1400 1708 denuntiavit.

285 1744 364 1807 Mox
390 1763 467 1806 vero
493 1743 573 1806 festo
600 1743 816 1807 Ascensionis
841 1742 978 1806 Domini
1003 1753 1172 1806 annuente
1196 1739 1296 1827 plebe
1319 1741 1400 1805 dilla-

288 1851 413 1905 matum
444 1853 477 1902 et
508 1839 757 1904 schismaticum
789 1839 992 1912 lllinoritam,
1031 1839 1167 1903 Petrum
1200 1861 1221 1902 a
1254 1836 1402 1902 Corbaria

290 1937 479 2020 (Corvaria)
512 1939 684 2003 constituit
714 1939 908 2023 antipapam
950 1937 1012 2002 sub
1045 1939 1178 2000 nomine
1210 1935 1340 2000 Nicolai
1369 1933 1402 1997 l'.

293 2037 394 2101 Hunc
417 2037 592 2122 episeopus
616 2035 751 2121 quidam
777 2035 1010 2099 schismaticus
1027 2035 1244 2112 consecravit,
1271 2034 1404 2098 Ludovi·

285 2155 344 2197 cus
367 2155 446 2197 vcro
480 2135 662 2216 coronavit,
702 2156 742 2197 ac
774 2134 920 2197 vicissim
954 2133 997 2198 ab
1022 2155 1059 2197 eo
1085 2134 1204 2195 iterum
1231 2131 1404 2218 Imperator

285 2241 462 2295 coronatus
494 2242 552 2296 est.
607 2229 662 2295 Sic
693 2230 838 2294 schisma
877 2255 897 2295 a
936 2231 1110 2295 Ludovico
1147 2240 1403 2294 consummatum

285 2330 366 2412 fuit;
405 2339 440 2393 at
471 2328 564 2393 brevi
595 2350 692 2393 versa
724 2339 773 2393 est
801 2328 890 2393 bona
913 2330 985 2414 ejus
1008 2329 1151 2392 fortuna.
1199 2329 1278 2393 Jam
1304 2349 1404 2392 mense

286 2429 438 2512 Augusto
462 2451 491 2492 a.
521 2428 606 2493 1328
632 2429 736 2492 Roma
761 2427 932 2492 discedere
957 2437 1091 2492 coactus
1116 2439 1179 2507 est,
1220 2437 1253 2491 et
1293 2427 1405 2490 infelici

285 2548 440 2590 successu
464 2527 674 2591 adversarios
697 2527 732 2591 in
756 2526 853 2591 Italia
878 2526 1074 2607 debellavit3
1101 2547 1180 2590 mox
1205 2545 1286 2589 vero
1305 2523 1406 2588 Fride·

285 2626 354 2690 rico
380 2634 519 2705 mortuo,
544 2649 574 2689 a.
601 2625 688 2689 1330
713 2627 747 2688 in
773 2623 991 2689 Germaniam
1015 2646 1163 2688 remeare
1187 2624 1370 2687 constituit.

375 2723 429 2788 50.
476 2722 607 2788 Ibidem
647 2725 741 2788 initio
775 2723 910 2809 quidem
941 2733 1078 2787 externe
1115 2743 1265 2808 pugnam
1305 2731 1406 2785 contra

286 2821 452 2887 Joannem
477 2823 629 2907 prosequi
658 2823 750 2885 visus
774 2831 832 2903 est,
865 2820 923 2884 sed
947 2823 1075 2885 interea
1093 2821 1165 2906 J'am
1190 2841 1308 2884 mense
1332 2819 1407 2899 lllaJ'o

287 2941 346 3032 per
370 2918 496 3005 aliquot
520 2920 688 3005 principes
704 2871 1010 2984 reconciliationem
1026 2941 1102 2983 cum
1120 2917 1207 2982 Sede
1225 2915 1408 3002 Apostolica

287 3018 371 3081 inire
405 3016 541 3082 studuit.
589 3016 668 3080 Sese
700 3028 853 3101 paratum
885 3016 1048 3094 exhibuit,
1089 3027 1125 3079 ut
1157 3036 1256 3078 snum
1283 3013 1408 3079 derelin

285 3096 403 3200 queret
436 3113 775 3200 pseudopontificem,
816 3114 858 3178 ab
895 3113 1120 3201 appellatione
1159 3111 1202 3176 ad
1229 3109 1408 3176 Concilium

285 3211 441 3295 generale
466 3213 647 3294 desisteret,
681 3233 911 3298 quaecumque
944 3222 1059 3276 contra
1083 3209 1273 3274 Ecclesiam
1300 3211 1408 3274 fecerat

286 3325 468 3392 revocaret,
505 3321 538 3374 et
561 3321 765 3395 agnosceret,
800 3309 891 3395 juste
915 3332 949 3374 se
973 3333 1044 3374 esse
1069 3309 1408 3378 excommunicatum:

287 3408 471 3494 postulavit
493 3421 616 3486 tamen,
641 3419 679 3472 ut
702 3409 735 3472 in
762 3408 906 3493 Imperio
931 3408 1193 3473 confirmaretur.
1234 3403 1305 3470 Sed
1321 3423 1408 3491 quun

285 3509 449 3593 antipapa
482 3507 537 3571 ille
568 3509 715 3592 seipsum
742 3508 813 3592 jam
851 3511 1025 3592 poenitens
1057 3506 1182 3570 loanni
1217 3503 1409 3568 tradidisset.

284 3627 327 3669 ac
352 3604 497 3669 schisma
522 3605 585 3669 hac
609 3607 738 3669 ratione
752 3627 810 3690 per
825 3629 859 3668 se
876 3605 1087 3684 concidisset,
1112 3601 1197 3667 nihil
1214 3623 1298 3666 vero
1314 3599 1409 3688 quoad

287 3702 597 3767 Pseudominoritas
622 3703 806 3767 haereticos
822 3703 944 3788 quibus
962 3703 1101 3787 junctus
1128 3711 1201 3765 erat
1224 3699 1410 3764 Ludovicus

288 3803 510 3887 promisisset,
549 3803 660 3865 visum
696 3823 760 3865 non
798 3812 848 3864 est
883 3801 1057 3879 Pontifici,
1104 3799 1250 3885 principi
1294 3795 1408 3860 tamdiu

288 3899 412 3978 hostili,
450 3922 490 3962 ac
522 3901 594 3963 viro
626 3921 742 3984 parum
775 3898 895 3984 digno,
935 3899 1118 3983 imperium
1151 3893 1408 3960 confirmandum

285 4019 371 4062 esse.
410 3997 560 4062 Joanncs
584 3995 750 4078 videlicet,
771 3997 858 4081 juris
881 3995 1051 4060 consultus
1076 3993 1313 4079 peritissimus.
1338 3993 1409 4078 prin·

289 4097 379 4181 cipia
406 4097 492 4181 juris
524 4116 638 4159 severe
670 4093 882 4178 sequebatur,
913 4115 952 4157 ac
976 4104 1151 4178 propterea
1176 4089 1409 4175 subjectionem

288 4192 516 4257 omnimodam
542 4192 708 4258 Ludovici
739 4193 959 4256 necessariam
985 4213 1055 4255 esse
1074 4189 1256 4275 judicavit.
1307 4189 1410 4254 Decla-
