2836 4848
216 453 304 506 Lucta
322 452 452 508 Friderici
473 452 501 506 11
520 467 580 506 cum
598 453 657 510 RR.
670 453 856 510 Pontificibus.
1045 458 1099 512 399

26 617 149 680 equorum,
172 607 210 660 ut
232 598 438 682 promiserat,
463 617 529 660 non
553 596 716 693 adessent,
741 600 868 664 infesto
885 610 995 664 tamen
1020 603 1102 665 nati-

24 695 98 757 vitatis
116 695 150 760 B.
172 695 333 780 Virginis,
359 716 435 758 curu
454 694 526 780 jam
551 697 709 780 temporis
725 698 882 762 instantia
902 700 1099 784 immineret,

24 807 43 850 n
58 814 138 856 nares
159 816 179 857 a
203 793 434 858 transmarinis
464 791 615 876 partibus
639 794 823 879 inciperent
853 817 1011 874 remeare,
1036 795 1100 862 sul-

20 909 67 952 rrre
85 893 177 956 maria
202 891 411 972 inchoarunt,
436 911 470 954 se
495 912 553 975 pro
578 893 712 955 nomine
736 893 817 958 lesu
840 891 963 958 Christi
987 895 1099 960 discri-

21 988 71 1048 uini
90 991 320 1072 commitantes,
344 1011 384 1052 ac
408 988 589 1072 erodentes,
613 990 850 1075 Imperatorem
875 994 1025 1058 cominus
1049 1016 1100 1058 eo·

17 1106 63 1148 un
82 1090 249 1174 vestigium
278 1098 479 1153 secuturum.
525 1087 619 1152 ldem
652 1110 731 1154 vero
762 1093 932 1155 evacuatis
963 1093 1099 1177 promis·

17 1183 133 1266 sionibus,
155 1188 264 1273 ruptis
288 1183 433 1250 vinculis
461 1183 583 1270 quibus
607 1185 785 1251 videbatur
815 1187 1003 1272 adstrictus,
1036 1191 1098 1255 cal-

15 1293 62 1344 cato
86 1285 192 1349 timore
229 1283 362 1367 divino,
402 1293 592 1368 contempta
628 1287 814 1349 reverentia
846 1287 931 1352 Jesu
963 1286 1097 1371 Christi,

14 1381 349 1446 rensuraccclesiastioa
368 1381 543 1466 vilipensa,
564 1380 720 1447 derelicto
735 1386 884 1449 exercitu
906 1385 1097 1470 christiano,

13 1481 124 1561 exposita
150 1478 343 1545 infidelibus
376 1490 463 1543 terra
494 1490 627 1562 sancta,
660 1480 836 1546 devotione
867 1483 981 1568 populi
1013 1482 1095 1548 chri·

13 1575 78 1640 atiani
89 1577 224 1664 abjecta,
249 1579 285 1642 in
309 1599 406 1642 suum
430 1587 462 1640 et
485 1579 586 1641 totius
603 1578 854 1645 christianitatis
871 1581 1096 1667 opprobrium,

13 1688 146 1740 noenum
177 1676 264 1740 abiit
286 1685 446 1740 attractus
470 1687 503 1739 et
525 1675 654 1741 illectus
685 1677 727 1741 ad
753 1691 926 1744 consuetas
961 1679 1097 1745 delicias

13 1775 73 1854 ugni
93 1777 149 1858 sui,
173 1773 397 1860 abjectionem
422 1775 569 1860 corporis
593 1775 644 1838 sui
669 1775 797 1840 frivolis
814 1779 1095 1858 excusationibus,

13 1885 31 1930 ut
42 1871 152 1954 dieitur,
165 1875 314 1958 gestiens
330 1871 498 1958 palliare.“
515 1871 735 1938 -Videlicet
747 1875 844 1959 juxta
858 1879 1094 1941 accuratiorem

13 1967 171 2054 elationem,
209 1972 401 2036 Fridericus
436 1973 536 2036 etiam
569 1971 623 2035 die
654 1972 691 2035 8⁰
723 1971 941 2057 Septembris,
976 1976 1096 2038 comite

13 2063 142 2136 ludovico
166 2071 375 2154 Thuringiae
398 2069 618 2154 Lantgravio,
651 2072 730 2134 navi
758 2072 924 2156 profectus
948 2082 1005 2153 est,
1037 2073 1095 2136 sed

13 2183 54 2228 rost
71 2191 249 2254 paucarum
273 2168 444 2233 leucarum
468 2171 540 2250 iter,
564 2178 739 2254 praetextu
762 2169 878 2250 morbi,
903 2190 1024 2234 navem
1047 2192 1094 2234 re·

13 2267 60 2328 uni
82 2278 111 2330 et
132 2268 176 2332 ad
203 2267 382 2333 Otrantum
413 2265 535 2352 appelli
555 2267 665 2351 jussit.
719 2268 795 2352 Ipse
819 2289 907 2348 vero,
933 2278 1094 2353 quantum

13 2361 113 2444 tuetur,
146 2389 215 2432 non
241 2364 360 2430 incidit
392 2367 426 2428 in
457 2365 621 2446 morbum,
654 2364 712 2428 sed
742 2377 822 2430 tuno
852 2388 893 2430 ex
923 2367 1094 2451 inopinato

13 2464 152 2530 astinetus
177 2475 230 2528 est
252 2463 456 2545 Ludovicus,
488 2485 666 2549 rumorque
690 2474 824 2529 exortus
847 2474 905 2547 est,
938 2487 958 2528 a
983 2463 1095 2528 Frido·

13 2557 48 2620 ico
67 2583 135 2626 eum
159 2585 291 2626 veneno
317 2564 552 2646 interemptum
577 2562 688 2626 fuisse.
735 2563 918 2648 Imperator
941 2584 1037 2648 porro
1061 2585 1095 2626 se

13 2660 108 2723 ontulit
129 2660 297 2732 Puteolos,
331 2661 425 2724 utin
449 2659 549 2744 hujus
578 2661 691 2745 oppidi
718 2659 845 2724 balneis
868 2660 1094 2725 valetudinem

13 2770 108 2825 oraret.
143 2758 407 2845 Expeditionem
424 2759 605 2822 cruciatam
630 2779 733 2844 usque
750 2759 791 2822 ad
808 2768 938 2845 tempus
955 2781 1094 2822 vernum

13 2852 202 2942 obsequentis
235 2860 315 2922 anni
340 2857 477 2937 distulit,
511 2867 544 2920 et
580 2879 692 2921 mense
725 2857 813 2942 Majo
850 2857 1095 2944 suscipiendam

13 2947 86 3020 dixit.
124 2955 180 3021 Ad
206 2956 404 3020 Pontificem
428 2955 512 3020 duos
536 2954 661 3018 aulicos
677 2956 775 3038 misit,
801 2957 957 3040 quicum
982 2953 1024 3019 oh
1050 2955 1095 3018 di·

13 3063 71 3114 ttam
93 3055 343 3140 expeditionem
369 3055 551 3118 cruciatam
573 3064 780 3135 excusarent,
804 3055 1012 3138 rationesque
1035 3053 1095 3117 Pa·

13 3167 41 3210 te
61 3165 273 3237 exponerent.
320 3151 385 3217 Sed
410 3149 590 3236 Gregorius
602 3151 652 3215 IX
676 3149 767 3215 haud
791 3153 959 3236 acquievit
982 3172 1095 3214 eorum

14 3245 79 3326 ictis,
102 3251 257 3316 morbum
281 3250 495 3336 Imperatoris
520 3249 699 3314 confictum
723 3271 794 3314 esse
818 3251 954 3329 censuit,
980 3261 1022 3329 et,
1048 3250 1095 3312 uti

13 3343 124 3426 trimus,
149 3347 344 3414 solemniter
358 3348 550 3430 declaravit,
575 3369 652 3411 eum
667 3349 699 3410 in
717 3348 1095 3411 excommunicationem

13 3443 133 3510 uidisse.

66 3545 108 3609 ll,
145 3545 327 3630 Postquam
352 3541 509 3608 videlicet
541 3545 575 3606 in
599 3541 716 3606 litteris
741 3544 849 3606 citatis
873 3542 1095 3606 calamitatem
1114 3562 1251 3601 areomar-

13 3655 76 3704 trrae
97 3653 233 3706 sanctae
256 3641 369 3705 multis
394 3639 574 3725 Gregorius
598 3638 728 3725 planxit
751 3652 783 3703 ct
806 3641 848 3704 ad
872 3641 998 3704 auxilia
1021 3663 1095 3705 evo·
1136 3623 1229 3664 ΜΟ·

13 3737 78 3802 tuda
100 3738 269 3824 praesules
289 3740 465 3803 excitavit:
490 3738 599 3816 Porro,
623 3739 740 3823 pergit,
769 3760 807 3800 ne
830 3750 979 3824 tanquam
1003 3762 1095 3802 carros

13 3839 53 3896 uti
78 3861 138 3900 non
167 3837 311 3902 valentes
341 3837 463 3901 latrare
493 3837 657 3900 uideamur
687 3835 813 3922 offerre
843 3838 962 3901 homini
985 3848 1096 3900 contra

13 3929 82 4012 bun,
103 3961 168 4001 non
193 3946 349 3999 mareotae
365 3934 514 3998 ultionem
537 3933 575 3996 de
599 3933 667 4012 illo,
691 3936 745 4019 qui
769 3936 1096 3998 tornamentorum

13 4027 41 4090 lei
67 4033 185 4120 populo
217 4035 420 4119 procuravit,
453 4033 678 4119 Imperator-orn
710 4033 923 4112 Moericum,
955 4035 1010 4118 qui
1041 4055 1097 4096 nec

13 4130 192 4214 'amfrrtocr‘t
217 4134 252 4194 in
276 4133 416 4212 termino,
440 4154 496 4194 nec
520 4129 597 4194 illuc
619 4131 653 4192 in
678 4132 800 4194 toxotis
817 4133 983 4216 passagiis
1000 4152 1094 4216 proc·

13 4227 117 4310 ripum
143 4231 317 4316 patronium
350 4229 537 4306 destinavit,
570 4252 626 4291 noc
655 4227 749 4292 driu-it
776 4227 861 4291 mille
894 4226 1010 4291 militas
1034 4250 1109 4313 per¹
