2902 4848
297 451 350 505 366
423 448 536 503 XXXV.
554 448 596 502 De
615 447 715 502 concil.
734 445 885 500 Besileensi
904 460 936 500 aa
956 445 989 498 de
1008 443 1118 512 Synodo
1137 443 1299 499 Florentius

298 593 421 659 cordia.
469 592 599 656 Annuit
622 589 791 672 videlicet,
814 599 852 652 ut
867 609 944 654 snm
968 609 1132 653 consensu
1156 609 1269 674 regum
1289 587 1320 652 iu
1334 585 1411 652 Ger·

297 692 411 756 mania
431 689 619 756 Concilium
644 697 910 773 congregaretur,
936 688 996 750 etsi
1022 707 1059 750 eo
1084 708 1167 773 opus
1192 707 1259 750 non
1272 697 1359 759 esset
1382 699 1414 750 et

298 798 335 852 ut
357 787 490 854 decreta
502 787 706 852 Besileensia
731 786 772 850 de
795 783 1089 864 reservationibus,
1113 786 1247 849 annatis
1269 795 1301 848 et
1322 784 1412 848 taxis.

298 889 346 950 uti
370 885 405 951 in
430 888 573 952 comitiis
596 885 803 968 Moguntinis
827 905 857 948 a.
884 883 970 948 1439
993 881 1128 946 fuerant
1150 891 1331 968 acceptata,
1353 903 1411 944 ser-

297 987 370 1049 vari
394 995 539 1070 possent,
564 983 672 1049 donec
696 983 783 1046 inter
798 980 955 1064 legatum,
980 1001 1078 1064 quem
1095 981 1257 1044 missurus
1272 991 1362 1058 esset,
1385 991 1415 1042 et

196 1111 199 1117 ·
297 1085 465 1168 principes
505 1083 547 1147 de
575 1081 627 1144 his
658 1081 878 1147 convenisset.
927 1077 1046 1160 Quoad
1086 1075 1340 1145 declarationem
1378 1075 1416 1140 de

284 1177 523 1245 Consiliorum
556 1181 752 1244 auctoritate
776 1177 941 1262 quaedam
965 1178 1118 1262 apprime
1141 1176 1290 1240 notanda
1310 1198 1415 1264 pasur-

296 1288 383 1344 runt.

125 1391 273 1439 aasenutv
387 1375 439 1441 26.
486 1375 595 1440 Jauus
627 1377 672 1458 (p.
698 1372 777 1456 353)
810 1372 971 1436 conviciis
1003 1371 1110 1436 aflicit
1132 1363 1336 1458 Eugenium,
1366 1374 1414 1457 qui

133 1454 257 1493 ⁸⁸²¹²¹²²¹⁸‘
296 1473 494 1538 dexteritate
525 1495 585 1538 sua
616 1471 792 1536 victoriam
826 1471 1063 1556 reportaverit,
1096 1472 1270 1564 contendit
1300 1485 1414 1542 nmen.

296 1592 371 1635 eum
411 1573 587 1654 agnovisse
623 1571 657 1634 in
696 1568 814 1633 litteris
848 1569 918 1631 suis
947 1566 1092 1652 publicis
1131 1567 1265 1634 decreta
1294 1573 1414 1658 Synodi

297 1666 560 1734 Constantieusis
584 1667 625 1731 de
650 1667 880 1752 superioritute
906 1663 1141 1733 Consiliorum.
1175 1706 1217 1716 -
1251 1671 1369 1737 Posset
1390 1673 1415 1736 id

297 1763 433 1830 ulterius
470 1765 548 1830 inde
583 1764 791 1845 confirmari,
829 1762 918 1849 quod
954 1763 1120 1850 postulata
1152 1777 1223 1832 erat
1262 1773 1416 1855 professio

289 1865 563 1950 praeeminentiae
581 1861 817 1934 Consiliorum,
833 1871 866 1925 et
883 1859 1040 1925 Pontifex
1055 1865 1167 1948 potitis
1182 1869 1368 1953 nequierit.
1383 1908 1415 1918 —

296 1961 453 2026 Attamen
479 1961 651 2045 Eugenius
684 1959 873 2024 nullatenus
904 1961 1169 2044 superioritatem
1195 1963 1414 2032 Consiliorum

296 2081 396 2144 supra
426 2059 623 2124 Pontificem
660 2057 805 2121 admisit.
859 2055 991 2121 Etenim
1029 2059 1062 2122 in
1093 2057 1210 2125 litteris
1248 2070 1415 2132 occasione

296 2155 425 2221 illorum
445 2153 729 2222 Concordatorum
755 2153 935 2240 publicatis
959 2158 1006 2220 ita
1025 2154 1185 2223 babetur:
1212 2161 1416 2244 ,Consilium

295 2265 406 2319 autem
430 2255 584 2339 generale
608 2253 873 2334 Constantianus,
905 2251 1075 2320 decretum
1100 2257 1262 2344 Frequens
1294 2285 1339 2326 ae
1364 2263 1418 2328 alis

294 2353 366 2438 ejus
380 2353 524 2435 decreta,
549 2355 635 2418 sicut
659 2363 790 2417 caetera
813 2349 879 2415 alie
893 2349 1043 2416 Consilia
1064 2354 1262 2424 catholicam
1280 2362 1419 2428 militan-

293 2462 361 2514 tem
386 2449 572 2516 Esclesiam
596 2451 890 2535 repraesentantia,
924 2451 1070 2536 ipsorum
1094 2457 1342 2538 auctoritatem,
1375 2484 1419 2546 pc-

295 2558 457 2629 tsstatem,
501 2547 659 2612 honorem
690 2556 722 2612 et
752 2549 964 2625 eminentiam,
1000 2550 1087 2614 sicut
1118 2560 1152 2614 et
1180 2557 1303 2620 caeteri
1339 2572 1419 2622 ante·

294 2667 440 2710 cessores
472 2647 585 2728 nostri,
621 2645 662 2710 de
692 2667 833 2731 quorum
863 2645 1012 2730 vestigiis
1044 2647 1179 2715 deviare
1210 2674 1419 2742 nequaquam

295 2744 510 2823 intendimus,
534 2744 744 2829 suscipimus,
768 2742 1011 2828 amplectimur,
1036 2756 1069 2809 et
1092 2756 1325 2818 veneramur.“
1366 2753 1419 2818 lta-

294 2864 360 2928 que
381 2843 414 2905 1⁰
431 2841 485 2906 hic
503 2851 632 2906 tantum
648 2841 831 2906 universim
852 2841 1006 2906 Pontifex
1022 2843 1203 2928 profitetur,
1222 2871 1258 2912 se
1274 2853 1418 2937 recipere

296 2939 483 3006 Concilium
509 2941 774 3020 Constantiacas,
793 2939 962 3003 decretum
974 2941 1132 3028 Frequens
1149 2955 1182 3007 et
1196 2941 1263 3009 alia
1278 2947 1357 3034 ejus
1374 2951 1417 3014 ds·

293 3049 401 3119 creta;
428 3037 505 3102 inde
529 3049 641 3102 autem
666 3035 1076 3124 nullatenussequebetnr,
1102 3041 1202 3105 etiam
1221 3043 1352 3110 famosa
1370 3049 1419 3112 ills
1447 3085 1448 3114 t

295 3137 450 3201 sessionis
466 3148 603 3223 quartae
627 3145 660 3198 et
683 3137 818 3221 quintae
834 3135 967 3199 decreta
991 3139 1104 3223 recipi,
1129 3161 1231 3226 quum
1247 3143 1322 3228 jum
1341 3147 1419 3210 llar-

293 3236 384 3299 tinus
417 3235 447 3296 V
479 3235 719 3298 restrictionem
750 3233 891 3312 fecisset,
928 3235 1063 3320 ipseque
1095 3235 1267 3322 Eugenius
1299 3245 1420 3328 pariter

295 3344 394 3397 antea
417 3332 539 3398 limites
563 3333 739 3397 statuisset.
787 3330 950 3417 Apprime
975 3355 1070 3418 porro
1094 3335 1338 3405 advertendum
1363 3361 1418 3410 est.

295 3452 506 3518 nequaquam
526 3431 814 3516 praeeminentiam
831 3427 1055 3495 Consiliorum
1070 3437 1216 3519 agnosci,
1240 3437 1298 3502 scd
1316 3438 1417 3524 digni-

292 3539 396 3593 tatern
421 3538 453 3592 et
476 3529 686 3606 eminentiam,
712 3526 919 3614 verbumque
937 3527 1028 3610 illud,
1052 3532 1141 3616 quod
1155 3537 1415 3619 superioritatem

297 3625 522 3692 Consiliorum
566 3624 792 3710 exprimebat,
838 3625 952 3691 sedulo
989 3629 1119 3693 evitari.
1176 3631 1283 3696 Addit
1320 3637 1414 3700 etiem
1445 3619 1446 3709 l

296 3723 478 3809 Eugenium
511 3746 545 3788 se
570 3722 719 3808 vestigiis
743 3734 989 3789 autecessorum
1014 3727 1173 3810 insistere,
1198 3729 1349 3816 adeoque
1372 3738 1414 3798 in·

296 3823 379 3902 nuit,
411 3822 535 3888 nullam
570 3843 691 3888 navam
717 3823 963 3888 concessionem
988 3847 1008 3888 a
1031 3847 1066 3889 se
1090 3825 1172 3893 lieri.
1218 3827 1256 3892 2⁰
1288 3831 1413 3914 Signifi-
1444 3857 1445 3880 r

298 3921 619 4004 caveratEugenius
642 3942 730 3983 anno
756 3920 977 4004 praecedente
1001 3923 1140 4009 epistola
1163 3924 1239 3989 datu
1265 3927 1326 3994 Xl.
1353 3929 1403 3992 kal
1444 3889 1445 3971 l

297 4019 450 4103 Augusti,
475 4017 592 4102 legatis
616 4019 685 4082 suis
709 4019 742 4081 iu
761 4015 942 4084 Germania
965 4021 1195 4100 existentibus,
1220 4045 1255 4088 se
1272 4029 1413 4113 recipere
1443 4037 1444 4050 ¹

295 4114 484 4181 Concilium
505 4115 759 4181 Constantiense
776 4128 808 4180 st
828 4117 1018 4184 Basileense
1042 4141 1146 4206 usque
1169 4122 1211 4186 ad
1235 4127 1412 4190 translatic-
1443 4161 1444 4176 ÷

294 4235 388 4295 nem,
425 4213 539 4298 absque
569 4225 673 4278 tumen
697 4215 900 4304 praejudicio
926 4219 1029 4307 juris,
1064 4219 1232 4306 diprsitats'a
1266 4235 1296 4286 et
1324 4247 1412 4312 prce·
1443 4183 1444 4233 l
