2822 4838
291 455 344 508 324
452 456 567 512 XXVII.
587 456 627 510 De
646 455 748 512 haeres.
768 456 936 523 repressione
955 471 986 508 nc
1004 456 1037 508 de
1056 455 1251 512 Decretelibuo.

128 601 397 703 (igffiaffi‘letatus
429 611 635 685 provenerat.
690 600 729 663 In
762 599 1002 664 florentissimis
1035 597 1099 663 illie
1129 597 1312 664 Galliarum
1339 621 1403 684 pro-1

250 694 254 703 '
294 697 416 761 vinciis
440 697 567 761 incolae
592 719 701 760 rerum
726 699 873 761 omnium
899 719 984 782 quae
1006 696 1051 761 ad
1075 695 1162 760 hano
1186 699 1291 760 vitam
1316 699 1403 781 perti-1

291 805 373 860 nent
401 795 550 860 ubertate
573 794 801 877 abundabant,
836 805 868 858 et
891 797 990 859 etiam
1020 795 1140 858 mentio
1163 805 1263 880 atque
1288 795 1403 877 ingenii

291 892 436 974 cultura,
473 915 531 958 seu
564 891 786 958 civilisatione
819 891 963 978 quadam
1000 891 1143 977 politiori
1176 891 1403 977 gloriabantun

290 1003 323 1056 et
357 993 407 1072 iie,
441 993 497 1077 qui
532 990 820 1076 septentrionalem
856 988 1000 1054 Galliam
1037 988 1287 1069 inhabitabant,
1323 1011 1403 1074 prao

290 1088 463 1154 cellebant.
520 1088 586 1156 Sed
620 1087 719 1152 simul
752 1090 864 1152 omnia
898 1109 936 1152 eo
969 1086 1214 1172 dirigebantur,
1249 1099 1286 1150 ut
1315 1081 1403 1172 bujul

290 1190 379 1252 vitae
403 1186 532 1251 deliciis
557 1183 751 1272 profanique
776 1187 897 1249 amoris
922 1185 1149 1271 voluptatibus
1169 1185 1403 1270 etlibidiniboe

289 1285 496 1365 fruerentur,·
526 1306 721 1371 morumque
745 1284 864 1348 levitas
888 1283 1065 1368 singularis
1089 1307 1146 1348 acu
1171 1286 1280 1370 potius
1305 1299 1403 1346 corun

289 1385 357 1469 ptio
382 1382 506 1446 ibidem
532 1382 729 1446 invaluerat.
776 1383 860 1446 Inde
886 1383 957 1467 jam
991 1382 1147 1466 dogmata
1179 1383 1323 1466 positiva
1354 1383 1403 1444 Eo

289 1481 409 1544 cleoiae
441 1503 480 1544 ac
514 1491 690 1566 praecepta
724 1502 851 1544 morum
886 1503 1003 1545 severa
1037 1480 1147 1545 multis
1176 1490 1271 1544 erant
1294 1501 1403 1562 exosop

289 1579 453 1665 proclives
484 1593 595 1643 autem
624 1588 718 1643 erunt
749 1580 783 1642 in
818 1578 1034 1643 deliramenta
1065 1578 1317 1642 baereticorum.
1375 1579 1403 1680 lp

290 1699 402 1742 eorum
427 1688 603 1762 systemate
627 1678 716 1741 enim
742 1689 888 1760 peccata,
914 1687 1026 1764 utpote
1047 1679 1204 1740 materiae
1220 1689 1252 1740 et
1268 1681 1403 1784 corporip

289 1775 414 1840 fructus
439 1777 627 1854 necessarii,
651 1774 749 1839 facile
766 1775 982 1838 inveniebant
1005 1776 1264 1852 excusationem,
1289 1787 1322 1838 et
1342 1799 1403 1870 perp

280 1874 440 1960 foetorum
476 1875 643 1938 severitati
672 1871 878 1958 jungebatur
909 1870 1117 1956 indulgentia
1149 1874 1253 1936 effusa
1285 1875 1320 1936 in
1354 1901 1403 1968 cro

289 1973 404 2036 dentes.
413 1975 435 2054 ¹)

381 2106 430 2170 12.
460 2103 526 2170 Sed
550 2107 651 2168 etiam
676 2105 879 2168 miserrimus
909 2114 979 2167 erat
1002 2113 1106 2168 statua
1130 2103 1219 2186 cleri,
1253 2127 1359 2190 quum
1384 2099 1403 2180 el

289 2206 359 2290 ipse
392 2205 560 2268 communi
592 2203 802 2287 corruptione
834 2203 987 2276 infectua
1021 2203 1161 2281 incuria,
1198 2201 1403 2292 negligentiori

289 2305 359 2366 vita
382 2303 522 2389 profana
546 2302 701 2381 sorderet,
731 2311 763 2364 et
787 2301 876 2386 apud
901 2300 1060 2385 plurimos
1085 2302 1288 2384 contemptui
1317 2301 1403 2366 habe*

288 2412 387 2468 retur.
441 2401 516 2481 Qun
541 2401 639 2464 dere
665 2398 850 2464 Gulielmus
882 2399 923 2463 de
947 2399 1052 2462 Podio
1076 2398 1248 2462 Laurentii
1282 2401 1403 2464 scribit

292 2501 393 2562 Terra
416 2497 476 2563 illo
501 2510 650 2584 tunquam
678 2497 815 2583 reprobo
838 2507 868 2560 et
890 2495 1106 2560 maledictioni
1131 2502 1284 2581 proxima
1304 2497 1403 2584 pooscl

286 2609 415 2682 praeter
437 2599 548 2683 apinae
573 2607 602 2659 et
627 2595 759 2659 tribulos
782 2596 989 2680 perminabat,
1017 2605 1163 2680 nuptorce
1186 2606 1216 2657 et
1240 2599 1403 2681 rupton'ni

279 2695 387 2780 fureo,
410 2694 593 2771 homicidae,
618 2691 790 2771 adulteros,
815 2703 845 2756 et
868 2695 1032 2756 usurarios
1055 2691 1250 2777 manifestos.
1304 2691 1403 2778 Capit

289 2791 359 2855 loni
381 2793 593 2874 (sacerdotes)
619 2801 722 2854 antem
746 2801 833 2854 tanto
849 2791 1040 2876 contemptui
1060 2789 1256 2852 habebuntur
1272 2813 1293 2852 a
1314 2789 1403 2858 laicin

288 2891 373 2976 qnod
402 2913 507 2953 eornm
535 2912 646 2952 nomen
680 2913 717 2952 oc
748 2890 778 2950 ei
800 2888 924 2952 Joduei
956 2899 1057 2951 caecat
1086 2889 1120 2950 in
1143 2893 1366 2977 juramentum
1399 2911 1403 2980 p

282 2985 433 3073 plo-ribus
456 2988 646 3052 sumebatur.
698 2987 786 3050 Unde
810 2988 890 3049 sicut
914 2987 1049 3050 dicitur:
1086 2985 1241 3066 „ltatlem
1265 3007 1336 3052 esee
1358 2989 1403 3074 Ju

289 3086 421 3162 rlnereaf‘
444 3087 489 3147 eie
502 3084 686 3147 dicebatur:
710 3081 864 3165 „ltaliam
880 3107 944 3147 cese
961 3083 1156 3170 capellanus,
1181 3108 1275 3168 parurn
1290 3086 1348 3148 lzoc
1374 3091 1403 3152 ri

288 3183 371 3245 illud
378 3181 524 3267 facere.“
558 3179 677 3244 Clerici
692 3203 810 3266 qnoque
835 3184 864 3245 ci
883 3183 1053 3266 prodirent
1076 3183 1110 3244 in
1131 3179 1308 3268 publicum,
1333 3201 1403 3250 corn

288 3303 346 3342 rins
372 3280 511 3342 modicae
531 3303 631 3366 prope
647 3278 794 3364 frontem
815 3279 898 3366 pilia
922 3281 1066 3364 occipitia
1094 3279 1306 3344 occultabunt.
1356 3277 1403 3346 Jll

288 3375 359 3442 lites
384 3376 536 3460 (nobiles)
570 3379 651 3440 enim
674 3400 749 3440 raro
779 3400 850 3440 onoc
881 3375 996 3440 liberos
1028 3376 1194 3440 clericatui
1223 3376 1403 3464 offerebant,

287 3477 343 3538 scd
355 3475 567 3554 odecclceiua,
592 3498 724 3560 quarum
749 3485 820 3538 tunc
843 3476 908 3560 ipai
930 3475 1069 3537 decimae
1086 3475 1318 3559 percipiebant,
1342 3479 1403 3538 erni

287 3576 424 3636 leominer
444 3571 705 3658 praesentabant.
752 3575 795 3635 Et
818 3575 960 3658 episcopi
983 3571 1092 3657 quales
1112 3593 1173 3657 pro
1200 3583 1337 3659 tempore
1361 3591 1403 3658 pc

289 3681 394 3734 terant
418 3669 651 3756 clericabont.²)
698 3670 788 3734 Inter
812 3672 983 3755 episcopos
1011 3679 1121 3732 autem
1156 3683 1252 3732 erant
1276 3671 1403 3755 quidun

288 3771 350 3832 viri
376 3791 492 3855 parum
518 3767 621 3852 digni,
646 3769 702 3853 qni
721 3791 762 3831 ex
778 3767 950 3831 boneficiis
975 3768 1036 3830 sibi
1055 3767 1146 3830 lucra
1161 3767 1403 3854 ‹ronnparabnnt

361 4079 380 4141 ι)
400 4076 455 4131 Otr.
476 4077 602 4140 Schmidt,
623 4078 640 4132 l.
660 4093 682 4132 c.
702 4094 727 4145 p.
747 4079 782 4130 66
801 4094 856 4144 sqq.
901 4120 907 4132 ,

360 4161 382 4225 ⁹)
402 4158 434 4210 In
450 4159 566 4226 Prolopo
586 4157 619 4209 ad
632 4172 710 4224 opus:
731 4157 862 4211 Chronica
881 4173 961 4224 super
979 4157 1094 4211 historia
1113 4157 1223 4225 negot-ii
1247 4159 1403 4214 Francorut

286 4239 349 4294 adv.
370 4236 537 4304 Albigenaes.
