2916 4842
269 403 304 458 94
464 403 569 460 XXIII.
588 405 628 458 De
646 409 723 459 statu
744 404 842 461 Eccles.
861 404 945 473 priori
963 406 1050 460 medio
1068 423 1137 461 saec
1157 407 1220 462 XII.

268 547 385 631 lorum,
417 549 474 633 qui
498 569 540 612 ex
565 547 677 612 multis
700 547 872 613 christiani
903 549 992 613 orbis
1019 551 1211 635 regionibus
1241 550 1284 615 ad
1315 573 1394 616 eum

269 644 511 730 confluxerunt.
551 645 613 710 Vir
635 648 805 732 irrequieti
829 648 942 724 amini,
969 646 1159 729 vehemens,
1184 649 1294 713 minus
1317 671 1395 735 pru·

270 742 362 824 deus,
394 743 593 829 multiplices
616 743 734 809 habuit
758 744 899 808 decursu
923 746 1012 810 vitae
1036 747 1226 830 posterioris
1250 746 1394 812 difficul-

167 873 170 894 ι
267 849 362 924 tates,
393 843 560 927 variisque
589 842 670 907 locis
700 842 819 927 pedem
851 842 951 928 figere
982 854 1115 908 coactus
1145 853 1210 927 est3
1244 843 1395 928 singulos

269 947 408 1003 eventus
430 938 486 1003 hic
508 961 678 1004 recensere
703 962 768 1004 non
790 951 900 1004 vacat.
932 979 976 988 —
1006 939 1118 1020 Quum
1142 963 1220 1005 vero
1245 943 1293 1004 uti
1317 940 1394 1005 sub-

269 1036 386 1101 tilioris
415 1038 463 1101 ita
495 1047 528 1116 et
558 1038 746 1102 audacioris
778 1038 905 1124 ingenii
937 1049 1032 1120 esset,
1068 1039 1228 1103 doctrinis
1259 1061 1394 1125 quoquc

268 1136 336 1198 suis
360 1134 529 1199 Ecclesiae
557 1135 713 1219 dogmata
734 1136 911 1220 ¹offendere
935 1137 1027 1201 visus
1056 1146 1115 1202 est.
1162 1137 1285 1201 Contra
1313 1159 1394 1200 eum

268 1255 293 1296 s.
317 1231 507 1297 Bernardus
535 1232 705 1298 doctrinae
730 1234 913 1299 catholicae
938 1236 1111 1300 veritatem
1141 1245 1173 1299 et
1200 1234 1278 1298 fidei
1303 1237 1394 1320 puri·

268 1340 369 1394 tatem
405 1331 607 1406 vindicavit,
647 1355 687 1397 ao
723 1355 789 1397 non
829 1333 931 1398 semel
965 1332 1146 1398 Abaelardi
1186 1324 1311 1397 errores
1348 1331 1394 1396 ab

268 1429 463 1492 auctoritate
486 1430 709 1495 ecclesiastiea
731 1431 898 1517 reprobati
922 1441 1021 1518 atquc
1045 1431 1194 1495 damnati
1219 1439 1305 1494 sunt.

116 1574 240 1618 rourum
362 1563 435 1628 120.
464 1562 644 1629 Abaelardi
662 1586 795 1644 errores,
817 1566 864 1628 uti
877 1565 949 1651 jam
964 1566 1143 1649 innuimus,
1164 1533 1393 1628 rationalismo

132 1647 227 1680 Μ’*
271 1659 415 1746 quodam
431 1663 652 1728 eontinentur.
690 1661 901 1748 Opinsbatur
917 1662 1073 1728 videlicet
1096 1663 1269 1748 imprimis,
1293 1661 1393 1724 <leobio

267 1760 350 1823 serio
366 1759 584 1843 praecedente
601 1761 781 1846 unicuique
798 1760 842 1824 ad
856 1762 1104 1846 inquisitionem
1117 1761 1293 1824 veritatum
1310 1757 1392 1822 fidei

267 1856 494 1922 accedendum
520 1878 600 1940 esse,
625 1859 857 1943 veritatesque,
887 1868 1065 1944 antequam
1089 1857 1171 1922 fides
1194 1865 1392 1943 praestetur,

268 1957 367 2019 etism
402 1954 444 2019 ab
473 1954 692 2039 intelligentia
720 1955 968 2041 perspiciendas
1003 1977 1084 2023 esse.
1132 1955 1187 2021 Ab
1218 1952 1393 2018 Ecclesiae

267 2055 491 2139 propositione
524 2055 660 2140 ejusque
683 2056 878 2119 auctoritate
908 2055 1173 2140 praescindebat,
1201 2053 1255 2117 vel
1278 2055 1393 2139 potius
1454 2043 1455 2048 ¹

267 2153 302 2214 in
326 2173 384 2216 suo
410 2161 588 2236 systemate
619 2151 710 2216 hisce
734 2174 798 2216 non
824 2164 894 2217 erat
916 2152 1019 2218 locus.
1053 2191 1097 2200 -
1131 2152 1232 2217 Porro
1257 2153 1291 2214 in
1315 2152 1393 2235 ipsa

266 2247 478 2336 coplicotioae
509 2249 701 2334 dogmatum
732 2248 827 2334 plura
850 2252 974 2335 pariter
1003 2272 1062 2335 pro
1086 2273 1184 2314 sensu
1209 2271 1266 2314 suo
1290 2250 1391 2314 ratio-

266 2347 417 2412 nalistico
451 2346 648 2433 exponebat,
680 2347 734 2410 vel
757 2369 796 2411 ea
819 2348 992 2433 rejiciebat
1021 2370 1106 2433 quae
1137 2347 1257 2412 rationi
1281 2346 1391 2432 ipsius

266 2447 377 2510 minus
407 2445 662 2510 conveniebant.
708 2445 836 2508 Passim
868 2444 951 2509 forte
983 2444 1123 2509 insolitis
1146 2454 1178 2509 et
1201 2443 1391 2509 audacibus

265 2542 414 2608 formulis
446 2543 638 2629 praesertim
669 2544 831 2628 peccavit,
866 2542 922 2606 sed
952 2545 1054 2607 variis
1078 2545 1112 2607 in
1136 2541 1391 2629 quaestionibus

265 2663 341 2705 eum
366 2643 400 2704 in
424 2662 549 2705 errores
572 2640 719 2705 funestos
742 2642 919 2726 impegisse
943 2639 1088 2706 dubitari
1112 2643 1237 2727 nequit.

357 2774 429 2839 121.
477 2772 675 2858 Speciminis
697 2775 804 2858 gratia
828 2773 1123 2839 hesceAbaelardi
1148 2773 1315 2839 doctrinas
1341 2775 1388 2837 ci-

264 2882 389 2935 tamus:

356 2987 392 3050 1⁰
414 2987 548 3050 Patrem
565 3008 635 3050 esee
649 2989 918 3072 omnipotentem,
940 2986 1063 3052 Filium
1079 2989 1189 3052 minus
1205 2995 1388 3073 potentem,

263 3081 424 3170 Spiritum
456 3082 614 3150 Sanctum
647 3086 873 3171 impotentem.
903 3123 947 3133 —
979 3087 1017 3150 2⁰
1040 3084 1200 3172 Spiritum
1224 3083 1388 3148 Sanctum

263 3182 398 3269 quidem
422 3205 443 3247 a
465 3182 564 3246 Patre
589 3193 621 3247 et
644 3183 729 3248 Filio
754 3183 943 3269 procedere,
968 3184 1025 3248 sed
1049 3206 1116 3248 non
1140 3205 1212 3248 esse
1235 3204 1253 3245 e
1275 3181 1388 3246 Petris

264 3289 296 3344 et
311 3279 388 3344 Filii
413 3279 616 3362 substantia3
642 3303 715 3345 eum
741 3302 812 3345 esse
836 3283 982 3346 animam
1001 3282 1127 3347 mundi.
1145 3319 1187 3328 —
1212 3280 1249 3345 3⁰
1272 3280 1386 3344 Deum

263 3400 330 3442 nou
352 3400 448 3464 posse
472 3378 580 3442 faeere
600 3380 664 3442 nisi
688 3401 727 3442 ea
751 3401 815 3466 que
838 3379 927 3462 fecit,
951 3380 1042 3462 facit,
1067 3388 1101 3442 et
1114 3376 1294 3464 aliquando
1317 3376 1386 3442 fac-

262 3487 355 3540 turus
379 3485 436 3541 est.
464 3513 501 3524 —
528 3477 567 3540 4⁰
591 3475 759 3542 Christum
783 3500 849 3542 non
872 3479 1089 3563 assumpsisse
1112 3497 1245 3540 carnem
1266 3483 1304 3538 ut
1326 3473 1385 3540 ho-

263 3576 369 3639 mines
392 3575 512 3660 ajugo
537 3574 660 3638 diaboli
691 3574 862 3656 liberaret,
894 3576 951 3640 sed
984 3586 1019 3640 ut
1048 3574 1150 3639 verbo
1174 3584 1208 3637 et
1231 3572 1385 3658 exemplo

263 3693 322 3736 suo
339 3672 479 3738 doceret.
504 3709 548 3719 —
570 3673 609 3736 5⁰
633 3672 707 3758 Non
724 3673 865 3760 culpam,
891 3673 948 3738 sed
966 3672 1078 3738 solam,
1092 3694 1233 3760 poenam
1254 3673 1384 3757 peccati

262 3769 305 3834 ab
322 3771 452 3836 Adamo
473 3772 639 3835 commissi
663 3771 705 3835 ad
730 3772 800 3857 ejus
824 3781 971 3857 posteros
986 3771 1173 3857 propagari.
1189 3809 1233 3818 —
1255 3769 1292 3834 6⁰
1316 3769 1384 3833 Ho-

263 3869 386 3931 minem
410 3890 504 3954 posse
527 3868 630 3934 libero
654 3870 790 3935 arbitrio
815 3893 874 3934 suo
899 3872 969 3934 siue
987 3869 1103 3934 divina
1125 3869 1233 3953 gratia
1255 3867 1382 3932 bonum

262 3963 347 4029 velle
371 3975 404 4030 et
426 3969 564 4052 operari.
593 4005 629 4014 -
658 3966 853 4032 ursellum
877 3969 1038 4032 committi
1062 3977 1235 4052 peccatum
1264 3989 1383 4032 coucu-

261 4065 435 4150 piscentia,
461 4063 687 4146 delectatione,
712 4076 770 4129 aut
784 4067 981 4149 ignorantis.
997 4104 1040 4114 —
1065 4065 1098 4131 S.
1113 4065 1304 4130 Beruardus
1317 4089 1381 4130 me·

260 4163 323 4226 rito
348 4161 389 4226 de
413 4164 502 4247 ipso:
531 4161 608 4228 Com
631 4163 669 4226 di
698 4164 855 4229 Trinitatc
879 4161 1027 4250 loquitur,
1051 4165 1139 4250 sapit
1161 4162 1289 4244 Arium
1313 4189 1380 4229 cam
