2868 4844
296 485 350 538 ‘244
536 483 657 538 XXXIII
684 483 726 538 De
744 499 844 552 magno
862 483 1015 537 Occidentis
1034 481 1190 537 schismate.

298 651 332 691 se
355 627 409 692 vel
438 651 497 716 per
520 627 622 692 alium
654 647 713 712 pro
737 626 849 712 aliqua
881 624 1116 714 consequenda
1148 625 1308 710 dignitate
1336 627 1403 688 bem

298 745 543 814 quamcumque
564 723 704 789 notabili
721 727 916 810 praesertim
930 735 1056 810 papatu
1073 723 1272 789 seditionem
1288 746 1341 786 sen
1356 725 1405 785 im·

298 825 500 911 pressionem
533 825 709 898 movissem
745 823 799 887 rel
822 819 943 908 aliquis
968 823 1008 886 de
1039 843 1076 886 eo
1108 823 1298 906 cogitasset,
1328 843 1427 921 praep

297 923 501 1008 sumpsisset.
541 975 547 988 .
585 972 593 986 .
630 972 637 987 .
676 919 884 986 Induebatur
918 919 1027 984 cilicio
1061 919 1183 984 diurno
1214 931 1356 1004 tempore
1381 929 1407 980 et

298 1031 475 1100 nocturno,
514 1021 548 1083 in
579 1039 644 1105 quo
677 1017 845 1084 dormiens
875 1017 1012 1084 indutus
1042 1017 1107 1082 init
1137 1017 1281 1103 desuper
1308 1019 1406 1082 tunica

298 1118 374 1184 alba
396 1117 492 1182 talari
516 1117 558 1182 de
583 1117 740 1182 mediocri
765 1139 875 1202 panno
899 1116 1006 1199 laneo,
1037 1138 1078 1180 ac
1107 1114 1253 1180 multum
1275 1127 1344 1180 erat
1361 1135 1407 1200 pa-

298 1218 384 1280 tiens
418 1225 498 1278 tunc
532 1217 691 1302 temporis
724 1216 926 1298 (Avenione)
956 1217 990 1304 in
1019 1213 1179 1296 adversis,
1219 1215 1409 1300 compatiens

299 1315 398 1378 ctiam
423 1312 523 1376 valde
546 1313 793 1378 calamitatibus
824 1312 974 1378 aliorum.
1021 1309 1145 1378 Omnia
1167 1313 1270 1376 etiam
1294 1311 1408 1396 jejunio

300 1433 359 1496 per
374 1409 560 1475 Ecclesiam
585 1410 713 1476 indicta
734 1423 815 1476 tuno
831 1411 1040 1474 sanctissime
1054 1407 1267 1490 observabat,
1295 1429 1408 1473 necnon

299 1531 360 1594 per
382 1508 565 1572 adventurn
589 1509 727 1574 Domini
752 1521 785 1574 et
807 1531 866 1594 per
889 1507 1139 1592 sexagesimam
1162 1509 1260 1572 anuis
1286 1505 1411 1590 singolis

295 1605 486 1692 jejunabat,
519 1617 553 1669 et
574 1608 767 1693 jejunantes
797 1606 948 1672 ciuiliter
968 1625 1101 1672 necnon
1126 1605 1230 1672 bonos
1254 1603 1410 1688 religiosos

301 1706 380 1770 satis
402 1705 569 1769 amabat“
583 1707 607 1786 ¹)

129 1836 285 1940 ,ffifflz
394 1837 425 1903 6.
473 1838 677 1918 Cardinales‚
710 1841 766 1924 qui
793 1837 964 1902 Urbanum
989 1837 1165 1922 elegerant,
1195 1838 1291 1900 initio
1316 1837 1412 1898 omnia

288 1927 334 2001 'ei
352 1949 388 2001 ut
403 1937 557 2002 Pontifici
580 1936 679 2022 plane
702 1935 860 2020 legitimo,
884 1935 1006 2002 debit-is
1030 1935 1174 1998 servitiis
1190 1945 1223 1998 et
1239 1933 1410 1997 reverearis

304 2033 473 2117 exhibitis,
498 2037 742 2120 praestiterunt,
767 2057 806 2098 ae
830 2032 1013 2120 perplures
1037 2055 1167 2097 menses
1190 2033 1304 2095 varias
1328 2033 1410 2093 etiem

303 2135 426 2218 gratias
457 2133 500 2198 ab
536 2155 574 2198 eo
605 2137 772 2220 petierunt
801 2143 833 2196 et
862 2141 1073 2217 occeperunt.
1128 2127 1287 2196 Urbanus
1316 2139 1411 2192 auten

304 2254 382 2296 mox
416 2234 563 2296 animum
595 2230 756 2318 applicuit
791 2229 1021 2294 reformandae
1054 2228 1192 2308 Curiae,
1233 2225 1414 2290 coercente

303 2331 395 2394 vitiis
419 2339 452 2394 et
474 2330 710 2394 instaurandae
736 2327 947 2414 disciplinam
980 2326 1176 2391 Cardinales
1201 2347 1282 2388 vero
1316 2328 1413 2388 luteor-

304 2430 432 2514 pestivo
446 2428 590 2514 quodam
615 2430 723 2512 rigore
747 2437 779 2491 et
801 2427 930 2490 acerbis
947 2423 1057 2489 verbis
1073 2423 1220 2505 offendit,
1247 2441 1415 2508 eorumque

304 2529 433 2590 animos
457 2526 520 2590 sibi
552 2525 765 2590 abalienavit.
812 2523 926 2588 Mense
950 2521 1039 2608 Majo
1054 2520 1223 2607 ¹paulatim
1249 2522 1414 2584 duodecin

191 2707 195 2710 ,
306 2623 500 2688 Cardinalee
525 2623 613 2688 Gelli
646 2644 678 2687 et
708 2645 793 2686 unos
815 2621 986 2708 Hispanus
1019 2631 1224 2684 secesserunt
1248 2621 1416 2684 Ananiam.

305 2733 404 2808 atque
428 2721 474 2786 ibi
499 2721 714 2808 sequentibus
738 2720 907 2785 mensibus
932 2717 1115 2783 deliberare
1135 2727 1329 2802 coeperunt,
1355 2737 1408 2802 quo

306 2820 404 2885 modo
420 2821 594 2886 Urbanum
620 2821 824 2907 deponerent
847 2831 879 2881 et
902 2837 1026 2882 novum
1040 2813 1240 2880 Pontificem
1257 2813 1416 2900 eligerent

305 2919 370 2982 Die
395 2919 433 2982 9⁰
458 2919 600 3003 Augusti
626 2918 882 2983 declarationem
907 2913 1094 2998 ediderunt,
1118 2916 1152 2978 in
1177 2935 1243 2998 qua
1268 2925 1418 2978 conteats·

305 3015 437 3096 bantur‚
462 3040 496 3081 se
514 3020 547 3082 in
565 3016 716 3081 conclavi
732 3037 798 3080 non
815 3015 916 3078 fuisse
932 3013 1066 3093 liberos,
1090 3010 1287 3076 electionem
1303 3011 1418 3076 Urbani

305 3115 406 3179 fuisse
439 3118 471 3178 vi
507 3127 539 3178 et
571 3128 660 3180 metu
695 3125 868 3193 extortam,
904 3122 1005 3198 atque
1036 3111 1118 3175 adeo
1150 3131 1226 3173 eum
1260 3131 1330 3174 non
1361 3133 1419 3172 esse

305 3213 490 3298 legitimum
523 3213 730 3279 Pontificem.
779 3209 911 3276 Deinde
942 3207 1079 3295 profecti
1114 3219 1190 3272 sunt
1223 3207 1364 3272 Fundos
1394 3209 1418 3269 in

306 3334 407 3397 regno
426 3311 649 3400 Neapolitano
682 3310 737 3376 ubi
754 3310 814 3374 sub
832 3307 852 3374 J
856 3331 963 3374 oanna
986 3309 1110 3391 regina,
1136 3329 1220 3392 quae
1234 3305 1366 3372 L'rbani
1382 3303 1418 3364 l'l

308 3421 417 3498 partes
440 3410 628 3497 reliquerat,
654 3411 801 3474 securius
824 3421 972 3492 agerent.
1002 3404 1074 3470 Illic
1098 3403 1203 3470 tribus
1226 3406 1331 3468 etiam
1357 3403 1418 3468 Car·

307 3507 477 3573 dinalibus
500 3509 593 3574 Italis
624 3509 667 3572 ad
701 3530 736 3572 se
763 3507 946 3592 pertractis,
979 3505 1033 3568 die
1057 3503 1116 3568 20⁰
1139 3501 1350 3588 Septembris
1372 3501 1420 3563 Ro

307 3607 437 3670 bertum
457 3605 667 3672 Cardinalem
685 3605 940 3671 Gabennensem
956 3623 1013 3667 seu
1027 3599 1268 3678 Genevensem,
1297 3601 1419 3663 fratrea

309 3704 448 3770 Comitis
458 3703 676 3788 Genevousis,
691 3705 827 3789 triginta
842 3724 900 3765 sex
913 3723 1017 3765 annos
1032 3710 1156 3781 natum,
1183 3699 1215 3762 in
1234 3699 1419 3762 Pontificem

308 3803 487 3887 elegerunt,
512 3807 653 3883 edentes,
678 3801 793 3867 scribit
808 3799 1043 3880 Theodericus,
1068 3821 1135 3864 com
1150 3819 1215 3862 esse
1231 3795 1421 3860 ambitiosae

309 3916 338 3968 et
348 3902 500 3990 pluribus
522 3903 713 3986 iodipoutcm
736 3923 774 3964 ao
792 3909 1014 3984 sumptuosum,
1039 3896 1146 3980 lorgoe
1169 3895 1379 3960 accedentius
1399 3903 1421 3951 sl

305 4023 418 4088 genero
441 3999 587 4078 nobilem,
611 3998 717 4064 multis
741 4000 835 4062 etium
850 3995 1092 4082 consanguineis
1114 4004 1144 4056 et
1166 3990 1325 4077 affinibus
1348 3991 1422 4054 aoli-

386 4267 407 4334 ¹)
426 4266 467 4320 Dc
485 4265 641 4332 schismate,
661 4265 692 4321 L.
712 4265 733 4324 Ι,
753 4279 775 4320 o.
795 4265 820 4319 1.
