2916 4842
282 382 331 435 llt
440 377 541 432 XXIV.
561 376 601 430 De
620 373 739 430 dissidiis
757 373 886 430 Frideriei
906 375 919 428 1
939 391 998 429 oum
1018 375 1049 429 R.
1071 375 1254 432 Pontificibus

281 546 360 608 quae
382 518 561 606 imperialis
585 529 638 600 est,
662 541 779 582 summo
803 519 969 602 Porstiflci;
999 521 1153 605 quidquid
1176 534 1308 608 praeter
1329 526 1409 590 laec

281 631 335 700 est,
360 620 399 683 dc
413 619 593 683 abundanti
605 628 660 693 est,
686 641 707 680 a
729 617 813 681 malo
838 629 893 681 est.
1004 615 1076 682 Illis
1100 617 1314 698 abusionibus,
1338 627 1407 708 qui-

281 719 338 782 bus
362 739 466 781 onsncs
489 715 637 780 ecclesiae
660 717 749 800 repni
771 717 873 779 nostri
896 727 1049 801 porratae
1073 727 1102 779 et
1126 727 1308 783 attenuatae
1332 734 1410 785 sunt

281 827 310 880 et
333 837 436 888 omnes
454 838 560 900 paene
584 811 772 878 claustrales
796 813 987 899 disciplinae
1017 825 1173 878 emortuae
1198 827 1227 879 et
1249 819 1407 904 sepultae,

281 913 407 976 almare
431 911 633 976 intendimus.
681 912 720 975 In
744 914 846 998 capite
871 910 956 975 orbis
971 912 1059 974 Deus
1077 936 1140 997 per
1163 915 1329 1000 imperium
1354 941 1408 980 eo:-

281 1012 395 1076 altaus't
418 1010 588 1087 ecclesiam,
612 1010 646 1072 in
669 1011 773 1094 eapite
797 1008 883 1072 orbis
906 1009 1046 1085 ecclesio,
1072 1009 1151 1093 (non
1158 1033 1220 1096 per
1233 1012 1346 1090 Deum,
1372 1027 1411 1077 ut

281 1107 461 1190 oredimus)
486 1131 567 1170 nurse
597 1105 765 1170 demolitur
794 1107 969 1192 imperium.
1017 1107 1046 1169 A
1067 1109 1197 1193 pictura
1220 1113 1331 1196 coepit,
1363 1113 1413 1175 ad

280 1209 471 1291 sculpturam
488 1207 619 1291 pictura
637 1205 809 1291 prooessit,
839 1206 1000 1290 scriptura
1023 1207 1058 1268 in
1081 1208 1301 1270 auctoritatem
1329 1233 1409 1294 pro-

281 1306 349 1367 dire
381 1313 522 1367 conatur.
579 1303 655 1365 Nou
680 1303 853 1388 patiemur,
889 1323 953 1364 non
989 1303 1220 1381 sustinebimus,
1259 1329 1413 1369 coronam

282 1413 354 1465 astte
375 1423 536 1487 ponemus,
569 1423 662 1486 quam
684 1400 813 1485 imperii
835 1421 982 1463 coronam
1004 1423 1068 1462 una
1099 1399 1258 1464 nobiscum
1283 1403 1327 1464 u'c
1353 1403 1411 1466 de·

277 1501 360 1586 poni
383 1500 620 1562 consentiamus.
630 1497 653 1579 ¹)

111 1662 224 1700 amenus
244 1664 273 1702 so
376 1642 426 1706 15.
474 1643 586 1720 Quum
625 1639 817 1703 Hadrianus
856 1638 897 1702 de
937 1638 1097 1703 Friderici
1138 1651 1247 1703 mente
1286 1645 1412 1706 certior

121 1723 260 1838 pamm
284 1741 391 1804 factus
422 1748 514 1820 esset,
548 1738 704 1825 prudenti
729 1737 954 1801 moderatione
982 1759 1071 1818 usus,
1106 1737 1326 1821 explicatione
1354 1763 1410 1805 vo-

285 1861 360 1902 cum
385 1858 470 1922 quae
494 1835 678 1901 discordiae
702 1837 915 1921 praecipuam
939 1834 1162 1921 praebuerant
1186 1839 1411 1920 occasionem,

283 1957 398 2022 pacem
423 1935 595 1997 restituere
619 1933 754 1998 studuit.
801 1935 918 2019 Itaque
942 1954 1029 1997 anno
1058 1934 1140 1998 1158
1165 1934 1350 2000 Hearicum
1379 1951 1414 2000 ct

284 2032 512 2118 Hyacinthum
537 2031 730 2096 Cardinales
753 2031 797 2096 ad
812 2032 1019 2096 Friderioum
1044 2033 1134 2096 misit
1157 2054 1231 2096 cnm
1256 2034 1411 2118 epistola,

284 2135 318 2195 in
343 2153 407 2216 qua
431 2151 508 2192 cum
532 2129 692 2214 dignitate
716 2128 895 2215 apostolica
918 2152 958 2194 ao
983 2129 1086 2194 libere
1110 2130 1244 2214 quidem
1261 2133 1410 2218 Impera·

283 2231 363 2293 toris
398 2228 518 2311 agendi
549 2229 711 2292 rationem
743 2230 862 2311 arguit,
899 2250 961 2292 nec
987 2227 1073 2313 juris
1096 2230 1272 2314 principiis
1296 2231 1411 2315 quoad

283 2329 419 2413 Imperii
451 2326 658 2391 collationem
692 2326 820 2412 aliquid
852 2326 1004 2410 derogat:
1042 2324 1139 2390 simul
1171 2335 1283 2390 tanuen
1307 2349 1413 2391 voces

285 2448 370 2512 quae
393 2424 554 2489 Friderici
590 2425 852 2510 indignationem
886 2426 1116 2488 excitaverant
1150 2435 1226 2508 apte
1249 2423 1412 2510 explicat..

290 2525 469 2602 Occasione,
494 2525 603 2608 inquit
625 2523 789 2604 Pontifex,
822 2523 987 2610 cujusdam
1010 2521 1097 2585 uerbi
1119 2521 1203 2606 quod
1226 2535 1271 2586 cst
1293 2523 1412 2601 „bersc-

276 2623 419 2708 ficium“,
444 2633 515 2684 tuus
539 2624 673 2700 animus,
698 2623 777 2685 sicut
790 2621 916 2699 dicium,
933 2630 979 2683 est
995 2631 1182 2699 commotus;
1205 2621 1289 2705 quod
1300 2624 1412 2707 utiqsss

285 2721 399 2785 nedum
423 2721 506 2783 tanti
528 2721 600 2797 oiri,
631 2720 686 2784 sed
708 2743 765 2783 nec
786 2715 950 2807 cujuslibet
971 2719 1104 2782 minoris
1136 2720 1273 2782 animum
1296 2723 1413 2783 nscsito

286 2819 505 2882 commovisset.
554 2819 640 2881 Licet
672 2819 754 2880 enim
785 2817 840 2878 doc
870 2839 996 2894 nomen,
1034 2815 1117 2901 quod
1136 2827 1185 2888 est
1217 2817 1411 2901 beneficium,

287 2917 375 3002 apud
404 2917 555 3002 quosdam
590 2917 625 2979 in
656 2913 726 2979 alia
749 2915 986 2998 sipnificatione,
1021 2937 1113 3000 qucum
1144 2937 1183 2978 etc
1206 2916 1412 2999 impositione

285 3013 407 3086 habeat,
432 3025 621 3091 aestimatur,
652 3025 723 3078 tunc
748 3025 850 3078 tamon
874 3015 908 3076 iu
933 3037 971 3075 ea
993 3013 1223 3097 sipniflcatione
1251 3014 1411 3098 accepten-

287 3112 361 3174 dum
376 3112 499 3198 fuerat,
524 3135 617 3197 quam
641 3134 696 3174 isos
721 3113 786 3197 ipsi
793 3113 960 3196 posuimus
984 3121 1014 3172 et
1038 3133 1130 3195 quam
1154 3133 1194 3172 coc
1209 3112 1412 3176 liutiustioue

286 3233 345 3274 suo
368 3209 508 3272 noscitur
530 3212 674 3273 retinere.
709 3211 777 3274 Hac
798 3211 878 3272 euim
901 3231 1012 3272 nomen
1037 3231 1076 3271 etr
1091 3209 1216 3286 „bono“
1230 3222 1260 3272 et
1275 3209 1409 3295 ,factm

287 3319 332 3372 est
355 3307 487 3372 editum:
511 3319 540 3371 et
564 3309 681 3371 dicitur
703 3307 881 3390 beneficium
904 3306 994 3392 apud
1017 3329 1074 3368 nos
1097 3330 1160 3370 non
1176 3306 1325 3393 feudum,
1356 3309 1414 3372 sed

288 3405 400 3469 bonum
427 3404 564 3491 factum.
622 3407 659 3470 Ia
691 3430 753 3491 qua
781 3406 1010 3489 sipniflcotione
1049 3406 1082 3468 in
1115 3407 1260 3468 uniuerso
1298 3428 1411 3470 sacrae

288 3505 473 3590 Scripturoe
503 3527 631 3590 corpore
654 3506 821 3580 inuenitur,
845 3504 900 3567 ubi
922 3525 962 3566 es:
985 3502 1131 3587 beneficio
1154 3503 1228 3580 Dei,
1251 3525 1316 3565 ison
1342 3514 1410 3567 tan·

286 3625 379 3688 quom
393 3601 551 3688 eaefcudo,
576 3600 725 3666 scdoelut
748 3625 787 3664 eu
801 3601 1011 3665 benedictione
1036 3613 1065 3664 et
1081 3599 1158 3663 bono
1174 3600 1269 3687 fucta
1292 3601 1408 3687 ipsius.

286 3700 458 3786 pssberuari
486 3700 621 3765 dicimur
652 3711 681 3764 et
710 3703 836 3766 nutriri.
885 3701 927 3763 Et
951 3711 1006 3762 tua
1029 3699 1153 3784 quidem
1176 3697 1411 3782 mapnifioeutia

288 3799 409 3885 liquido
432 3801 633 3885 recopnoscit,
658 3800 740 3885 quod
755 3823 813 3862 nos
828 3801 877 3862 ita
900 3799 974 3862 boue
998 3807 1028 3860 et
1043 3795 1208 3879 dorsosiflce
1231 3796 1412 3881 imperialis

288 3898 457 3984 dipnitatis
487 3899 610 3984 iusipne
641 3910 692 3962 tuo
728 3899 828 3983 copiti
850 3898 1063 3982 imposuimus,
1096 3906 1132 3958 ut
1155 3893 1267 3957 bonum
1281 3893 1412 3979 factum
1446 3933 1447 3944 κ

364 4166 383 4236 ¹)
404 4164 565 4228 walterich,
585 4165 621 4219 II.
641 4165 700 4218 364,
