2858 4834
278 487 390 543 Henrici
408 489 437 542 11
456 488 592 558 expeditio
611 488 640 542 in
658 488 824 543 Hiberniam.
843 509 847 520 ··
869 519 871 524 ·
1064 493 1116 548 209

39 631 160 716 adjuncta
181 633 311 717 ignavia
335 631 389 696 vel
413 634 543 696 incuria
561 631 761 718 praesulum,
787 633 825 696 de
834 633 929 719 facto
946 635 1116 700 Ecclesiae

34 731 85 812 jura
103 731 215 815 passim
237 728 421 812 laedantur,
450 730 484 794 id
508 728 661 795 Ecclesia
684 729 851 794 interdum
875 732 1037 818 impedire
1061 755 1115 798 ne·

36 829 91 911 «pair,
110 827 159 890 vel
180 827 315 891 tolerare
337 837 446 913 potest
468 827 678 912 indulgentia
694 831 907 894 oeconomica
922 831 1117 897 ad‘vitanda

35 925 95 988 mala
114 925 240 1010 majora.
287 923 353 990 Sed
378 924 460 989 illud
485 928 630 990 maxime
655 927 879 991 necessarium
897 938 954 1011 est,
980 939 1016 992 ut
1029 939 1116 994 sarta

33 1040 53 1084 u
70 1037 140 1086 tecta
154 1033 307 1088 maneant
323 1045 403 1087 vera
418 1024 583 1109 principia
601 1023 642 1087 de
659 1022 775 1088 habitu
793 1025 878 1089 inter
894 1026 1115 1092 sacerdotium

32 1139 53 1180 u
73 1143 204 1205 regnum,
236 1143 322 1186 neve
345 1131 532 1204 statuantur
555 1144 690 1186 normae
716 1121 883 1206 juridicee
915 1123 1006 1190 hisce
1030 1127 1116 1211 prin·

32 1221 99 1302 eipiis
131 1222 305 1306 oppositae.
359 1219 433 1284 Hoc
464 1229 586 1302 autem,
630 1221 678 1283 uti
715 1219 871 1304 diximus,
910 1245 934 1289 s.
968 1222 1115 1290 Thomae

30 1320 173 1382 certamine
202 1329 234 1381 et
263 1316 432 1403 triumpho
462 1327 597 1382 cruento
633 1317 803 1383 obtentum
837 1323 926 1403 est.¹)
973 1320 1006 1388 S.
1031 1321 1116 1386 Mar·

29 1416 86 1496 uris
110 1437 182 1480 vero
216 1415 417 1500 exemplum,
458 1417 652 1498 constantia,
694 1438 790 1501 mors,
823 1417 1026 1502 glorificatio
1056 1441 1115 1504 per

29 1513 146 1598 prodigia
184 1513 286 1577 multa
319 1525 351 1577 et
380 1515 682 1594 canonizationem,
723 1515 831 1579 cultus
862 1538 901 1580 ac
934 1519 1114 1600 veneratio,

28 1609 141 1676 fidelium
170 1614 298 1676 animos
328 1621 398 1676 tum
432 1614 468 1676 in
491 1611 615 1697 Anglia
639 1625 709 1678 tum
735 1615 768 1676 in
793 1613 867 1677 aliis
890 1615 1001 1698 regnis
1026 1613 1115 1678 orbis

27 1707 163 1774 christiani
188 1732 224 1774 eo
248 1719 396 1795 tempore
420 1709 637 1775 vehementer
660 1713 859 1794 excitarunt,
884 1721 920 1776 ut
936 1710 1014 1776 Sedi
1028 1712 1115 1798 Apo·

25 1805 126 1871 solie-ae
149 1816 181 1871 et
202 1807 373 1872 Ecclesiae
406 1819 516 1872 essent
539 1808 665 1873 addicti
689 1808 825 1895 ejusque
852 1809 931 1896 jura
962 1810 1115 1874 observa·

24 1920 75 1968 rent
94 1921 122 1968 ct
143 1915 322 1971 tuerentur.
368 1907 439 1971 Nec
463 1907 574 1970 minus
598 1907 812 1993 subsequenti
840 1919 988 1994 tempore
1012 1929 1115 1994 usque

23 2001 52 2064 ai
77 2003 139 2068 dies
166 2015 294 2068 nostros
324 2003 402 2068 inde
434 2026 534 2090 quam
564 2003 697 2090 plurimi
728 2005 831 2069 robur
853 2027 893 2068 ac
921 2007 1008 2069 vires
1036 2005 1114 2070 hau·
1214 2033 1217 2038 ·

23 2113 108 2164 siunt
128 2124 166 2165 ac
182 2102 341 2166 hauriunt
364 2100 429 2166 illis
453 2103 488 2165 in
502 2102 750 2185 certaminibus,
776 2125 860 2188 qnae
879 2103 921 2166 ad
940 2127 990 2167 res
1005 2125 1114 2168 sacras

22 2199 132 2262 tuendas
155 2199 337 2264 identidem
363 2199 533 2264 Ecclesiae
559 2202 639 2264 viris
664 2201 838 2265 subeunda
863 2201 1057 2265 obveniunt.

352 2655 353 2660 η
427 2609 676 2690 appendix.
1062 2685 1065 2688 ,

70 2753 123 2816 De
145 2754 324 2819 Hennes
348 2751 401 2816 H
425 2753 474 2816 tce
497 2751 751 2816 Hiberniam
773 2753 1045 2831 expeditione.

84 2931 132 2993 94.
183 2929 417 3015 Opportunum
464 2927 597 2991 videtur
640 2927 835 3013 appendicis
879 2932 983 2994 instar
1020 2930 1279 2996 hiscesmusrorum
1336 2969 1338 2974 =

20 3027 151 3106 quaedam
174 3027 322 3114 adjicere
354 3027 395 3091 de
419 3025 625 3090 submissione
650 3026 837 3106 Hibevmc'ae,
868 3050 966 3114 qnam
992 3012 1144 3093 ilenti-¹¹¹
1159 3011 1277 3052 mm·

22 3124 104 3188 mii
131 3148 219 3190 anno
247 3125 331 3188 1172
363 3123 520 3206 confecit,
556 3133 589 3187 et
617 3124 658 3188 de
691 3123 818 3210 aliquot
841 3125 1041 3192 Pontificum
1064 3151 1111 3191 re·

22 3223 119 3305 scriptis
151 3245 239 3310 quae
266 3244 312 3287 eo
348 3233 508 3307 spectant.
547 3261 591 3270 -
629 3222 842 3287 Tui-babetur
870 3223 934 3287 hoc
965 3233 1111 3310 tompore

22 3313 150 3386 Hibernia
183 3323 324 3387 funestis
355 3331 388 3384 et
417 3321 583 3384 continuis
615 3320 711 3385 bellis
735 3321 821 3384 inter
844 3323 954 3386 varios
978 3325 1110 3407 provin·

21 3417 114 3482 ciarum
143 3421 310 3506 principes
341 3440 397 3482 seu
426 3418 567 3502 regulos,
601 3419 646 3482 ita
672 3428 708 3481 nt
730 3429 800 3482 tum
824 3442 876 3484 res
901 3420 1017 3485 civiles
1039 3431 1110 3486 tum

22 3585 200 3602 ¹¹*—

70 3687 87 3740 ¹r
103 3687 239 3742 Immerito
258 3685 360 3740 Reuter
379 3685 455 3753 (Vita
474 3685 549 3740 Alex.
570 3685 622 3739 III.
641 3685 670 3738 Τ.
690 3685 741 3740 Ill.
761 3702 788 3753 p.
800 3687 850 3740 loc
869 3685 938 3755 sqq.)
959 3685 1106 3754 contendit,

21 3761 64 3816 aiil
79 3766 127 3820 iere
144 3768 177 3821 ab
196 3766 320 3822 Ecclesia
337 3781 394 3820 esse
413 3765 562 3830 obtentum,
581 3765 634 3819 nisi
653 3765 781 3832 quasdam
799 3766 1043 3820 demonstrationes
1062 3782 1107 3821 cx·

21 3851 90 3900 ismae,
107 3863 182 3915 quum
201 3863 251 3902 rex
270 3847 297 3900 in
317 3846 373 3900 suis
391 3846 489 3900 studiis
508 3845 724 3914 perseveraverit
742 3845 896 3899 dominandi
916 3845 1060 3910 Ecclesiae,
1078 3851 1108 3900 et

22 3933 76 3978 *tun
100 3937 190 3995 postea
223 3927 304 3981 iactis
334 3932 362 3981 et
391 3927 478 3996 gestis
509 3927 601 3981 eadem
631 3925 743 3980 consilia
767 3931 875 3981 secutus
893 3925 986 3982 fucrit.
1024 3925 1106 3981 Atei

24 4005 116 4074 Aethiops
138 4009 183 4063 ille
202 4023 256 4062 non
276 4007 396 4062 mumvit
413 4007 511 4076 pellem
530 4023 614 4072 suam,
641 4013 763 4060 attamen
782 4005 916 4074 principia
934 4005 967 4060 ab
986 4005 1108 4064 Ecclesia

26 4079 124 4140 mica
141 4088 224 4152 inere,
243 4087 395 4142 excessibus
414 4103 509 4156 regum
528 4087 629 4141 limites
648 4085 757 4141 statuti,
777 4085 868 4141 fervor
887 4091 916 4140 ct
934 4086 1014 4140 robur
1032 4100 1108 4154 prae·

25 4159 79 4217 *um
95 4173 120 4220 et
137 4168 253 4223 fidelium
272 4165 421 4222 intuendis
440 4165 577 4222 Ecclesiae
593 4165 700 4235 juribus
719 4171 800 4219 aucta
812 4171 885 4232 sunt,
913 4172 941 4220 et
959 4165 1108 4221 auotoritas

24 4233 120 4300 islense
137 4249 265 4316 Sedisqne
283 4245 454 4314 apostolieae
475 4246 556 4301 valde
575 4246 691 4301 firmate.
764 4261 766 4266 ³

59 4359 174 4410 lmamann,
189 4365 380 4406 Dissertationcs.
394 4365 459 4406 Toni.
473 4365 501 4406 V.
950 4353 983 4406 14
