2916 4842
461 490 639 544 Dissidiorum
657 491 746 546 initia
1108 495 1159 550 lib

43 636 139 700 rulant
162 635 205 699 ab
230 635 373 699 omuibus
389 635 546 724 judicari.
590 635 680 698 Unde
694 636 779 720 quod
801 635 932 721 quidam
954 637 1158 714 verbumlroc,

42 733 169 812 utillud,
193 733 313 797 scilicet
328 731 563 812 „contulimue“
588 732 646 796 tibi
668 734 790 817 lusique
813 734 992 819 imperialis
1015 758 1159 814 coronae,

43 857 172 896 uacuas
195 854 252 896 auo
275 833 341 894 uisi
363 842 437 894 aaut
466 832 510 894 ad
533 830 632 895 alium
664 841 850 916 retorquere,
886 854 950 896 nou
982 855 1022 896 eae
1050 836 1160 897 merito

43 953 160 1010 caueae,
193 929 250 993 aad
274 929 311 992 de
335 926 493 992 uoluntate
514 929 653 1014 propria
676 938 706 992 et
729 927 857 992 illorum
880 932 1075 1016 suppletione
1107 933 1161 1018 qui

36 1053 146 1116 pacem
177 1030 268 1113 requi
300 1039 329 1090 et
352 1025 513 1090 Ecclesiae
543 1025 725 1090 nullatenus
755 1026 902 1112 dilipartt,
937 1028 992 1089 boc
1020 1041 1159 1116 eperunt.

43 1127 100 1190 Per
121 1127 176 1189 boc
191 1127 275 1188 enim
288 1123 472 1188 vocabulum
486 1123 719 1202 „contulimue“
734 1123 815 1188 nibil
831 1125 923 1188 aliud
937 1125 1160 1205 intelleximus,
1263 1179 1268 1190 ,

43 1226 103 1288 aiei
116 1223 197 1310 quod
213 1224 358 1310 superius
374 1222 490 1285 dictum
506 1233 561 1301 est,
585 1219 876 1316 „imposuimua“.¹)
907 1222 1022 1306 Vides,
1047 1223 1110 1288 hac
1127 1226 1160 1288 in

42 1321 175 1408 epistola
199 1321 410 1386 Hadrianum
435 1321 589 1406 prudenti
621 1323 815 1385 oeconomia
838 1320 1050 1406 Imperatoris
1074 1325 1160 1409 prin-

42 1423 127 1506 cipia
155 1429 367 1506 praepostera
400 1439 464 1483 non
489 1429 639 1503 tangere,
671 1418 728 1482 sed
760 1428 887 1483 tantum
920 1418 1035 1484 salsam
1065 1423 1160 1484 inter·

43 1519 256 1604 pretationem
283 1517 461 1582 verborum
485 1515 614 1580 illorum
640 1516 818 1602 rejicere.²)

131 1669 180 1733 16.
230 1667 343 1748 Quum
365 1668 556 1732 Friderious
580 1667 669 1731 bisce
693 1669 926 1754 acquiesceret,
952 1667 1089 1732 dissidia
1112 1670 1160 1732 in·
1171 1691 1236 1732 unus
1246 1692 1331 1732 susor-

46 1769 136 1830 terim
161 1768 268 1851 sopita
292 1775 377 1829 aunt.
410 1763 475 1828 Sed
491 1765 702 1829 concordiem
729 1765 857 1828 firmam
882 1765 967 1829 inter
979 1765 1160 1852 Imperium
1188 1754 1313 1856 ffifffifif*

44 1881 73 1928 et
88 1861 317 1928 Sacerdotium
342 1865 478 1944 servari,
504 1862 709 1948 impossibile
733 1873 803 1926 erat
826 1861 869 1927 ob
886 1861 943 1926 illa
960 1863 1000 1927 de
1017 1864 1160 1950 Imperio
1271 1867 1274 1872 '

45 1962 215 2047 principia,
241 1957 325 2046 qua'e
349 1961 531 2025 identidem
556 1961 741 2046 Imperator
759 1961 831 2046 jam
848 1959 1038 2046 protulerat,
1063 1973 1162 2050 etque

46 2063 145 2144 magis
169 2063 341 2145 magisque
366 2060 554 2123 executioni
579 2058 739 2122 mandare
764 2058 956 2122 conabatur.
985 2059 1061 2124 Jam
1080 2061 1163 2126 vidi-

46 2181 122 2235 mus,
158 2179 235 2221 eum
258 2160 474 2238 existimasse,
507 2159 592 2220 sicut
621 2177 761 2240 regnum
791 2155 1021 2239 Teutonicum,
1062 2161 1163 2224 itaet

48 2255 222 2342 Imperium
256 2257 285 2318 ei
319 2254 509 2319 immediate
533 2277 553 2318 a
578 2255 659 2334 Deo,
691 2255 827 2339 praevia
850 2264 979 2318 tantum
1004 2255 1163 2322 electione

51 2355 245 2438 principum,
277 2375 348 2416 esse
379 2351 545 2419 collatum.
580 2349 849 2416 'Cor-ouationem
878 2351 1083 2437 imperialem
1108 2376 1167 2439 per

52 2450 230 2515 Romanurn
254 2451 450 2514 Pontificem
475 2448 613 2534 perinde
637 2447 792 2528 habebat,
827 2459 863 2512 ut
886 2452 1077 2514 unctionem
1101 2474 1167 2538 qua

50 2571 87 2611 ex
110 2571 172 2612 usn
196 2547 239 2612 ab
263 2547 514 2634 archiepiscopo
541 2546 729 2612 Coloniensi
765 2549 798 2611 in
832 2569 943 2631 regem
968 2546 1167 2614 Germaniae

50 2646 315 2728 consecrabatnr3
354 2644 510 2710 videlicet
542 2655 578 2708 ut
614 2647 713 2710 ritum
747 2645 880 2709 honoris
922 2645 1024 2709 debiti
1060 2649 1169 2733 potius

50 2767 143 2830 quam
169 2747 384 2809 necessitatis.
432 2743 631 2828 Pugnabant
654 2743 736 2806 haec
760 2766 838 2807 sane
863 2766 939 2807 curn
964 2745 1169 2831 institutione

50 2855 80 2902 et
94 2845 331 2907 restauratione
344 2844 480 2928 Imperii
496 2841 712 2906 occidentalis
729 2853 761 2904 et
775 2843 858 2904 sacri
875 2865 935 2927 per
947 2842 1093 2907 Leonem
1107 2844 1169 2908 ΙΙΙ.

52 2939 201 3024 Dignitas
225 2953 258 3005 et
281 2952 425 3027 potestas
443 2939 634 3026 imperialis,
660 2953 692 3003 et
707 2941 920 3024 Imperatoris
945 2944 1169 3024 praeeminen-

51 3039 94 3100 tia
117 3041 350 3124 praecaeteris
373 3037 582 3125 principibus
606 3037 805 3119 christianis,
838 3055 955 3102 revera
978 3062 997 3102 a
1021 3039 1169 3104 Romano

52 3133 207 3200 Pontifice
238 3137 479 3220 conferebatur,
508 3159 548 3201 ac
576 3137 646 3200 sine
670 3135 741 3220 ejus
766 3137 965 3218 interventu,
1000 3137 1170 3201 confirma·

54 3235 137 3297 tione
161 3249 192 3298 et
216 3237 473 3317 consecratione,
498 3233 687 3298 nullatenus
710 3235 844 3319 Imperii
864 3233 942 3319 jura
966 3234 1029 3298 sibi
1046 3246 1170 3300 consta-

123 3521 143 3588 ι)
163 3519 193 3570 v.
213 3517 378 3573 mareau.
398 3518 433 3572 11.
453 3518 515 3572 aee.

123 3618 144 3684 ²)
164 3617 280 3671 Exstant
302 3615 433 3683 quaedam
458 3615 589 3683 epistolae
607 3614 738 3670 Frideriei
764 3615 798 3668 ad
823 3614 959 3670 Hillinum
982 3615 1171 3670 trevirensem

58 3694 282 3765 archiepiscopum,
308 3695 406 3750 Hillini
425 3697 459 3749 ad
479 3695 652 3760 indensem,
679 3702 707 3749 et
725 3695 860 3749 Hadriani
880 3695 918 3748 IV
938 3697 972 3749 ad
991 3695 1123 3749 Hillinnm
1142 3701 1172 3749 et

59 3774 168 3844 reliquos
186 3777 346 3831 Germaniae
370 3777 515 3843 praesules,
544 3775 692 3841 exquibus
720 3775 825 3842 aliquot
849 3783 973 3829 auctores
992 3775 1169 3844 collegerunt,

58 3857 108 3918 jam
126 3873 158 3910 eo
175 3863 290 3924 tempore
310 3857 475 3910 Fridericnm
494 3855 632 3910 ecclesiam
652 3854 813 3910 Germaniae
840 3855 1006 3910 nationalem
1035 3859 1062 3910 et
1090 3855 1171 3908 schis-

61 3935 180 3989 natam
197 3937 312 3990 voluisse
337 3937 509 3992 constituere.
547 3935 598 3990 Sed
627 3935 796 4004 argumentis
824 3935 916 3989 solidis
944 3936 1082 4004 probatur,
1110 3934 1172 3990 illae

63 4015 183 4078 quietas
208 4033 263 4071 cem
290 4016 485 4085 supposititias.
523 4015 665 4071 Probabile
689 4023 738 4080 est,
768 4033 813 4071 eas
841 4015 910 4070 nihil
937 4016 1011 4070 eliud
1034 4031 1092 4070 esee
1118 4014 1171 4069 nisi

65 4094 187 4147 exercitia
203 4096 330 4162 quaedam
349 4097 485 4152 litteraria
503 4097 532 4151 in
551 4097 641 4163 aliquo
660 4095 822 4150 monasterio
841 4095 921 4150 medii
940 4096 1001 4150 aevi
1017 4096 1171 4164 composita,

68 4185 131 4234 tw
155 4181 239 4240 postea
265 4177 385 4242 inventa,
410 4177 443 4231 ab
467 4177 572 4243 aliquot
591 4176 657 4230 viris
677 4174 771 4229 habite
789 4175 865 4229 luere
888 4181 920 4229 ut
939 4176 1099 4230 documenta
1125 4193 1171 4245 ge·

70 4249 156 4307 anina
189 4255 238 4311 err.
256 4255 350 4312 Helela
370 4258 397 4312 O.
418 4257 513 4312 Geseh.
533 4256 567 4311 V.
586 4271 629 4324 pp.
650 4255 703 4309 487
722 4271 779 4322 sqq.

991 4345 1029 4399 8*
