2822 4838
306 434 358 488 256
573 433 673 489 XXVI.
691 437 733 491 De
750 436 916 492 Pontificem
936 437 1088 491 Innocentii
1106 437 1158 491 111.

306 575 362 641 iila
385 578 461 660 duo,
492 601 577 665 quae
602 591 741 666 excepta
767 591 852 661 sunt,
886 589 1015 645 constet
1043 601 1114 644 esse
1137 577 1313 666 prohibita
1357 579 1401 642 Ex

306 687 445 740 tremam
468 679 668 760 unctionem,
693 701 778 766 quae
802 681 985 744 maximum
1010 689 1060 743 est
1083 688 1334 758 sacramentum,
1357 698 1401 740 nor

305 773 383 837 licet
406 774 547 856 dare.“¹)

396 917 448 982 36.
495 917 640 1001 Legatus
663 918 876 1003 Apostolicus
909 917 1063 982 omnibus
1091 916 1245 1003 praelatis
1269 917 1329 981 sub
1352 939 1401 1002 poe

306 1015 359 1078 nis
382 1017 505 1078 severis
529 1018 712 1101 praecepit,
745 1028 782 1081 ut
810 1016 1023 1080 interdictum
1055 1025 1297 1101 exequerentur
1320 1025 1350 1078 et
1370 1014 1401 1076 ob

307 1122 486 1192 servarent,
513 1122 545 1177 et
568 1135 623 1176 eos
648 1115 702 1200 qui
730 1136 796 1178 non
812 1113 995 1196 obedirent,
1021 1114 1062 1178 ad
1079 1114 1199 1177 festum
1214 1113 1398 1177 Ascensioni

308 1212 445 1275 Domini
477 1211 634 1294 futurum,
669 1212 710 1276 de
733 1211 962 1278 inobedientia
992 1211 1033 1276 ad
1059 1211 1179 1276 Sedcm
1204 1210 1401 1296 Apostolicau

307 1307 498 1395 appellavit.
537 1310 613 1390 Qua
637 1332 715 1374 vero
738 1313 865 1376 ratione
890 1311 1102 1375 interdictum
1127 1320 1297 1394 receptum
1321 1309 1401 1372 fuerit

307 1409 342 1472 in
367 1404 477 1472 Gestis
503 1409 690 1472 Innocentii
714 1409 766 1472 III
803 1409 894 1473 hisce
930 1409 1086 1472 refertur:
1124 1407 1297 1494 „Receptis
1333 1408 1400 1492 ipim

308 1503 423 1570 litteris
447 1509 512 1595 epus
530 1505 686 1592 (Legati),
711 1507 840 1592 quidem
863 1507 898 1570 in
923 1506 1036 1573 auditu
1061 1507 1150 1569 auria
1174 1505 1302 1569 obedire
1326 1527 1401 1590 corpu

306 1615 391 1681 runt,
409 1635 412 1642 ¹
431 1605 511 1666 sicul
542 1605 688 1667 canonici
711 1603 915 1682 Senoneuses,
939 1603 1132 1667 Parisieusis
1154 1605 1330 1690 ‹piscopua
1367 1599 1401 1662 st

307 1703 512 1780 reuecta-usia,
538 1701 783 1780 Srtessionensis,
808 1702 1042 1777 Amhicnenais,
1066 1700 1298 1783 Atrebatensia,
1323 1711 1401 1784 atqu

308 1799 382 1862 dom
417 1797 487 1878 alii,
527 1802 712 1864 sententiam
746 1799 910 1864 interdicti
939 1799 1078 1880 firmiter
1105 1799 1315 1864 observantes.
1360 1795 1401 1860 At

308 1920 380 1961 vero
405 1897 596 1962 distulerunt
618 1898 783 1962 obseruare
808 1899 1004 1975 sententiam,
1028 1897 1309 1960 neumanensis
1333 1895 1401 1958 ureb

308 1996 482 2080 episcopus,
508 1997 673 2083 episcopus
686 1995 918 2073 Lcudunensis,
945 1995 1214 2074 Noviomenensis,
1231 1993 1401 2058 Autissiodr

306 2092 418 2167 reneis,
442 2092 656 2173 Beluccensis,
682 2095 885 2172 Moriuensis,
911 2093 1095 2170 Melctensis,
1124 2091 1338 2170 Carnotenaia,
1366 2089 1401 2152 Aa

307 2187 507 2269 relianensie,
532 2201 562 2255 et
586 2190 647 2254 alii
661 2192 752 2277 sorte
772 2191 938 2278 perpauci,
962 2192 1092 2253 nuntios
1115 2213 1187 2254 suos
1211 2189 1255 2253 od
1272 2186 1401 2275 Apostoli

308 2310 377 2350 cam
401 2286 511 2356 Sedem
535 2289 738 2368 destinantes,
758 2313 820 2375 per
842 2312 919 2374 quos
941 2289 1097 2375 quaedam
1120 2288 1337 2352 accusationes
1360 2285 1401 2346 liu

297 2381 454 2470 frivolos,
471 2387 745 2473 pr·netendebant,·
776 2387 832 2450 sed
850 2386 1089 2472 promittebant,
1114 2385 1197 2472 quod
1219 2385 1289 2448 illis
1313 2403 1400 2468 cupos

310 2484 359 2560 tis,
384 2485 413 2545 si
427 2484 549 2548 demum
561 2485 703 2571 placeret
718 2507 835 2548 summo
850 2485 1005 2568 Pontifici,
1029 2485 1230 2548 obstruerent
1244 2481 1400 2546 sententiar

308 2581 477 2645 interdicti.
529 2581 592 2656 Qui
622 2583 733 2647 audito
757 2594 928 2669 praecepto
970 2583 1129 2646 lumiliter
1152 2591 1334 2668 paruerunt
1365 2581 1400 2663 (or,

309 2687 404 2763 cepto
442 2680 596 2766 episcopo
621 2679 926 2760 Autissiodorensi).
974 2679 1084 2766 dicque
1122 2690 1189 2743 tota
1227 2689 1316 2741 terra
1349 2697 1399 2760 rep

308 2774 505 2840 Francorum
534 2779 709 2842 arctissimo
734 2790 779 2842 est
802 2779 970 2842 interdicto
995 2775 1151 2858 conclusa,
1183 2777 1231 2840 ita
1254 2787 1290 2840 ut
1314 2775 1399 2858 claust

306 2871 447 2939 ecclesiia
469 2899 622 2961 nusquam
645 2878 680 2940 in
696 2878 885 2940 coemeteriis
910 2875 1117 2961 sepelirentur
1139 2897 1275 2960 corpora
1298 2881 1399 2936 mortu

305 2993 386 3049 rum,
410 2974 486 3057 quin
501 2975 595 3036 etiam
613 2996 707 3060 super
724 2985 841 3038 terram
856 2972 1066 3037 servabantur
1080 2971 1211 3036 ubilibet
1227 2969 1394 3057 insepulto.

397 3124 450 3188 37.
497 3123 535 3188 In
554 3123 754 3209 quibusdam
779 3125 915 3211 quidem
939 3126 1121 3210 provinciis
1144 3122 1322 3187 multitudo
1346 3127 1398 3184 cou

308 3229 398 3284 mota
420 3221 485 3285 fuit
509 3224 606 3286 stira
631 3224 664 3286 in
683 3223 807 3287 clerum
824 3224 960 3287 incensa
984 3221 1025 3286 ob
1041 3221 1273 3302 interdictum
1298 3219 1397 3283 fuerur

305 3319 407 3382 etiam
432 3320 518 3382 inter
534 3320 752 3405 presbyteros,
778 3323 834 3405 qui
860 3321 1073 3384 interdictum
1098 3341 1163 3382 non
1188 3315 1397 3382 observabant

307 3418 366 3483 sed
396 3440 498 3504 quum
529 3420 697 3505 praesules
732 3421 929 3483 sententiam
962 3418 1219 3483 ecclesiasticam
1244 3419 1397 3480 constant

307 3525 487 3598 tuerentur,
513 3520 660 3582 omnium
685 3518 870 3602 indignatio
894 3518 1019 3581 exarsit
1040 3517 1076 3580 in
1091 3514 1285 3600 Philippum
1310 3529 1396 3598 reget

307 3613 340 3678 Is
364 3614 499 3700 quidem
524 3617 618 3679 initio
650 3637 770 3700 magno
795 3615 904 3678 furore
929 3616 1059 3679 saeviit.
1106 3614 1289 3698 Episcopos
1314 3599 1396 3768 emi

305 3713 392 3776 ricos
416 3714 558 3797 punivit,
598 3713 681 3777 alios
704 3714 811 3797 eiecit,
849 3711 932 3776 alios
956 3711 1185 3796 dignitatibus,
1211 3709 1364 3796 proventi

306 3811 466 3897 bonisque
490 3811 655 3896 spoliavit.
701 3809 925 3895 Ingeburgam
948 3811 1080 3874 arctiori
1105 3820 1139 3873 et
1161 3807 1287 3873 duriori
1324 3813 1395 3898 custt

382 4043 401 4176 ¹1)
421 4041 454 4095 V.
480 4042 575 4106 Marsi,
602 4041 666 4095 Colt.
688 4041 768 4096 Cone.
793 4039 823 4093 Τ,
843 4040 933 4094 XXII.
961 4040 1072 4108 p.710;
1097 4054 1139 4107 ap.
1158 4035 1263 4102 Hefelc,
1292 4033 1360 4092 QG
1389 4027 1394 4062 i

302 4127 330 4193 s.
349 4125 411 4176 st.
1393 4123 1394 4148 t

381 4211 402 4282 ²)
422 4211 507 4266 Gesta
525 4227 551 4265 n.
571 4213 613 4266 52¹.
