2822 4838
308 406 361 462 216
575 407 675 462 XXVI.
696 407 735 462 De
752 407 919 462 Pontifiostu
937 407 1089 464 Innocentii
1108 407 1160 462 III.

307 745 477 830 elegerunt
500 746 708 812 Fridericum
727 749 906 834 juniorem.
953 747 1031 814 Otto
1055 748 1104 811 IV
1129 745 1284 811 dehisce
1311 745 1409 810 certio

307 842 424 924 factus,
457 865 544 908 anno
572 845 657 910 1212
681 868 723 910 ex
746 846 843 911 Italia
867 847 902 912 in
926 844 1142 911 Germaniam
1165 844 1371 930 properavit,
1394 865 1409 908 1

307 961 359 1004 res
382 962 458 1005 suas
482 943 677 1011 restitueret.
723 942 853 1008 Bellum
877 942 976 1009 civile
999 944 1120 1008 iterum
1152 943 1296 1022 exarsit3
1331 949 1409 1026 utquj

307 1037 434 1104 Suevos
458 1048 490 1103 11
512 1039 661 1106 Bavaros
684 1041 840 1124 alliceret,
866 1041 944 1109 Otto
968 1053 1048 1106 tnnc
1071 1041 1257 1105 Beatricem
1281 1038 1395 1122 Philip

307 1136 410 1202 filiam
433 1139 468 1202 in
491 1140 740 1223 matrimonium
765 1140 871 1205 duxit.
917 1139 984 1206 Sed
1008 1149 1151 1226 quatuor
1173 1138 1293 1202 diebus
1319 1135 1395 1200 inde

308 1235 433 1320 nuptiis
470 1237 542 1322 ipsa
574 1237 756 1323 improvisa
788 1248 892 1302 morte
923 1238 1088 1301 exstincta
1119 1245 1185 1316 est,
1225 1243 1409 1317 mortemqu

307 1331 402 1396 multi
427 1334 649 1399 attribuerunt
676 1357 815 1418 veneno,
847 1335 937 1422 quod
967 1336 997 1399 ei
1026 1334 1277 1420 propinaverint
1301 1327 1409 1396 Ottoni

309 1429 525 1513 concubinae,
550 1455 632 1518 quas
656 1455 768 1497 secum
793 1455 834 1496 ex
858 1432 956 1498 Italia
978 1430 1175 1496 adduxerat.
1206 1429 1306 1494 Tunc
1331 1426 1409 1502 Suel

247 1511 251 1532 ¹
309 1538 341 1592 et
363 1528 486 1596 Bavari
510 1533 643 1616 penitus
665 1532 708 1597 ab
733 1554 770 1597 eo
795 1541 1009 1597 recesserunt.

1408 1223 1409 1232 ⁴
1398 1062 1409 1194 ᾼῌᾼ-τι

139 1687 298 1728 Frtoerteunss
397 1671 450 1736 25.
497 1673 711 1738 Innocentius
741 1675 809 1756 III,
856 1675 1010 1760 quamvis
1047 1672 1256 1737 Fridericum
1297 1661 1409 1733 Sicilia

198 1760 243 1865 ‘f‘
308 1789 419 1852 regem
448 1769 651 1835 Germaniae
680 1794 818 1857 regnum
850 1782 883 1836 et
919 1773 1101 1857 Imperium
1140 1770 1281 1854 adipisci
1325 1769 1409 1846 minu

307 1865 478 1931 videretur
501 1870 712 1952 conveniens,
736 1879 847 1934 tamen
865 1871 1022 1955 temporis
1036 1865 1291 1932 necessitatibus
1317 1863 1409 1954 cedet

309 1962 387 2027 dum
413 1968 550 2046 censuit,
575 1967 788 2054 consiliisque
810 1970 999 2053 principum
1015 1968 1142 2030 annuit.
1173 1965 1409 2030 Promissionet

308 2082 387 2127 vero
411 2063 602 2128 Fridericus
626 2068 744 2144 emisit,
772 2066 842 2130 fore
866 2076 903 2130 ut
926 2065 1013 2129 filius
1037 2065 1107 2150 ejus
1130 2063 1311 2142 Hannone,
1337 2067 1409 2146 quer]

308 2162 343 2223 in
366 2183 477 2246 regem
502 2162 635 2228 Siciliae
659 2167 809 2229 coronari
834 2165 921 2245 fecit,
955 2163 1018 2228 boc
1042 2183 1181 2245 regnum
1215 2159 1305 2224 solus
1336 2157 1409 2242 possl

308 2259 401 2323 deret
430 2272 503 2344 post
527 2263 631 2347 Ipsius
654 2263 690 2326 in
713 2264 950 2348 Imperatorem
980 2263 1197 2326 evectionem.
1244 2258 1339 2322 Dein
1364 2249 1409 2318 Fri

308 2357 448 2438 doricus,
473 2359 515 2423 ab
539 2361 734 2424 Innocentio
751 2362 802 2423 III
827 2362 927 2424 etiam
951 2361 1168 2445 pecuniarum
1193 2355 1355 2421 subsidiis
1377 2376 1394 2415 a

301 2455 406 2541 jutus,
431 2458 466 2520 In
482 2457 697 2522 Germaniam
721 2459 896 2544 profectus,
921 2459 957 2522 in
981 2459 1123 2522 comitiis
1140 2453 1353 2519 Francofurti
1378 2451 1409 2513 do

309 2553 347 2617 20
362 2554 559 2621 Decembris
582 2557 766 2621 1111111212
789 2556 912 2620 habitis
937 2567 973 2620 ut
996 2577 1056 2619 rex
1080 2554 1306 2633 confirmatus,
1333 2545 1409 2616 111111

309 2662 423 2717 contra
447 2653 603 2720 Ottonem
627 2677 782 2741 prospero
807 2654 913 2718 Marte
937 2655 1110 2740 pugnavit,
1145 2671 1289 2736 eumque
1315 2635 1409 2730 coegil

308 2761 345 2815 ut
368 2751 410 2815 ab
435 2753 589 2816 omnibus
612 2753 788 2817 derelictus
812 2753 847 2816 in
866 2761 968 2816 terras
983 2775 1058 2816 suas
1074 2751 1341 2816 Brunsvicenses
1364 2757 1409 2840 sas

308 2852 479 2935 reciperet.
509 2851 698 2915 Fridericus
715 2851 749 2915 Il
750 2861 945 2937 ‚postquam
962 2849 1194 2936 spopondisset
1199 2841 1409 2933 jurejurando

310 2971 344 3012 se
360 2949 528 3014 Romanae
544 2948 729 3014 ecclesiae
714 2973 793 3036 Jura
810 2959 842 3012 et
858 2951 1089 3036 possessiones,
1115 2966 1286 3012 sacrarum
1303 2941 1409 3008 electi

309 3070 389 3112 num
414 3047 600 3124 libertatem
624 3048 756 3134 aliaque
779 3047 1042 3112 ecclesiastica
1028 3070 1106 3133 Jura
1140 3045 1367 3117 defensurum

310 3169 354 3228 sc,
380 3149 523 3233 Imperio
540 3149 692 3260 potitum,
718 3169 856 3230 regnum
873 3147 1008 3214 Siciliae
1032 3145 1247 3210 dimissurum
1272 3113 1409 3217 1111111

310 3245 475 3310 2110111111
505 3249 583 3310 anui
613 3247 696 3310 1215
721 3246 924 3332 Aquisgrani
957 3267 1015 3308 rex
1040 3243 1266 3306 Romanorum
1299 3243 1409 3301 corona

309 3355 361 3408 tus
394 3352 451 3409 est.
499 3347 694 3410 Innocentio
718 3345 780 3426 III,
819 3365 919 3430 quem
942 3353 979 3407 ut
1002 3363 1098 3406 suum
1122 3337 1409 3404 benefactoremt

309 3451 527 3554 protectorem
556 3441 767 3527 agnoscebat,
798 3463 926 3504 summa
950 3441 1154 3504 reverentiae
1178 3445 1211 3500 et
1234 3425 1409 3498 concordia

309 3540 404 3624 signa
427 3550 459 3604 11
483 3540 682 3604 documenta
706 3539 869 3603 exhibuit.
1306 3550 1310 3558 “

1400 2445 1409 2464 -ᾼ
1396 2335 1409 2430 42.-st

400 3695 452 3760 26.
500 3693 577 3759 Otto
601 3693 650 3756 IV
680 3712 768 3772 vero,
799 3691 919 3753 amisso
944 3711 1044 3773 regno
1069 3698 1102 3752 11
1123 3686 1279 3772 Imperio,
1319 3663 1409 3769 pauci

310 3799 438 3856 tantum
469 3793 566 3855 annis
599 3791 633 3854 in
662 3789 793 3854 allodiis
824 3789 891 3852 suis
916 3789 1011 3869 vixit,
1047 3786 1160 3872 ibique
1189 3783 1285 3848 dial
1270 3785 1330 3848 19⁰
1353 3780 1400 3844 Ma

311 3891 390 3953 anni
417 3889 503 3953 1218
528 3889 610 3953 obiit
634 3888 804 3971 inglorius,
830 3885 888 3954 sed
911 3885 1117 3970 poenitentia
1140 3883 1298 3969 praestita
1323 3869 1409 3944 Eccl

311 3989 379 4052 siae
411 3986 652 4051 reconciliatus.
700 3986 752 4049 De
786 3993 890 4049 morte
914 3984 984 4069 ejus
1016 3983 1129 4046 variae
1153 3989 1231 4045 sunt
1257 3978 1409 4042 relationcl

312 4087 346 4151 in
371 4108 409 4151 eo
434 4086 680 4162 convenientes,
705 4082 795 4169 quod
819 4082 1056 4168 poenitentiam
1081 4080 1186 4163 egerit
1208 4087 1242 4141 et
1264 4059 1409 4152 Ecclesial

310 4206 370 4270 per
385 4182 575 4248 Conradum
590 4181 834 4246 Hildesiensem
860 4182 1052 4265 episcopum
1068 4175 1302 4241 reconciliatus
1325 4169 1409 4264 luerit
