2858 4834
364 455 451 511 Gesta
468 457 556 523 quood
574 457 728 526 Imperium,
1061 457 1114 512 233

32 599 167 664 analium
197 621 236 664 ac
267 599 357 681 finis,
389 609 426 663 ut
453 599 654 666 Germaniae
685 621 826 688 regnum
855 599 1115 667 haereditarium

31 697 153 778 redderet,
183 720 223 762 ac
254 696 332 762 dein
364 707 466 762 totam
498 698 641 782 Italiam,
666 698 857 786 Imperium
892 720 1049 784 graecum
1083 707 1116 761 et

29 794 126 878 Syriam
147 795 291 882 Imperio
320 817 380 860 suo
408 796 615 882 adjungeret.
663 795 702 861 Id
731 806 861 862 tantum
884 797 1047 879 obtinuit,
1080 803 1117 859 ut

27 893 72 957 ilic
90 894 325 960 squriderico
350 905 501 959 recenter
525 903 602 960 nato
628 894 829 959 Germaniae
855 895 1022 979 principes
1045 915 1116 958 suc·

27 993 172 1056 saionem
196 995 233 1057 in
256 1012 360 1076 regno
383 1002 577 1058 assererent.
606 993 656 1058 Ne
673 991 831 1057 ulteriora
853 1001 1116 1078 prosequeretur,

25 1103 200 1174 praematura
223 1101 329 1156 morte
353 1090 533 1177 impeditus
556 1100 614 1158 est.
662 1092 838 1176 Inopinate
862 1092 951 1154 enim
973 1091 1117 1175 Impera·

25 1285 61 1348 dic
79 1287 130 1351 28⁰
143 1285 350 1376 Septembris
372 1287 451 1350 anni
478 1287 574 1352 1197.
603 1286 693 1351 Ante
718 1295 856 1350 mortem
881 1287 1118 1371 poenitentiam

23 1385 77 1466 egit
96 1393 189 1470 atque
214 1384 399 1466 mandavit,
433 1395 470 1449 ut
492 1393 652 1449 extortam
680 1383 823 1469 Angliae
846 1385 916 1470 regi
941 1383 1119 1469 pecuniam

23 1483 173 1546 nsdtueret
204 1481 398 1546 Fridericus
430 1480 528 1564 filius,
567 1484 661 1568 isque
699 1483 799 1546 etiam
827 1481 906 1567 jura
937 1503 958 1545 a
984 1480 1119 1566 regibus

23 1575 125 1643 Siciliae
153 1579 235 1646 Sedi
266 1578 479 1665 Apostolicae
515 1578 628 1644 debita
658 1579 737 1645 huic
761 1579 931 1646 tribueret.
978 1579 1049 1643 Nec
1072 1600 1119 1644 se·

23 1675 124 1758 pultum
146 1677 375 1741 ecclesiastica
398 1675 595 1762 Imperatori
619 1699 777 1742 concessa
800 1686 859 1760 est,
893 1677 1000 1742 donec
1024 1697 1120 1762 pecu·

24 1773 128 1838 cirilla
149 1775 285 1838 reddita
308 1774 418 1839 fuerit.
442 1811 486 1820 -
509 1775 610 1838 Brevi
635 1784 718 1859 post,
745 1774 902 1839 videlicet
926 1774 981 1838 die
1004 1775 1041 1840 8⁰
1065 1774 1120 1839 Ja-

21 1875 102 1936 nuarii
126 1872 227 1954 1198,
268 1873 369 1936 etiam
403 1869 610 1936 Coelestinus
640 1871 702 1954 III,
737 1894 840 1958 quum
874 1874 1057 1956 nonaginta
1088 1880 1121 1935 et

21 1965 82 2031 duos
101 1992 203 2034 annos
229 1968 379 2052 haberet,
404 1969 609 2034 obdormivit
632 1971 667 2033 in
690 1970 847 2035 Domino.

86 2121 112 2185 7.
134 2123 323 2206 Permagna
348 2143 426 2185 sane
450 2119 599 2206 pericula
615 2120 786 2186 Ecclesiae
810 2122 1066 2201 imminuissent,
1092 2113 1291 2224 sitffiffib

20 2213 200 2284 diuturniore
225 2233 375 2307 tempore
396 2219 561 2284 Henricus
576 2219 625 2284 VI
649 2220 832 2306 Imperium
857 2220 1026 2284 tenuisset.
1059 2217 1122 2282 Vir
1191 2239 1237 2278 nr.

9 2327 72 2377 ¹erat
92 2317 221 2386 dolosus
247 2327 280 2383 et
303 2317 477 2400 violentus,
511 2319 568 2404 qui
594 2318 713 2382 mediis
737 2321 837 2382 etiam
862 2317 1121 2402 perversissimis

20 2411 159 2496 utebatur,
184 2426 223 2480 ut
243 2437 382 2502 scopum
406 2437 503 2480 suum
528 2417 721 2501 attingeret;
746 2416 1049 2503 Imperatoremque
1069 2415 1122 2500 ju-

21 2515 139 2576 ventutis
161 2514 283 2578 robore
307 2515 476 2598 vigentem
510 2513 575 2578 duo
603 2512 772 2601 juvabant
801 2515 919 2579 fratres
950 2514 1120 2578 fortissimi

21 2601 167 2676 Conradua
196 2622 231 2676 et
255 2611 431 2697 Philippus
464 2610 575 2677 duces.
630 2610 744 2697 Impar
767 2611 944 2676 videbatur
968 2611 1122 2676 Coelesti·

21 2723 65 2766 nus
83 2707 130 2772 III
153 2732 270 2791 senex,
295 2720 331 2773 ut
355 2708 446 2773 hisce
469 2711 644 2774 resisteret.
691 2709 769 2775 Jam
788 2709 959 2774 Pontificio
982 2711 1121 2774 auctori-

23 2816 57 2864 tas
76 2807 255 2890 spiritualis
277 2806 501 2893 prohibitione
524 2808 795 2893 appellationum,
828 2807 1018 2894 temporalis
1042 2828 1120 2871 vero

20 2897 214 2986 denegatione
243 2905 390 2991 homagii
420 2927 479 2991 pro
504 2904 628 2988 Sicilia,
660 2905 801 2992 aliisque
824 2908 930 2986 vexis,
959 2905 1121 2992 periclita-

21 2993 124 3068 lsntur.
154 3003 284 3069 Romae
307 3005 515 3090 principatus
540 3003 650 3069 civilis
674 3006 794 3068 iterum
820 3005 925 3089 magis
950 3005 1121 3090 magisque

20 3100 203 3182 concidebat,
229 3117 263 3166 et
286 3100 480 3165 monarchia
504 3101 702 3167 universalis
719 3101 932 3188 Imperatoris
948 3100 1050 3166 Suevi
1075 3103 1121 3165 in-

19 3205 83 3258 aure
106 3197 295 3265 videbatur.
342 3199 408 3266 Sed
433 3209 536 3264 morte
560 3200 699 3265 Henrici
724 3200 776 3263 VI
800 3211 899 3286 atque
923 3199 1016 3264 obitu
1042 3197 1121 3263 Coe-

20 3285 104 3359 lestini
127 3297 178 3362 III
203 3319 388 3384 permagna
410 3297 544 3379 accidit,
577 3298 775 3384 disponente
808 3298 1021 3384 providentia
1044 3299 1120 3376 Dei,

20 3397 132 3458 nuntio
147 3419 273 3461 rerum.
313 3396 433 3462 Sedem
447 3397 673 3482 Apostolicam
688 3397 839 3462 ascendit
854 3397 1056 3461 Innocentius
1070 3396 1125 3459 III

21 3485 134 3574 insignis
157 3492 259 3580 plane
284 3497 369 3558 inter
392 3497 541 3558 omniurn
557 3504 744 3580 temporum
762 3495 949 3576 Pontifices,
975 3493 1121 3579 dumque

21 3589 193 3658 universalis
226 3591 399 3658 Ecclesiae
429 3594 539 3657 unitas
563 3593 659 3657 firma
682 3591 950 3678 splendidissime
974 3591 1120 3669 emicuit,

21 3687 150 3770 pericula,
175 3713 264 3778 quae
289 3713 331 3755 ex
355 3700 447 3776 parte
470 3691 606 3776 Imperii
631 3693 785 3776 ingruere
809 3689 1020 3770 videbantur,
1053 3687 1122 3751 fere

22 3799 213 3871 evanuerunt,
252 3811 355 3876 quum
387 3788 553 3853 discordia
588 3801 621 3852 et
652 3791 811 3853 scissione
838 3789 925 3852 inter
954 3788 1122 3873 principes

23 3893 81 3960 lde,
110 3889 243 3952 nonnisi
273 3910 334 3974 per
364 3885 561 3950 Pontificem
595 3888 700 3972 ipsius
728 3887 865 3972 Imperii
904 3884 1059 3971 splendor
1090 3893 1123 3949 et

24 3985 173 4049 auctoritas
197 3985 390 4050 conservari
413 3996 555 4070 possent.

89 4125 116 4190 8.
138 4128 356 4193 Innocentius
369 4127 431 4208 III,
456 4126 635 4191 Letharius
649 4135 747 4190 antea
761 4125 881 4207 dictus,
906 4125 1121 4190 Trasimundi

26 4211 133 4302 Signiae
149 4223 290 4292 Comitis
314 4225 412 4308 lilius,
436 4226 489 4288 vir
506 4226 612 4290 omnis
636 4224 744 4289 divini
760 4233 861 4309 atque
877 4222 1015 4292 humani
1035 4224 1122 4310 juris
