<?xml version="1.0" encoding="UTF-8"?>
<!DOCTYPE html PUBLIC "-//W3C//DTD XHTML 1.0 Transitional//EN"
    "http://www.w3.org/TR/xhtml1/DTD/xhtml1-transitional.dtd">
<html xmlns="http://www.w3.org/1999/xhtml" xml:lang="en" lang="en">
 <head>
  <title>
</title>
<meta http-equiv="Content-Type" content="text/html;charset=utf-8" />
  <meta name='ocr-system' content='tesseract 3.04.00' />
  <meta name='ocr-capabilities' content='ocr_page ocr_carea ocr_par ocr_line ocrx_word'/>
</head>
<body>
  <div class='ocr_page' id='page_1' title='image "./dissertationess00junggoog_0973.png"; bbox 0 0 2964 4838; ppageno 0'>
   <div class='ocr_carea' id='block_1_1' title="bbox 288 427 1234 500">
    <p class='ocr_par' dir='ltr' id='par_1_1' title="bbox 288 427 1234 500">
     <span class='ocr_line' id='line_1_1' title="bbox 288 427 1234 500; baseline 0.005 -19"><span class='ocrx_word' id='word_1_1' title='bbox 288 427 343 482; x_wconf 84' lang='lat'><strong>440</strong></span> <span class='ocrx_word' id='word_1_2' title='bbox 468 428 594 486; x_wconf 82' lang='lat' dir='ltr'>XXXVI.</span> <span class='ocrx_word' id='word_1_3' title='bbox 621 429 661 483; x_wconf 88' lang='lat' dir='ltr'><strong>De</strong></span> <span class='ocrx_word' id='word_1_4' title='bbox 679 433 754 483; x_wconf 87' lang='lat' dir='ltr'><strong>statu</strong></span> <span class='ocrx_word' id='word_1_5' title='bbox 775 429 911 484; x_wconf 70' lang='lat' dir='ltr'><strong>Ecclesiae</strong></span> <span class='ocrx_word' id='word_1_6' title='bbox 930 437 1062 500; x_wconf 75' lang='lat' dir='ltr'><strong>vergente</strong></span> <span class='ocrx_word' id='word_1_7' title='bbox 1080 431 1154 486; x_wconf 81' lang='lat' dir='ltr'><strong>Sacc.</strong></span> <span class='ocrx_word' id='word_1_8' title='bbox 1174 431 1234 486; x_wconf 77' lang='lat' dir='ltr'><strong>XV.</strong></span> 
     </span>
    </p>
   </div>
   <div class='ocr_carea' id='block_1_2' title="bbox 138 570 1477 1151">
    <p class='ocr_par' dir='ltr' id='par_1_2' title="bbox 138 570 1477 1151">
     <span class='ocr_line' id='line_1_2' title="bbox 138 570 1407 659; baseline 0.006 -27"><span class='ocrx_word' id='word_1_9' title='bbox 138 573 147 610; x_wconf 89' lang='lat'>¹</span> <span class='ocrx_word' id='word_1_10' title='bbox 151 582 238 612; x_wconf 60' lang='lat'><strong>⁰⁰⁰⁰⁰</strong></span> <span class='ocrx_word' id='word_1_11' title='bbox 239 571 266 610; x_wconf 68' lang='lat'><strong>¹³¹</strong></span> <span class='ocrx_word' id='word_1_12' title='bbox 290 570 401 635; x_wconf 89' lang='lat' dir='ltr'><strong>estad</strong></span> <span class='ocrx_word' id='word_1_13' title='bbox 426 571 659 636; x_wconf 90' lang='lat' dir='ltr'><strong>Innocentium</strong></span> <span class='ocrx_word' id='word_1_14' title='bbox 684 573 781 652; x_wconf 89' lang='lat' dir='ltr'><strong>VIII,</strong></span> <span class='ocrx_word' id='word_1_15' title='bbox 813 575 869 659; x_wconf 92' lang='lat' dir='ltr'><strong>qui</strong></span> <span class='ocrx_word' id='word_1_16' title='bbox 904 595 979 638; x_wconf 91' lang='lat' dir='ltr'><strong>eum</strong></span> <span class='ocrx_word' id='word_1_17' title='bbox 1004 573 1187 638; x_wconf 88' lang='lat' dir='ltr'><strong>honorifice</strong></span> <span class='ocrx_word' id='word_1_18' title='bbox 1210 575 1334 639; x_wconf 60' lang='lat' dir='ltr'><strong>&amp;mae</strong></span> <span class='ocrx_word' id='word_1_19' title='bbox 1357 575 1407 640; x_wconf 89' lang='lat' dir='ltr'><strong>de·</strong></span> 
     </span>
     <span class='ocr_line' id='line_1_3' title="bbox 232 664 1407 758; baseline 0.005 -28"><span class='ocrx_word' id='word_1_20' title='bbox 232 664 237 674; x_wconf 85' lang='lat'>&#39;</span> <span class='ocrx_word' id='word_1_21' title='bbox 287 667 397 732; x_wconf 89' lang='lat' dir='ltr'><strong>tinuit.</strong></span> <span class='ocrx_word' id='word_1_22' title='bbox 444 669 527 733; x_wconf 90' lang='lat' dir='ltr'><strong>Inde</strong></span> <span class='ocrx_word' id='word_1_23' title='bbox 551 671 675 735; x_wconf 84' lang='lat' dir='ltr'><strong>facturn</strong></span> <span class='ocrx_word' id='word_1_24' title='bbox 699 680 748 735; x_wconf 88' lang='lat' dir='ltr'><strong>est</strong></span> <span class='ocrx_word' id='word_1_25' title='bbox 772 681 808 734; x_wconf 92' lang='lat' dir='ltr'><strong>ut</strong></span> <span class='ocrx_word' id='word_1_26' title='bbox 831 671 967 758; x_wconf 84' lang='lat' dir='ltr'><strong>Bajaaet</strong></span> <span class='ocrx_word' id='word_1_27' title='bbox 996 682 1111 756; x_wconf 84' lang='lat' dir='ltr'><strong>ageret</strong></span> <span class='ocrx_word' id='word_1_28' title='bbox 1136 693 1214 736; x_wconf 91' lang='lat' dir='ltr'><strong>cum</strong></span> <span class='ocrx_word' id='word_1_29' title='bbox 1238 673 1407 745; x_wconf 82' lang='lat' dir='ltr'><strong>Pontifice,</strong></span> 
     </span>
     <span class='ocr_line' id='line_1_4' title="bbox 287 766 1477 855; baseline 0 -25"><span class='ocrx_word' id='word_1_30' title='bbox 287 785 330 830; x_wconf 89' lang='lat' dir='ltr'><strong>ne</strong></span> <span class='ocrx_word' id='word_1_31' title='bbox 352 787 428 829; x_wconf 90' lang='lat' dir='ltr'><strong>eum</strong></span> <span class='ocrx_word' id='word_1_32' title='bbox 453 766 635 832; x_wconf 89' lang='lat' dir='ltr'><strong>dimitteret</strong></span> <span class='ocrx_word' id='word_1_33' title='bbox 656 767 699 832; x_wconf 90' lang='lat' dir='ltr'><strong>ad</strong></span> <span class='ocrx_word' id='word_1_34' title='bbox 722 769 837 832; x_wconf 90' lang='lat' dir='ltr'><strong>turbas</strong></span> <span class='ocrx_word' id='word_1_35' title='bbox 860 772 894 834; x_wconf 89' lang='lat' dir='ltr'><strong>in</strong></span> <span class='ocrx_word' id='word_1_36' title='bbox 908 771 1047 855; x_wconf 89' lang='lat' dir='ltr'><strong>imperio</strong></span> <span class='ocrx_word' id='word_1_37' title='bbox 1060 769 1247 835; x_wconf 71' lang='lat' dir='ltr'><strong>&#39;furcarum</strong></span> <span class='ocrx_word' id='word_1_38' title='bbox 1264 773 1408 835; x_wconf 86' lang='lat' dir='ltr'><strong>excitan·</strong></span> <span class='ocrx_word' id='word_1_39' title='bbox 1476 809 1477 830; x_wconf 49' lang='lat' dir='ltr'><strong>r</strong></span> 
     </span>
     <span class='ocr_line' id='line_1_5' title="bbox 287 863 1411 953; baseline 0.005 -27"><span class='ocrx_word' id='word_1_40' title='bbox 287 863 357 944; x_wconf 89' lang='lat' dir='ltr'><strong>das,</strong></span> <span class='ocrx_word' id='word_1_41' title='bbox 382 873 414 928; x_wconf 89' lang='lat' dir='ltr'><strong>et</strong></span> <span class='ocrx_word' id='word_1_42' title='bbox 435 874 507 929; x_wconf 90' lang='lat' dir='ltr'><strong>tum</strong></span> <span class='ocrx_word' id='word_1_43' title='bbox 531 868 641 930; x_wconf 89' lang='lat' dir='ltr'><strong>varias</strong></span> <span class='ocrx_word' id='word_1_44' title='bbox 664 887 774 930; x_wconf 90' lang='lat' dir='ltr'><strong>sacras</strong></span> <span class='ocrx_word' id='word_1_45' title='bbox 797 865 953 953; x_wconf 79' lang='lat' dir='ltr'><strong>reliquias</strong></span> <span class='ocrx_word' id='word_1_46' title='bbox 976 867 1131 950; x_wconf 83' lang='lat' dir='ltr'><strong>traderet,</strong></span> <span class='ocrx_word' id='word_1_47' title='bbox 1156 879 1226 932; x_wconf 89' lang='lat' dir='ltr'><strong>tum</strong></span> <span class='ocrx_word' id='word_1_48' title='bbox 1251 871 1411 953; x_wconf 74' lang='lat' dir='ltr'><strong>pecunias</strong></span> 
     </span>
     <span class='ocr_line' id='line_1_6' title="bbox 286 960 1412 1050; baseline 0.004 -26"><span class='ocrx_word' id='word_1_49' title='bbox 286 960 438 1028; x_wconf 88' lang='lat' dir='ltr'><strong>solveret.</strong></span> <span class='ocrx_word' id='word_1_50' title='bbox 484 963 667 1049; x_wconf 87' lang='lat' dir='ltr'><strong>Displicuit</strong></span> <span class='ocrx_word' id='word_1_51' title='bbox 696 963 874 1050; x_wconf 75' lang='lat' dir='ltr'>aliquibus,</span> <span class='ocrx_word' id='word_1_52' title='bbox 906 964 995 1050; x_wconf 91' lang='lat' dir='ltr'><strong>quod</strong></span> <span class='ocrx_word' id='word_1_53' title='bbox 1019 965 1102 1030; x_wconf 89' lang='lat' dir='ltr'><strong>tales</strong></span> <span class='ocrx_word' id='word_1_54' title='bbox 1125 965 1303 1030; x_wconf 75' lang='lat' dir='ltr'><strong>relationes</strong></span> <span class='ocrx_word' id='word_1_55' title='bbox 1325 969 1412 1031; x_wconf 82' lang='lat' dir='ltr'><strong>inter</strong></span> 
     </span>
     <span class='ocr_line' id='line_1_7' title="bbox 287 1057 1412 1151; baseline 0.005 -29"><span class='ocrx_word' id='word_1_56' title='bbox 287 1057 462 1125; x_wconf 88' lang='lat' dir='ltr'><strong>Sultanum</strong></span> <span class='ocrx_word' id='word_1_57' title='bbox 495 1072 528 1124; x_wconf 90' lang='lat' dir='ltr'><strong>et</strong></span> <span class='ocrx_word' id='word_1_58' title='bbox 559 1061 755 1126; x_wconf 88' lang='lat' dir='ltr'><strong>Pontificem</strong></span> <span class='ocrx_word' id='word_1_59' title='bbox 789 1063 985 1136; x_wconf 78' lang='lat' dir='ltr'><strong>existerent:</strong></span> <span class='ocrx_word' id='word_1_60' title='bbox 1017 1062 1076 1126; x_wconf 90' lang='lat' dir='ltr'><strong>sed</strong></span> <span class='ocrx_word' id='word_1_61' title='bbox 1108 1085 1212 1149; x_wconf 90' lang='lat' dir='ltr'><strong>quum</strong></span> <span class='ocrx_word' id='word_1_62' title='bbox 1245 1087 1289 1128; x_wconf 84' lang='lat' dir='ltr'><strong>ex</strong></span> <span class='ocrx_word' id='word_1_63' title='bbox 1312 1065 1412 1151; x_wconf 79' lang='lat' dir='ltr'><strong>culpa</strong></span> 
     </span>
    </p>
   </div>
   <div class='ocr_carea' id='block_1_3' title="bbox 167 639 230 684">
    <p class='ocr_par' dir='ltr' id='par_1_3' title="bbox 167 639 230 684">
     <span class='ocr_line' id='line_1_8' title="bbox 167 639 230 684; baseline 0.016 -10"><span class='ocrx_word' id='word_1_64' title='bbox 167 639 230 684; x_wconf 75' lang='lat' dir='ltr'><strong>gesta</strong></span> 
     </span>
    </p>
   </div>
   <div class='ocr_carea' id='block_1_4' title="bbox 275 1157 1478 4283">
    <p class='ocr_par' dir='ltr' id='par_1_4' title="bbox 275 1157 1478 3874">
     <span class='ocr_line' id='line_1_9' title="bbox 286 1157 1478 1246; baseline 0.006 -26"><span class='ocrx_word' id='word_1_65' title='bbox 286 1158 474 1243; x_wconf 80' lang='lat' dir='ltr'><strong>principum</strong></span> <span class='ocrx_word' id='word_1_66' title='bbox 500 1157 623 1224; x_wconf 90' lang='lat' dir='ltr'><strong>bellum</strong></span> <span class='ocrx_word' id='word_1_67' title='bbox 647 1181 722 1222; x_wconf 91' lang='lat' dir='ltr'><strong>cum</strong></span> <span class='ocrx_word' id='word_1_68' title='bbox 747 1161 861 1242; x_wconf 87' lang='lat' dir='ltr'><strong>vigore</strong></span> <span class='ocrx_word' id='word_1_69' title='bbox 885 1162 954 1242; x_wconf 84' lang='lat' dir='ltr'><strong>geri</strong></span> <span class='ocrx_word' id='word_1_70' title='bbox 978 1181 1045 1223; x_wconf 93' lang='lat' dir='ltr'><strong>non</strong></span> <span class='ocrx_word' id='word_1_71' title='bbox 1070 1173 1190 1246; x_wconf 87' lang='lat' dir='ltr'><strong>posset,</strong></span> <span class='ocrx_word' id='word_1_72' title='bbox 1214 1183 1278 1226; x_wconf 87' lang='lat' dir='ltr'><strong>non</strong></span> <span class='ocrx_word' id='word_1_73' title='bbox 1297 1165 1413 1226; x_wconf 87' lang='lat' dir='ltr'><strong>imme·</strong></span> <span class='ocrx_word' id='word_1_74' title='bbox 1477 1177 1478 1184; x_wconf 74' lang='grc'>’</span> 
     </span>
     <span class='ocr_line' id='line_1_10' title="bbox 286 1256 1411 1344; baseline 0.004 -24"><span class='ocrx_word' id='word_1_75' title='bbox 286 1257 347 1320; x_wconf 87' lang='lat' dir='ltr'><strong>rito</strong></span> <span class='ocrx_word' id='word_1_76' title='bbox 379 1279 419 1322; x_wconf 89' lang='lat' dir='ltr'><strong>ea</strong></span> <span class='ocrx_word' id='word_1_77' title='bbox 441 1256 557 1321; x_wconf 88' lang='lat' dir='ltr'><strong>saltem</strong></span> <span class='ocrx_word' id='word_1_78' title='bbox 582 1257 757 1322; x_wconf 86' lang='lat' dir='ltr'><strong>commoda</strong></span> <span class='ocrx_word' id='word_1_79' title='bbox 780 1257 994 1322; x_wconf 79' lang='lat' dir='ltr'><strong>Innocentius</strong></span> <span class='ocrx_word' id='word_1_80' title='bbox 1027 1261 1202 1344; x_wconf 89' lang='lat' dir='ltr'><strong>quaesivit,</strong></span> <span class='ocrx_word' id='word_1_81' title='bbox 1234 1281 1274 1324; x_wconf 87' lang='lat' dir='ltr'><strong>ac</strong></span> <span class='ocrx_word' id='word_1_82' title='bbox 1303 1263 1411 1324; x_wconf 88' lang='lat' dir='ltr'><strong>otium</strong></span> 
     </span>
     <span class='ocr_line' id='line_1_11' title="bbox 287 1353 1413 1442; baseline 0.004 -25"><span class='ocrx_word' id='word_1_83' title='bbox 287 1353 453 1440; x_wconf 78' lang='lat' dir='ltr'><strong>quoddam</strong></span> <span class='ocrx_word' id='word_1_84' title='bbox 486 1354 638 1439; x_wconf 89' lang='lat' dir='ltr'><strong>pluribus</strong></span> <span class='ocrx_word' id='word_1_85' title='bbox 668 1355 859 1440; x_wconf 85' lang='lat' dir='ltr'><strong>regionibus</strong></span> <span class='ocrx_word' id='word_1_86' title='bbox 889 1355 1079 1420; x_wconf 88' lang='lat' dir='ltr'><strong>christianis</strong></span> <span class='ocrx_word' id='word_1_87' title='bbox 1102 1377 1122 1422; x_wconf 91' lang='lat' dir='ltr'><strong>a</strong></span> <span class='ocrx_word' id='word_1_88' title='bbox 1146 1358 1332 1422; x_wconf 83' lang='lat' dir='ltr'><strong>Turearum</strong></span> <span class='ocrx_word' id='word_1_89' title='bbox 1358 1381 1413 1442; x_wconf 83' lang='lat' dir='ltr'><strong>ag·</strong></span> 
     </span>
     <span class='ocr_line' id='line_1_12' title="bbox 284 1451 1411 1537; baseline 0.004 -22"><span class='ocrx_word' id='word_1_90' title='bbox 284 1452 453 1536; x_wconf 81' lang='lat' dir='ltr'><strong>gressione</strong></span> <span class='ocrx_word' id='word_1_91' title='bbox 484 1455 685 1537; x_wconf 80' lang='lat' dir='ltr'><strong>procuravit.</strong></span> <span class='ocrx_word' id='word_1_92' title='bbox 732 1453 819 1517; x_wconf 85' lang='lat' dir='ltr'><strong>Acre</strong></span> <span class='ocrx_word' id='word_1_93' title='bbox 851 1451 972 1517; x_wconf 89' lang='lat' dir='ltr'><strong>bellum</strong></span> <span class='ocrx_word' id='word_1_94' title='bbox 1006 1452 1126 1518; x_wconf 86' lang='lat' dir='ltr'><strong>habuit</strong></span> <span class='ocrx_word' id='word_1_95' title='bbox 1147 1455 1303 1520; x_wconf 85' lang='lat' dir='ltr'><strong>Pontifex</strong></span> <span class='ocrx_word' id='word_1_96' title='bbox 1333 1477 1411 1520; x_wconf 84' lang='lat' dir='ltr'><strong>cunr</strong></span> 
     </span>
     <span class='ocr_line' id='line_1_13' title="bbox 286 1549 1410 1637; baseline 0.003 -24"><span class='ocrx_word' id='word_1_97' title='bbox 286 1549 499 1615; x_wconf 79' lang='lat' dir='ltr'><strong>Perdinando</strong></span> <span class='ocrx_word' id='word_1_98' title='bbox 512 1573 588 1635; x_wconf 87' lang='lat' dir='ltr'><strong>rege</strong></span> <span class='ocrx_word' id='word_1_99' title='bbox 604 1550 770 1636; x_wconf 77' lang='lat' dir='ltr'><strong>Neapolis,</strong></span> <span class='ocrx_word' id='word_1_100' title='bbox 783 1551 839 1637; x_wconf 90' lang='lat' dir='ltr'><strong>qui</strong></span> <span class='ocrx_word' id='word_1_101' title='bbox 857 1552 891 1614; x_wconf 89' lang='lat' dir='ltr'><strong>in</strong></span> <span class='ocrx_word' id='word_1_102' title='bbox 906 1571 1007 1636; x_wconf 86' lang='lat' dir='ltr'><strong>regno</strong></span> <span class='ocrx_word' id='word_1_103' title='bbox 1024 1572 1094 1631; x_wconf 89' lang='lat' dir='ltr'><strong>suo,</strong></span> <span class='ocrx_word' id='word_1_104' title='bbox 1110 1551 1282 1617; x_wconf 85' lang='lat' dir='ltr'><strong>Pontificis</strong></span> <span class='ocrx_word' id='word_1_105' title='bbox 1295 1553 1410 1625; x_wconf 73' lang='lat' dir='ltr'><strong>feudo.</strong></span> 
     </span>
     <span class='ocr_line' id='line_1_14' title="bbox 286 1645 1410 1736; baseline 0.004 -25"><span class='ocrx_word' id='word_1_106' title='bbox 286 1645 515 1732; x_wconf 89' lang='lat' dir='ltr'><strong>multipliciter</strong></span> <span class='ocrx_word' id='word_1_107' title='bbox 531 1649 699 1714; x_wconf 78' lang='lat' dir='ltr'><strong>Ecclesiae</strong></span> <span class='ocrx_word' id='word_1_108' title='bbox 718 1650 796 1735; x_wconf 89' lang='lat' dir='ltr'><strong>jura</strong></span> <span class='ocrx_word' id='word_1_109' title='bbox 820 1647 976 1731; x_wconf 84' lang='lat' dir='ltr'><strong>violabat,</strong></span> <span class='ocrx_word' id='word_1_110' title='bbox 1001 1659 1035 1714; x_wconf 92' lang='lat' dir='ltr'><strong>et</strong></span> <span class='ocrx_word' id='word_1_111' title='bbox 1047 1649 1175 1714; x_wconf 89' lang='lat' dir='ltr'><strong>nobiles</strong></span> <span class='ocrx_word' id='word_1_112' title='bbox 1187 1651 1410 1736; x_wconf 79' lang='lat' dir='ltr'><strong>opprimebat.</strong></span> 
     </span>
     <span class='ocr_line' id='line_1_15' title="bbox 285 1744 1411 1833; baseline 0.004 -23"><span class='ocrx_word' id='word_1_113' title='bbox 285 1744 441 1810; x_wconf 85' lang='lat' dir='ltr'><strong>Pontifex</strong></span> <span class='ocrx_word' id='word_1_114' title='bbox 464 1769 575 1833; x_wconf 86' lang='lat' dir='ltr'><strong>regem</strong></span> <span class='ocrx_word' id='word_1_115' title='bbox 599 1750 913 1830; x_wconf 80' lang='lat' dir='ltr'><strong>excommunicavit,</strong></span> <span class='ocrx_word' id='word_1_116' title='bbox 945 1749 972 1812; x_wconf 90' lang='lat' dir='ltr'><strong>is</strong></span> <span class='ocrx_word' id='word_1_117' title='bbox 996 1757 1106 1814; x_wconf 67' lang='lat' dir='ltr'><strong>minen</strong></span> <span class='ocrx_word' id='word_1_118' title='bbox 1131 1769 1160 1814; x_wconf 88' lang='lat' dir='ltr'><strong>a.</strong></span> <span class='ocrx_word' id='word_1_119' title='bbox 1188 1749 1274 1814; x_wconf 78' lang='lat'>1492</span> <span class='ocrx_word' id='word_1_120' title='bbox 1297 1771 1337 1812; x_wconf 92' lang='lat' dir='ltr'><strong>se</strong></span> <span class='ocrx_word' id='word_1_121' title='bbox 1361 1749 1411 1814; x_wconf 82' lang='lat' dir='ltr'><strong>ln</strong></span> 
     </span>
     <span class='ocr_line' id='line_1_16' title="bbox 286 1846 1410 1934; baseline 0 -24"><span class='ocrx_word' id='word_1_122' title='bbox 286 1847 439 1910; x_wconf 89' lang='lat' dir='ltr'><strong>nocentio</strong></span> <span class='ocrx_word' id='word_1_123' title='bbox 464 1846 626 1910; x_wconf 85' lang='lat' dir='ltr'><strong>submisit.</strong></span> <span class='ocrx_word' id='word_1_124' title='bbox 651 1847 792 1912; x_wconf 88' lang='lat' dir='ltr'><strong>-Non</strong></span> <span class='ocrx_word' id='word_1_125' title='bbox 817 1847 938 1912; x_wconf 89' lang='lat' dir='ltr'><strong>desunt</strong></span> <span class='ocrx_word' id='word_1_126' title='bbox 962 1846 1180 1929; x_wconf 87' lang='lat' dir='ltr'><strong>documenta,</strong></span> <span class='ocrx_word' id='word_1_127' title='bbox 1220 1848 1410 1934; x_wconf 85' lang='lat' dir='ltr'><strong>exquibus</strong></span> 
     </span>
     <span class='ocr_line' id='line_1_17' title="bbox 285 1943 1404 2029; baseline 0 -21"><span class='ocrx_word' id='word_1_128' title='bbox 285 1954 433 2029; x_wconf 86' lang='lat' dir='ltr'><strong>apparet,</strong></span> <span class='ocrx_word' id='word_1_129' title='bbox 448 1945 679 2010; x_wconf 83' lang='lat' dir='ltr'><strong>innocentium</strong></span> <span class='ocrx_word' id='word_1_130' title='bbox 697 1943 953 2008; x_wconf 87' lang='lat' dir='ltr'><strong>sollicitudinem</strong></span> <span class='ocrx_word' id='word_1_131' title='bbox 967 1965 1061 2008; x_wconf 88' lang='lat' dir='ltr'><strong>suam</strong></span> <span class='ocrx_word' id='word_1_132' title='bbox 1075 1944 1173 2009; x_wconf 89' lang='lat' dir='ltr'><strong>modo</strong></span> <span class='ocrx_word' id='word_1_133' title='bbox 1188 1947 1404 2010; x_wconf 84' lang='lat' dir='ltr'><strong>conveniente</strong></span> 
     </span>
     <span class='ocr_line' id='line_1_18' title="bbox 285 2041 1402 2122; baseline -0.001 -16"><span class='ocrx_word' id='word_1_134' title='bbox 285 2042 328 2107; x_wconf 89' lang='lat' dir='ltr'><strong>ed</strong></span> <span class='ocrx_word' id='word_1_135' title='bbox 356 2052 458 2106; x_wconf 86' lang='lat' dir='ltr'><strong>totam</strong></span> <span class='ocrx_word' id='word_1_136' title='bbox 491 2043 680 2106; x_wconf 86' lang='lat' dir='ltr'><strong>extendisse</strong></span> <span class='ocrx_word' id='word_1_137' title='bbox 711 2041 915 2122; x_wconf 68' lang='lat' dir='ltr'><strong>Ecclesiam</strong></span> <span class='ocrx_word' id='word_1_138' title='bbox 955 2042 1162 2106; x_wconf 88' lang='lat' dir='ltr'><strong>desideratur</strong></span> <span class='ocrx_word' id='word_1_139' title='bbox 1200 2053 1313 2110; x_wconf 83' lang='lat' dir='ltr'><strong>tamen</strong></span> <span class='ocrx_word' id='word_1_140' title='bbox 1359 2043 1402 2108; x_wconf 87' lang='lat' dir='ltr'><strong>illo</strong></span> 
     </span>
     <span class='ocr_line' id='line_1_19' title="bbox 285 2139 1404 2227; baseline 0.001 -24"><span class='ocrx_word' id='word_1_141' title='bbox 285 2142 389 2225; x_wconf 87' lang='lat' dir='ltr'><strong>vigor,</strong></span> <span class='ocrx_word' id='word_1_142' title='bbox 430 2161 527 2226; x_wconf 90' lang='lat' dir='ltr'><strong>quem</strong></span> <span class='ocrx_word' id='word_1_143' title='bbox 560 2143 743 2226; x_wconf 90' lang='lat' dir='ltr'><strong>antiquitus</strong></span> <span class='ocrx_word' id='word_1_144' title='bbox 775 2139 954 2205; x_wconf 87' lang='lat' dir='ltr'><strong>Pontifices</strong></span> <span class='ocrx_word' id='word_1_145' title='bbox 993 2159 1172 2204; x_wconf 87' lang='lat' dir='ltr'><strong>exercuere</strong></span> <span class='ocrx_word' id='word_1_146' title='bbox 1208 2143 1338 2227; x_wconf 89' lang='lat' dir='ltr'><strong>quique</strong></span> <span class='ocrx_word' id='word_1_147' title='bbox 1372 2163 1404 2204; x_wconf 84' lang='lat' dir='ltr'><strong>sa</strong></span> 
     </span>
     <span class='ocr_line' id='line_1_20' title="bbox 283 2237 1407 2324; baseline 0 -22"><span class='ocrx_word' id='word_1_148' title='bbox 283 2249 391 2302; x_wconf 88' lang='lat' dir='ltr'><strong>aetate</strong></span> <span class='ocrx_word' id='word_1_149' title='bbox 416 2237 513 2304; x_wconf 87' lang='lat' dir='ltr'><strong>valde</strong></span> <span class='ocrx_word' id='word_1_150' title='bbox 544 2252 751 2324; x_wconf 89' lang='lat' dir='ltr'><strong>opportunus</strong></span> <span class='ocrx_word' id='word_1_151' title='bbox 782 2239 907 2317; x_wconf 88' lang='lat' dir='ltr'><strong>fuisset,</strong></span> <span class='ocrx_word' id='word_1_152' title='bbox 943 2248 979 2302; x_wconf 91' lang='lat' dir='ltr'><strong>ut</strong></span> <span class='ocrx_word' id='word_1_153' title='bbox 1011 2258 1118 2302; x_wconf 88' lang='lat' dir='ltr'><strong>mores</strong></span> <span class='ocrx_word' id='word_1_154' title='bbox 1142 2237 1407 2304; x_wconf 80' lang='lat' dir='ltr'><strong>Christianorum</strong></span> 
     </span>
     <span class='ocr_line' id='line_1_21' title="bbox 275 2335 1409 2421; baseline -0.001 -20"><span class='ocrx_word' id='word_1_155' title='bbox 275 2345 318 2401; x_wconf 73' lang='lat' dir='ltr'><strong>‘et</strong></span> <span class='ocrx_word' id='word_1_156' title='bbox 341 2336 518 2421; x_wconf 80' lang='lat' dir='ltr'><strong>disciplina</strong></span> <span class='ocrx_word' id='word_1_157' title='bbox 534 2335 622 2400; x_wconf 87' lang='lat' dir='ltr'><strong>Cleri</strong></span> <span class='ocrx_word' id='word_1_158' title='bbox 645 2336 905 2402; x_wconf 85' lang='lat' dir='ltr'><strong>reflorescereut.</strong></span> <span class='ocrx_word' id='word_1_159' title='bbox 955 2336 1125 2400; x_wconf 89' lang='lat' dir='ltr'><strong>Ditionem</strong></span> <span class='ocrx_word' id='word_1_160' title='bbox 1150 2336 1409 2402; x_wconf 83' lang='lat' dir='ltr'><strong>ecclesiasticam</strong></span> 
     </span>
     <span class='ocr_line' id='line_1_22' title="bbox 283 2431 1410 2519; baseline -0.003 -20"><span class='ocrx_word' id='word_1_161' title='bbox 283 2432 438 2499; x_wconf 83' lang='lat' dir='ltr'><strong>Pontifex</strong></span> <span class='ocrx_word' id='word_1_162' title='bbox 467 2433 552 2498; x_wconf 89' lang='lat' dir='ltr'><strong>bene</strong></span> <span class='ocrx_word' id='word_1_163' title='bbox 575 2433 785 2519; x_wconf 85' lang='lat' dir='ltr'><strong>gubernavit,</strong></span> <span class='ocrx_word' id='word_1_164' title='bbox 820 2435 865 2498; x_wconf 87' lang='lat' dir='ltr'><strong>ita</strong></span> <span class='ocrx_word' id='word_1_165' title='bbox 897 2443 934 2496; x_wconf 88' lang='lat' dir='ltr'><strong>ut</strong></span> <span class='ocrx_word' id='word_1_166' title='bbox 963 2443 1125 2519; x_wconf 86' lang='lat' dir='ltr'><strong>aceeptus</strong></span> <span class='ocrx_word' id='word_1_167' title='bbox 1148 2431 1293 2498; x_wconf 89' lang='lat' dir='ltr'><strong>subditis</strong></span> <span class='ocrx_word' id='word_1_168' title='bbox 1314 2449 1410 2500; x_wconf 81' lang='lat' dir='ltr'><strong>esset.</strong></span> 
     </span>
     <span class='ocr_line' id='line_1_23' title="bbox 282 2530 1410 2618; baseline 0 -22"><span class='ocrx_word' id='word_1_169' title='bbox 282 2531 583 2614; x_wconf 83' lang='lat' dir='ltr'><strong>Animadvertitur,</strong></span> <span class='ocrx_word' id='word_1_170' title='bbox 608 2554 683 2596; x_wconf 90' lang='lat' dir='ltr'><strong>eum</strong></span> <span class='ocrx_word' id='word_1_171' title='bbox 703 2530 799 2595; x_wconf 88' lang='lat' dir='ltr'><strong>valde</strong></span> <span class='ocrx_word' id='word_1_172' title='bbox 811 2531 944 2594; x_wconf 90' lang='lat' dir='ltr'><strong>facilem</strong></span> <span class='ocrx_word' id='word_1_173' title='bbox 967 2530 1079 2612; x_wconf 89' lang='lat' dir='ltr'><strong>fuisse,</strong></span> <span class='ocrx_word' id='word_1_174' title='bbox 1106 2541 1142 2596; x_wconf 88' lang='lat' dir='ltr'><strong>ut</strong></span> <span class='ocrx_word' id='word_1_175' title='bbox 1164 2535 1311 2618; x_wconf 85' lang='lat' dir='ltr'><strong>supremi</strong></span> <span class='ocrx_word' id='word_1_176' title='bbox 1337 2555 1410 2618; x_wconf 87' lang='lat' dir='ltr'><strong>sup</strong></span> 
     </span>
     <span class='ocr_line' id='line_1_24' title="bbox 283 2628 1411 2716; baseline 0 -22"><span class='ocrx_word' id='word_1_177' title='bbox 283 2629 374 2716; x_wconf 90' lang='lat' dir='ltr'><strong>plicii</strong></span> <span class='ocrx_word' id='word_1_178' title='bbox 399 2651 539 2714; x_wconf 87' lang='lat' dir='ltr'><strong>poenam</strong></span> <span class='ocrx_word' id='word_1_179' title='bbox 566 2628 618 2693; x_wconf 89' lang='lat' dir='ltr'><strong>vel</strong></span> <span class='ocrx_word' id='word_1_180' title='bbox 642 2629 724 2694; x_wconf 86' lang='lat' dir='ltr'><strong>alias</strong></span> <span class='ocrx_word' id='word_1_181' title='bbox 748 2631 848 2693; x_wconf 91' lang='lat' dir='ltr'><strong>etiam</strong></span> <span class='ocrx_word' id='word_1_182' title='bbox 873 2648 996 2714; x_wconf 91' lang='lat' dir='ltr'><strong>poenas</strong></span> <span class='ocrx_word' id='word_1_183' title='bbox 1020 2629 1170 2693; x_wconf 88' lang='lat' dir='ltr'><strong>duriores</strong></span> <span class='ocrx_word' id='word_1_184' title='bbox 1194 2631 1228 2693; x_wconf 93' lang='lat' dir='ltr'><strong>in</strong></span> <span class='ocrx_word' id='word_1_185' title='bbox 1245 2633 1411 2714; x_wconf 85' lang='lat' dir='ltr'><strong>pecuniae</strong></span> 
     </span>
     <span class='ocr_line' id='line_1_25' title="bbox 283 2726 1411 2814; baseline 0 -22"><span class='ocrx_word' id='word_1_186' title='bbox 283 2726 442 2792; x_wconf 86' lang='lat' dir='ltr'><strong>muletam</strong></span> <span class='ocrx_word' id='word_1_187' title='bbox 467 2739 695 2793; x_wconf 89' lang='lat' dir='ltr'><strong>commutaret.</strong></span> <span class='ocrx_word' id='word_1_188' title='bbox 720 2727 855 2793; x_wconf 92' lang='lat' dir='ltr'><strong>—Sub</strong></span> <span class='ocrx_word' id='word_1_189' title='bbox 881 2729 952 2813; x_wconf 86' lang='lat' dir='ltr'><strong>ipso</strong></span> <span class='ocrx_word' id='word_1_190' title='bbox 976 2727 1088 2808; x_wconf 89' lang='lat' dir='ltr'><strong>etiam,</strong></span> <span class='ocrx_word' id='word_1_191' title='bbox 1115 2729 1161 2790; x_wconf 91' lang='lat' dir='ltr'><strong>uti</strong></span> <span class='ocrx_word' id='word_1_192' title='bbox 1187 2727 1249 2792; x_wconf 90' lang='lat' dir='ltr'><strong>sub</strong></span> <span class='ocrx_word' id='word_1_193' title='bbox 1275 2729 1411 2814; x_wconf 87' lang='lat' dir='ltr'><strong>praede-</strong></span> 
     </span>
     <span class='ocr_line' id='line_1_26' title="bbox 283 2824 1413 2910; baseline 0 -20"><span class='ocrx_word' id='word_1_194' title='bbox 283 2845 411 2890; x_wconf 86' lang='lat' dir='ltr'><strong>cessore</strong></span> <span class='ocrx_word' id='word_1_195' title='bbox 435 2825 529 2890; x_wconf 84' lang='lat' dir='ltr'><strong>Sixto</strong></span> <span class='ocrx_word' id='word_1_196' title='bbox 555 2825 612 2906; x_wconf 93' lang='lat' dir='ltr'><strong>IV,</strong></span> <span class='ocrx_word' id='word_1_197' title='bbox 638 2824 693 2890; x_wconf 94' lang='lat' dir='ltr'><strong>ille</strong></span> <span class='ocrx_word' id='word_1_198' title='bbox 717 2845 788 2889; x_wconf 89' lang='lat' dir='ltr'><strong>mos</strong></span> <span class='ocrx_word' id='word_1_199' title='bbox 811 2826 918 2908; x_wconf 88' lang='lat' dir='ltr'><strong>magis</strong></span> <span class='ocrx_word' id='word_1_200' title='bbox 942 2825 1114 2910; x_wconf 80' lang='lat' dir='ltr'><strong>magisque</strong></span> <span class='ocrx_word' id='word_1_201' title='bbox 1137 2825 1355 2890; x_wconf 84' lang='lat' dir='ltr'><strong>confirmatus</strong></span> <span class='ocrx_word' id='word_1_202' title='bbox 1379 2839 1413 2890; x_wconf 84' lang='lat' dir='ltr'><strong>et</strong></span> 
     </span>
     <span class='ocr_line' id='line_1_27' title="bbox 282 2921 1412 3008; baseline 0 -21"><span class='ocrx_word' id='word_1_203' title='bbox 282 2922 504 3008; x_wconf 89' lang='lat' dir='ltr'><strong>amplificatus</strong></span> <span class='ocrx_word' id='word_1_204' title='bbox 527 2935 585 3006; x_wconf 84' lang='lat' dir='ltr'><strong>cst,</strong></span> <span class='ocrx_word' id='word_1_205' title='bbox 610 2933 648 2986; x_wconf 91' lang='lat' dir='ltr'><strong>ut</strong></span> <span class='ocrx_word' id='word_1_206' title='bbox 672 2943 813 2986; x_wconf 90' lang='lat' dir='ltr'><strong>munera</strong></span> <span class='ocrx_word' id='word_1_207' title='bbox 829 2924 924 2986; x_wconf 87' lang='lat' dir='ltr'><strong>varia</strong></span> <span class='ocrx_word' id='word_1_208' title='bbox 948 2921 1086 3007; x_wconf 88' lang='lat' dir='ltr'><strong>publica</strong></span> <span class='ocrx_word' id='word_1_209' title='bbox 1109 2923 1347 3004; x_wconf 84' lang='lat' dir='ltr'><strong>venderentur,</strong></span> <span class='ocrx_word' id='word_1_210' title='bbox 1371 2947 1412 2987; x_wconf 87' lang='lat' dir='ltr'><strong>ac</strong></span> 
     </span>
     <span class='ocr_line' id='line_1_28' title="bbox 283 3017 1411 3102; baseline -0.004 -15"><span class='ocrx_word' id='word_1_211' title='bbox 283 3041 370 3087; x_wconf 88' lang='lat' dir='ltr'><strong>nova</strong></span> <span class='ocrx_word' id='word_1_212' title='bbox 394 3023 504 3102; x_wconf 90' lang='lat' dir='ltr'><strong>etiam,</strong></span> <span class='ocrx_word' id='word_1_213' title='bbox 529 3033 725 3085; x_wconf 88' lang='lat' dir='ltr'><strong>occurrente</strong></span> <span class='ocrx_word' id='word_1_214' title='bbox 749 3022 955 3100; x_wconf 84' lang='lat' dir='ltr'><strong>necessitate,</strong></span> <span class='ocrx_word' id='word_1_215' title='bbox 980 3017 1202 3083; x_wconf 87' lang='lat' dir='ltr'><strong>conderentur</strong></span> <span class='ocrx_word' id='word_1_216' title='bbox 1226 3019 1350 3100; x_wconf 81' lang='lat' dir='ltr'><strong>officis,</strong></span> <span class='ocrx_word' id='word_1_217' title='bbox 1376 3031 1411 3082; x_wconf 90' lang='lat' dir='ltr'><strong>ut</strong></span> 
     </span>
     <span class='ocr_line' id='line_1_29' title="bbox 282 3116 1409 3206; baseline -0.002 -22"><span class='ocrx_word' id='word_1_218' title='bbox 282 3141 323 3184; x_wconf 85' lang='lat' dir='ltr'><strong>ex</strong></span> <span class='ocrx_word' id='word_1_219' title='bbox 348 3117 552 3206; x_wconf 89' lang='lat' dir='ltr'><strong>emptoribus</strong></span> <span class='ocrx_word' id='word_1_220' title='bbox 576 3118 688 3204; x_wconf 90' lang='lat' dir='ltr'><strong>ampla</strong></span> <span class='ocrx_word' id='word_1_221' title='bbox 712 3120 808 3204; x_wconf 87' lang='lat' dir='ltr'><strong>copie</strong></span> <span class='ocrx_word' id='word_1_222' title='bbox 831 3117 994 3204; x_wconf 91' lang='lat' dir='ltr'><strong>pecuniae</strong></span> <span class='ocrx_word' id='word_1_223' title='bbox 1018 3116 1235 3182; x_wconf 85' lang='lat' dir='ltr'><strong>obtineretur.</strong></span> <span class='ocrx_word' id='word_1_224' title='bbox 1267 3119 1409 3206; x_wconf 89' lang='lat' dir='ltr'><strong>Propter</strong></span> 
     </span>
     <span class='ocr_line' id='line_1_30' title="bbox 282 3214 1409 3298; baseline -0.004 -14"><span class='ocrx_word' id='word_1_225' title='bbox 282 3217 380 3284; x_wconf 86' lang='lat' dir='ltr'><strong>talem</strong></span> <span class='ocrx_word' id='word_1_226' title='bbox 408 3216 635 3282; x_wconf 90' lang='lat' dir='ltr'><strong>venditionem</strong></span> <span class='ocrx_word' id='word_1_227' title='bbox 660 3217 857 3298; x_wconf 88' lang='lat' dir='ltr'><strong>officiorum,</strong></span> <span class='ocrx_word' id='word_1_228' title='bbox 882 3215 1082 3280; x_wconf 87' lang='lat' dir='ltr'><strong>Pontificum</strong></span> <span class='ocrx_word' id='word_1_229' title='bbox 1115 3214 1302 3281; x_wconf 88' lang='lat' dir='ltr'><strong>adversarii</strong></span> <span class='ocrx_word' id='word_1_230' title='bbox 1334 3238 1409 3280; x_wconf 89' lang='lat' dir='ltr'><strong>con-</strong></span> 
     </span>
     <span class='ocr_line' id='line_1_31' title="bbox 281 3309 1409 3400; baseline -0.004 -18"><span class='ocrx_word' id='word_1_231' title='bbox 281 3318 630 3383; x_wconf 84' lang='lat' dir='ltr'><strong>clamaveruntomaia</strong></span> <span class='ocrx_word' id='word_1_232' title='bbox 649 3316 768 3378; x_wconf 79' lang='lat' dir='ltr'><strong>Romae</strong></span> <span class='ocrx_word' id='word_1_233' title='bbox 792 3311 919 3378; x_wconf 81' lang='lat' dir='ltr'><strong>uenalia</strong></span> <span class='ocrx_word' id='word_1_234' title='bbox 928 3313 1035 3400; x_wconf 77' lang='lat' dir='ltr'><strong>sufem</strong></span> <span class='ocrx_word' id='word_1_235' title='bbox 1048 3309 1180 3400; x_wconf 89' lang='lat' dir='ltr'><strong>(Janus,</strong></span> <span class='ocrx_word' id='word_1_236' title='bbox 1194 3336 1228 3399; x_wconf 92' lang='lat' dir='ltr'><strong>p.</strong></span> <span class='ocrx_word' id='word_1_237' title='bbox 1244 3317 1347 3398; x_wconf 68' lang='lat'><strong>3³3),</strong></span> <span class='ocrx_word' id='word_1_238' title='bbox 1371 3337 1409 3380; x_wconf 83' lang='lat' dir='ltr'><strong>ac</strong></span> 
     </span>
     <span class='ocr_line' id='line_1_32' title="bbox 282 3410 1408 3502; baseline -0.003 -22"><span class='ocrx_word' id='word_1_239' title='bbox 282 3417 458 3502; x_wconf 89' lang='lat' dir='ltr'><strong>scriptores</strong></span> <span class='ocrx_word' id='word_1_240' title='bbox 480 3433 611 3500; x_wconf 92' lang='lat' dir='ltr'><strong>quoque</strong></span> <span class='ocrx_word' id='word_1_241' title='bbox 628 3413 662 3476; x_wconf 89' lang='lat' dir='ltr'><strong>in</strong></span> <span class='ocrx_word' id='word_1_242' title='bbox 681 3410 864 3476; x_wconf 83' lang='lat' dir='ltr'><strong>Ecclesiam</strong></span> <span class='ocrx_word' id='word_1_243' title='bbox 882 3410 968 3476; x_wconf 90' lang='lat' dir='ltr'><strong>bene</strong></span> <span class='ocrx_word' id='word_1_244' title='bbox 984 3412 1106 3488; x_wconf 89' lang='lat' dir='ltr'><strong>affecti,</strong></span> <span class='ocrx_word' id='word_1_245' title='bbox 1131 3413 1408 3477; x_wconf 85' lang='lat' dir='ltr'><strong>consuetudinem</strong></span> 
     </span>
     <span class='ocr_line' id='line_1_33' title="bbox 281 3507 1408 3595; baseline -0.004 -16"><span class='ocrx_word' id='word_1_246' title='bbox 281 3513 372 3579; x_wconf 87' lang='lat' dir='ltr'><strong>illam</strong></span> <span class='ocrx_word' id='word_1_247' title='bbox 397 3511 629 3578; x_wconf 86' lang='lat' dir='ltr'><strong>vehementius</strong></span> <span class='ocrx_word' id='word_1_248' title='bbox 654 3519 818 3595; x_wconf 62' lang='lat' dir='ltr'><strong>carpunt</strong></span> <span class='ocrx_word' id='word_1_249' title='bbox 854 3507 919 3574; x_wconf 85' lang='lat' dir='ltr'><strong>Sed</strong></span> <span class='ocrx_word' id='word_1_250' title='bbox 944 3509 970 3573; x_wconf 90' lang='lat' dir='ltr'><strong>si</strong></span> <span class='ocrx_word' id='word_1_251' title='bbox 996 3529 1075 3573; x_wconf 91' lang='lat' dir='ltr'><strong>usus</strong></span> <span class='ocrx_word' id='word_1_252' title='bbox 1099 3510 1160 3574; x_wconf 89' lang='lat' dir='ltr'><strong>iste</strong></span> <span class='ocrx_word' id='word_1_253' title='bbox 1185 3512 1408 3576; x_wconf 87' lang='lat' dir='ltr'><strong>examinatur.</strong></span> 
     </span>
     <span class='ocr_line' id='line_1_34' title="bbox 281 3607 1409 3698; baseline -0.004 -20"><span class='ocrx_word' id='word_1_254' title='bbox 281 3622 429 3698; x_wconf 88' lang='lat' dir='ltr'><strong>apparet,</strong></span> <span class='ocrx_word' id='word_1_255' title='bbox 464 3609 588 3676; x_wconf 87' lang='lat' dir='ltr'><strong>nullam</strong></span> <span class='ocrx_word' id='word_1_256' title='bbox 613 3611 777 3675; x_wconf 89' lang='lat' dir='ltr'><strong>simoniae</strong></span> <span class='ocrx_word' id='word_1_257' title='bbox 800 3607 907 3674; x_wconf 90' lang='lat' dir='ltr'><strong>labem</strong></span> <span class='ocrx_word' id='word_1_258' title='bbox 934 3632 973 3675; x_wconf 88' lang='lat' dir='ltr'><strong>ea</strong></span> <span class='ocrx_word' id='word_1_259' title='bbox 997 3610 1030 3676; x_wconf 90' lang='lat' dir='ltr'><strong>in</strong></span> <span class='ocrx_word' id='word_1_260' title='bbox 1055 3632 1090 3673; x_wconf 92' lang='lat' dir='ltr'><strong>re</strong></span> <span class='ocrx_word' id='word_1_261' title='bbox 1113 3608 1271 3690; x_wconf 85' lang='lat' dir='ltr'><strong>adfuisse,</strong></span> <span class='ocrx_word' id='word_1_262' title='bbox 1297 3633 1409 3696; x_wconf 85' lang='lat' dir='ltr'><strong>quam·</strong></span> 
     </span>
     <span class='ocr_line' id='line_1_35' title="bbox 281 3705 1410 3795; baseline -0.003 -23"><span class='ocrx_word' id='word_1_263' title='bbox 281 3713 333 3775; x_wconf 87' lang='lat' dir='ltr'><strong>vis</strong></span> <span class='ocrx_word' id='word_1_264' title='bbox 365 3709 525 3795; x_wconf 87' lang='lat' dir='ltr'><strong>disputari</strong></span> <span class='ocrx_word' id='word_1_265' title='bbox 559 3710 678 3794; x_wconf 91' lang='lat' dir='ltr'><strong>possit,</strong></span> <span class='ocrx_word' id='word_1_266' title='bbox 716 3717 825 3772; x_wconf 90' lang='lat' dir='ltr'><strong>utrum</strong></span> <span class='ocrx_word' id='word_1_267' title='bbox 859 3705 914 3772; x_wconf 89' lang='lat' dir='ltr'><strong>ille</strong></span> <span class='ocrx_word' id='word_1_268' title='bbox 952 3706 1070 3770; x_wconf 92' lang='lat' dir='ltr'><strong>modus</strong></span> <span class='ocrx_word' id='word_1_269' title='bbox 1108 3706 1410 3774; x_wconf 79' lang='lat' dir='ltr'><strong>administrationis</strong></span> 
     </span>
     <span class='ocr_line' id='line_1_36' title="bbox 283 3809 507 3874; baseline -0.004 1"><span class='ocrx_word' id='word_1_270' title='bbox 283 3809 374 3874; x_wconf 89' lang='lat' dir='ltr'><strong>utilis</strong></span> <span class='ocrx_word' id='word_1_271' title='bbox 398 3809 507 3874; x_wconf 89' lang='lat' dir='ltr'><strong>fuerit.</strong></span> 
     </span>
    </p>

    <p class='ocr_par' dir='ltr' id='par_1_5' title="bbox 280 3901 1410 4283">
     <span class='ocr_line' id='line_1_37' title="bbox 369 3901 1410 3990; baseline -0.005 -20"><span class='ocrx_word' id='word_1_272' title='bbox 369 3907 423 3970; x_wconf 88' lang='grc'><strong>41.</strong></span> <span class='ocrx_word' id='word_1_273' title='bbox 449 3905 514 3970; x_wconf 88' lang='lat' dir='ltr'><strong>Res</strong></span> <span class='ocrx_word' id='word_1_274' title='bbox 529 3906 630 3990; x_wconf 84' lang='lat' dir='ltr'><strong>igitur</strong></span> <span class='ocrx_word' id='word_1_275' title='bbox 646 3905 770 3968; x_wconf 89' lang='lat' dir='ltr'><strong>Romae</strong></span> <span class='ocrx_word' id='word_1_276' title='bbox 795 3904 840 3966; x_wconf 89' lang='lat' dir='ltr'><strong>ita</strong></span> <span class='ocrx_word' id='word_1_277' title='bbox 859 3903 930 3988; x_wconf 89' lang='lat' dir='ltr'><strong>jam</strong></span> <span class='ocrx_word' id='word_1_278' title='bbox 956 3923 998 3966; x_wconf 89' lang='lat' dir='ltr'><strong>ex</strong></span> <span class='ocrx_word' id='word_1_279' title='bbox 1014 3901 1234 3967; x_wconf 88' lang='lat' dir='ltr'><strong>antecedente</strong></span> <span class='ocrx_word' id='word_1_280' title='bbox 1259 3915 1410 3990; x_wconf 81' lang='lat' dir='ltr'><strong>tempore</strong></span> 
     </span>
     <span class='ocr_line' id='line_1_38' title="bbox 280 3999 1408 4087; baseline -0.004 -15"><span class='ocrx_word' id='word_1_281' title='bbox 280 4007 480 4072; x_wconf 89' lang='lat' dir='ltr'><strong>constitutae</strong></span> <span class='ocrx_word' id='word_1_282' title='bbox 497 4013 576 4084; x_wconf 87' lang='lat' dir='ltr'><strong>erat,</strong></span> <span class='ocrx_word' id='word_1_283' title='bbox 602 3999 756 4066; x_wconf 89' lang='lat' dir='ltr'><strong>utmulta</strong></span> <span class='ocrx_word' id='word_1_284' title='bbox 772 4010 881 4065; x_wconf 89' lang='lat' dir='ltr'><strong>esseut</strong></span> <span class='ocrx_word' id='word_1_285' title='bbox 896 3999 1006 4065; x_wconf 86' lang='lat' dir='ltr'><strong>officia</strong></span> <span class='ocrx_word' id='word_1_286' title='bbox 1031 4023 1070 4064; x_wconf 85' lang='lat' dir='ltr'><strong>ac</strong></span> <span class='ocrx_word' id='word_1_287' title='bbox 1095 4021 1235 4064; x_wconf 91' lang='lat' dir='ltr'><strong>munera</strong></span> <span class='ocrx_word' id='word_1_288' title='bbox 1262 3999 1408 4087; x_wconf 81' lang='lat' dir='ltr'><strong>publica.</strong></span> 
     </span>
     <span class='ocr_line' id='line_1_39' title="bbox 280 4097 1410 4192; baseline -0.005 -24"><span class='ocrx_word' id='word_1_289' title='bbox 280 4126 340 4192; x_wconf 89' lang='lat' dir='ltr'><strong>pro</strong></span> <span class='ocrx_word' id='word_1_290' title='bbox 364 4101 487 4190; x_wconf 90' lang='lat' dir='ltr'><strong>quibus</strong></span> <span class='ocrx_word' id='word_1_291' title='bbox 511 4101 702 4166; x_wconf 88' lang='lat' dir='ltr'><strong>obtinendis</strong></span> <span class='ocrx_word' id='word_1_292' title='bbox 726 4110 815 4164; x_wconf 83' lang='lat' dir='ltr'><strong>certa</strong></span> <span class='ocrx_word' id='word_1_293' title='bbox 838 4119 968 4164; x_wconf 91' lang='lat' dir='ltr'><strong>summa</strong></span> <span class='ocrx_word' id='word_1_294' title='bbox 982 4100 1145 4184; x_wconf 87' lang='lat' dir='ltr'><strong>pecuniae</strong></span> <span class='ocrx_word' id='word_1_295' title='bbox 1159 4097 1246 4164; x_wconf 87' lang='lat' dir='ltr'><strong>solvi</strong></span> <span class='ocrx_word' id='word_1_296' title='bbox 1265 4097 1410 4164; x_wconf 86' lang='lat' dir='ltr'><strong>debebat</strong></span> 
     </span>
     <span class='ocr_line' id='line_1_40' title="bbox 280 4195 1409 4283; baseline -0.005 -17"><span class='ocrx_word' id='word_1_297' title='bbox 280 4225 320 4268; x_wconf 85' lang='lat' dir='ltr'><strong>ea</strong></span> <span class='ocrx_word' id='word_1_298' title='bbox 334 4203 403 4268; x_wconf 89' lang='lat' dir='ltr'><strong>fere</strong></span> <span class='ocrx_word' id='word_1_299' title='bbox 414 4202 553 4280; x_wconf 88' lang='lat' dir='ltr'><strong>ratione,</strong></span> <span class='ocrx_word' id='word_1_300' title='bbox 569 4201 616 4264; x_wconf 89' lang='lat' dir='ltr'><strong>uti</strong></span> <span class='ocrx_word' id='word_1_301' title='bbox 632 4197 773 4264; x_wconf 87' lang='lat' dir='ltr'><strong>saeculis</strong></span> <span class='ocrx_word' id='word_1_302' title='bbox 792 4207 938 4262; x_wconf 88' lang='lat' dir='ltr'><strong>nostrum</strong></span> <span class='ocrx_word' id='word_1_303' title='bbox 959 4195 1237 4283; x_wconf 89' lang='lat' dir='ltr'><strong>praecedentibus</strong></span> <span class='ocrx_word' id='word_1_304' title='bbox 1254 4199 1288 4261; x_wconf 94' lang='lat' dir='ltr'><strong>in</strong></span> <span class='ocrx_word' id='word_1_305' title='bbox 1301 4195 1409 4262; x_wconf 80' lang='lat' dir='ltr'><strong>Gellia</strong></span> 
     </span>
    </p>
   </div>
   <div class='ocr_carea' id='block_1_5' title="bbox 0 0 1486 4838">
    <p class='ocr_par' dir='ltr' id='par_1_6' title="bbox 0 0 1486 4838">
     <span class='ocr_line' id='line_1_41' title="bbox 0 0 1486 4838; baseline 0 1"><span class='ocrx_word' id='word_1_306' title='bbox 0 0 1486 4838; x_wconf 95' lang='lat' dir='ltr'><strong> </strong></span> 
     </span>
    </p>
   </div>
  </div>
 </body>
</html>
