3000 4838
296 501 332 556 52
494 501 597 558 XXIII.
617 503 657 558 De
674 511 751 557 statu
769 503 870 560 Eccles.
889 504 973 572 priori
991 505 1077 559 medio
1096 521 1164 560 saec
1183 507 1246 562 XII.

134 643 284 747 Efflfff·
389 645 442 710 64.
489 645 556 710 Leo
585 646 787 732 Frangipani
819 648 921 732 igitur
951 658 1024 732 post
1058 659 1194 713 mortem
1227 648 1423 733 calixsti,

299 753 458 828 quantum
484 743 593 827 colligi
617 755 724 830 potest
746 768 788 809 ex
813 746 1030 828 documentis,
1057 746 1153 812 evehi
1170 750 1204 812 in
1223 750 1422 814 Pontificem

299 839 509 905 desiderabat
549 841 764 907 Lambertum
804 840 992 909 Ostiensem
1039 844 1264 926 Cardinalem,
1309 849 1423 911 virum

298 938 541 1024 dignissimum,
566 962 603 1004 eo
628 940 711 1004 forte
735 962 844 1026 scopo,
869 951 906 1004 nt
929 963 1031 1027 quum
1057 943 1161 1027 ipsius
1185 965 1247 1028 ope
1270 943 1345 1008 talis
1369 947 1425 1008 vir

297 1037 340 1101 ad
378 1048 526 1101 sanctam
571 1035 693 1102 Sedem
732 1039 943 1120 eveheretur,
988 1041 1166 1104 auctoritas
1204 1050 1237 1104 et
1275 1040 1425 1126 dignitas

296 1135 585 1220 Frangipanorum
608 1134 850 1221 aliquantisper
872 1158 1032 1200 concussa
1055 1137 1250 1202 firmaretur.
1293 1137 1424 1204 Conve-

296 1243 391 1296 nerat
429 1233 515 1296 inter
550 1231 760 1315 Cardinales,
800 1257 840 1298 ac
875 1234 1009 1298 Petrum
1044 1235 1167 1300 Leonis
1205 1245 1238 1300 et
1272 1237 1424 1302 Leonem

297 1330 513 1415 Frangipeni,
548 1340 584 1394 ut
613 1339 741 1395 tantum
766 1331 820 1396 die
844 1333 939 1396 tertio
964 1342 1198 1418 postmortem
1224 1331 1345 1398 Calixti
1379 1335 1425 1398 de

297 1427 456 1493 electione
487 1430 685 1493 successoris
720 1439 882 1513 ageretur,
918 1440 950 1493 et
981 1440 1051 1494 arte
1085 1430 1229 1516 quadam
1262 1453 1339 1495 usus
1373 1444 1426 1496 est

298 1527 512 1612 Frangipeni,
549 1536 585 1590 ut
609 1525 811 1610 cardinales,
846 1529 903 1613 qui
936 1529 966 1591 ei
996 1527 1038 1592 ob
1062 1527 1176 1593 turbas
1200 1530 1235 1592 in
1259 1529 1425 1594 electione

239 1655 242 1662 ·
297 1622 421 1689 Gelasii
446 1627 607 1689 excitatas
630 1624 837 1703 diffidebant,
862 1647 994 1689 securos
1010 1625 1164 1691 redderet
1179 1637 1211 1690 et
1229 1649 1359 1713 pronos,
1385 1638 1425 1692 ut

297 1723 341 1788 ad
371 1722 543 1787 basilicam
567 1723 724 1787 Laterani
752 1745 811 1808 pro
836 1722 997 1787 electione
1021 1725 1281 1810 convenirent.¹)
1327 1725 1424 1790 Atta·
1489 1797 1490 1806 χ

298 1843 373 1885 men
406 1842 524 1905 parum
557 1820 673 1902 abfuit,
712 1831 749 1884 ut
771 1821 974 1907 Frangipani
1013 1843 1087 1906 spes
1120 1822 1161 1886 de
1194 1823 1425 1908 promovendo

296 1918 475 1983 Lamberto
504 1921 538 1982 in
563 1919 759 1983 Pontificem
784 1921 877 1983 irrita
901 1918 1102 1985 redderetur.
1150 1919 1281 1984 Etenim
1317 1942 1425 2006 quum

298 2017 492 2082 Cardinales
517 2027 549 2080 et
570 2017 689 2102 reliqui
715 2018 964 2099 convenissent,
993 2027 1068 2102 post
1090 2016 1216 2103 aliquot
1240 2018 1342 2082 verba
1366 2019 1425 2084 Jo-

298 2114 416 2180 nsthas
440 2114 629 2180 Cardinalis
664 2115 825 2179 diaconus
859 2138 899 2179 ss.
926 2113 1066 2178 Cosmae
1098 2125 1130 2179 et
1153 2115 1321 2196 Damiani,
1359 2117 1426 2180 col·
1489 2145 1490 2156 ¹

297 2213 512 2278 laudantibus
536 2213 700 2292 omnibus,
726 2215 796 2297 ipso
814 2214 913 2276 ctiam
929 2212 1107 2277 Lamberto
1125 2215 1291 2298 episcopo,
1316 2212 1426 2277 Theo-

297 2309 434 2374 baldum
467 2309 678 2375 Cardinalem
719 2309 949 2395 presbyterum
986 2320 1120 2374 sanctae
1151 2310 1349 2374 Anastasiae
1387 2314 1426 2376 in

292 2432 418 2495 popam
445 2407 651 2474 Caelestinum
674 2431 778 2495 cuppa
801 2408 899 2472 rubea
922 2407 1052 2472 coelitus
1081 2408 1229 2490 induiti)
1275 2410 1424 2494 Jamque

298 2507 461 2592 hymnum
478 2506 738 2570 Ambrosianum
762 2507 795 2568 in
812 2508 993 2588 gratiarum
1010 2509 1175 2569 actionem
1200 2507 1256 2591 qui
1280 2505 1427 2570 aderant

298 2614 476 2689 coeperant
498 2603 684 2687 decantare,
716 2603 849 2689 quando
875 2603 1078 2690 Frangipani
1103 2604 1202 2668 factio
1227 2626 1297 2668 sese
1312 2626 1424 2691 oppo-

299 2705 366 2766 suit
388 2702 467 2766 huic
491 2701 654 2780 electioni,
679 2711 711 2764 et
727 2700 943 2766 Lambertum
961 2699 1145 2766 Ostiensem
1172 2703 1205 2764 in
1223 2701 1425 2768 Pontificem

299 2800 517 2885 proclamavit
550 2798 610 2863 sub
635 2800 769 2863 nomine
794 2799 933 2863 Honorii
956 2799 999 2862 II.
1047 2797 1260 2863 Theobaldus
1283 2799 1424 2885 quidem

298 2896 485 2962 schismatis
509 2897 636 2961 vitandi
669 2919 769 2961 eausa
802 2899 899 2961 cessit
929 2897 1143 2982 pontificatu3
1183 2908 1327 2961 attamen
1363 2919 1428 2983 per

298 2996 408 3081 plures
444 2995 514 3060 dies
545 2995 711 3060 discordia
735 3005 768 3059 et
791 2995 994 3080 perturbatio
1020 2995 1083 3058 fuit
1106 2997 1141 3058 in
1165 2995 1258 3059 urbe.
1306 2995 1423 3076 errrm

298 3115 377 3158 vero
402 3093 569 3157 Honorius
592 3093 627 3156 II
650 3094 749 3157 etiam
783 3103 940 3168 censeret,
974 3094 1083 3156 minus
1107 3096 1266 3157 canonice
1290 3115 1324 3156 se
1348 3117 1426 3159 esse

298 3188 449 3274 electum,
485 3194 608 3276 pariter
639 3202 712 3275 post
746 3201 870 3275 septem
903 3190 983 3268 dies,
1019 3192 1053 3254 iu
1084 3203 1249 3276 conspectu
1270 3189 1425 3276 fratrum

297 3301 408 3378 sponte
431 3292 557 3353 mitram
580 3299 609 3352 et
631 3300 770 3353 mantum
793 3289 949 3374 refutavit
973 3300 1064 3374 atque
1085 3287 1240 3374 deposuit.
1287 3289 1429 3355 Fratres

298 3410 370 3452 uero
401 3399 466 3451 tam
489 3388 643 3474 Episcopi
670 3410 765 3471 quam
788 3387 968 3472 Presbyteri
999 3397 1029 3449 et
1051 3386 1192 3450 Diaconi
1219 3384 1425 3462 Cardiuales,

297 3486 438 3550 uidentes
461 3487 562 3571 ipsias
585 3484 791 3548 insimilitoteut
815 3495 845 3548 et
863 3485 1095 3570 prospicientes
1122 3485 1157 3546 in
1176 3493 1351 3570 posterum,
1383 3509 1427 3548 ue

375 3727 393 3791 ¹)
412 3725 511 3780 Scribit
530 3723 702 3791 Panduiphus
720 3723 848 3778 diaconus
867 3723 913 3790 qni
932 3722 1019 3792 gestis
1039 3722 1183 3778 interfuit:
1206 3723 1276 3788 „Leo
1295 3721 1427 3788 <hangi-

298 3808 373 3875 pani)
400 3823 448 3875 per
474 3805 584 3860 nuntios
611 3819 827 3872 unumquemque
854 3819 972 3858 scorsum
997 3802 1030 3858 de
1057 3802 1204 3870 capellanis
1235 3801 1426 3856 Cardinsiinm

298 3893 462 3955 praemonet.
482 3891 515 3940 ut
533 3901 611 3939 mane
629 3901 731 3939 summo
750 3884 867 3938 diluculo
885 3900 945 3938 cum
957 3882 1072 3952 pluviali
1086 3881 1167 3936 rubeo
1180 3881 1230 3935 sub
1241 3897 1327 3950 cappa
1340 3883 1429 3950 nigra

299 3972 415 4032 retento,
434 3967 510 4035 (non)
529 3965 675 4033 ignorante
693 3965 808 4030 domino,
828 3964 949 4018 eumdem
968 3979 1046 4016 suum
1059 3963 1195 4016 dominum
1208 3962 1424 4016 introducerent

298 4047 377 4102 Istud
396 4061 459 4100 vero
478 4051 589 4116 propter
607 4044 657 4099 hoc
674 4045 816 4113 ingenium
835 4043 984 4109 adinvenit,
1004 4049 1138 4110 quatenus
1150 4042 1273 4110 singulos
1291 4057 1339 4109 pro
1354 4043 1427 4096 acci·

298 4127 395 4196 piendo
414 4125 587 4183 demonibus
606 4126 664 4194 ejus
682 4130 785 4194 papatu
804 4125 966 4180 attentiores
985 4123 1116 4188 redderet,
1142 4123 1227 4177 etsie
1245 4122 1343 4177 saltem
1363 4123 1427 4176 abs-

299 4222 350 4274 que
368 4206 466 4262 timore
484 4206 634 4262 renirent.“
673 4207 722 4273 Ap.
742 4204 903 4268 walterich,
923 4204 960 4258 ll.
981 4203 1041 4258 157.

371 4287 393 4355 ²)
412 4286 586 4357 Pandulphus
604 4285 622 4342 Ι.
642 4303 664 4342 o.
703 4309 706 4320 ¹
