<?xml version="1.0" encoding="UTF-8"?>
<!DOCTYPE html PUBLIC "-//W3C//DTD XHTML 1.0 Transitional//EN"
    "http://www.w3.org/TR/xhtml1/DTD/xhtml1-transitional.dtd">
<html xmlns="http://www.w3.org/1999/xhtml" xml:lang="en" lang="en">
 <head>
  <title>
</title>
<meta http-equiv="Content-Type" content="text/html;charset=utf-8" />
  <meta name='ocr-system' content='tesseract 3.04.00' />
  <meta name='ocr-capabilities' content='ocr_page ocr_carea ocr_par ocr_line ocrx_word'/>
</head>
<body>
  <div class='ocr_page' id='page_1' title='image "./dissertationess00junggoog_0456.png"; bbox 0 0 2832 4844; ppageno 0'>
   <div class='ocr_carea' id='block_1_1' title="bbox 212 469 1108 542">
    <p class='ocr_par' dir='ltr' id='par_1_1' title="bbox 212 469 1108 542">
     <span class='ocr_line' id='line_1_1' title="bbox 212 469 1108 542; baseline 0.003 -18"><span class='ocrx_word' id='word_1_1' title='bbox 212 471 254 524; x_wconf 87' lang='lat' dir='ltr'><strong>Dc</strong></span> <span class='ocrx_word' id='word_1_2' title='bbox 272 473 423 526; x_wconf 71' lang='lat' dir='ltr'><strong>sancitam</strong></span> <span class='ocrx_word' id='word_1_3' title='bbox 444 472 624 542; x_wconf 73' lang='lat' dir='ltr'><strong>Prayrrrotica</strong></span> <span class='ocrx_word' id='word_1_4' title='bbox 643 487 663 525; x_wconf 80' lang='lat' dir='ltr'><strong>s.</strong></span> <span class='ocrx_word' id='word_1_5' title='bbox 681 469 813 526; x_wconf 84' lang='lat' dir='ltr'><strong>Ludovici</strong></span> <span class='ocrx_word' id='word_1_6' title='bbox 830 471 878 526; x_wconf 86' lang='lat' dir='ltr'><strong>IX.</strong></span> <span class='ocrx_word' id='word_1_7' title='bbox 1056 474 1108 527; x_wconf 78' lang='lat'><strong>441</strong></span> 
     </span>
    </p>
   </div>
   <div class='ocr_carea' id='block_1_2' title="bbox 5 613 1271 1875">
    <p class='ocr_par' dir='ltr' id='par_1_2' title="bbox 31 613 1108 700">
     <span class='ocr_line' id='line_1_2' title="bbox 31 613 1108 700; baseline 0.004 -25"><span class='ocrx_word' id='word_1_8' title='bbox 31 613 185 678; x_wconf 67' lang='lat' dir='ltr'><strong>electionum</strong></span> <span class='ocrx_word' id='word_1_9' title='bbox 210 625 244 678; x_wconf 94' lang='lat' dir='ltr'><strong>et</strong></span> <span class='ocrx_word' id='word_1_10' title='bbox 265 613 343 700; x_wconf 88' lang='lat' dir='ltr'><strong>jura</strong></span> <span class='ocrx_word' id='word_1_11' title='bbox 367 614 561 678; x_wconf 89' lang='lat' dir='ltr'><strong>clericorum</strong></span> <span class='ocrx_word' id='word_1_12' title='bbox 586 613 845 696; x_wconf 78' lang='lat' dir='ltr'><strong>vindicarentur,</strong></span> <span class='ocrx_word' id='word_1_13' title='bbox 876 624 912 678; x_wconf 93' lang='lat' dir='ltr'><strong>ut</strong></span> <span class='ocrx_word' id='word_1_14' title='bbox 935 616 1108 700; x_wconf 89' lang='lat' dir='ltr'><strong>impedire·</strong></span> 
     </span>
    </p>

    <p class='ocr_par' dir='ltr' id='par_1_3' title="bbox 5 711 1271 1092">
     <span class='ocr_line' id='line_1_3' title="bbox 30 711 1271 798; baseline -0.001 -24"><span class='ocrx_word' id='word_1_15' title='bbox 30 728 63 774; x_wconf 87' lang='lat' dir='ltr'><strong>nu</strong></span> <span class='ocrx_word' id='word_1_16' title='bbox 79 711 300 777; x_wconf 87' lang='lat' dir='ltr'><strong>beneficiorum</strong></span> <span class='ocrx_word' id='word_1_17' title='bbox 326 714 508 776; x_wconf 87' lang='lat' dir='ltr'><strong>simoniaca</strong></span> <span class='ocrx_word' id='word_1_18' title='bbox 532 713 690 793; x_wconf 78' lang='lat' dir='ltr'>venditio,</span> <span class='ocrx_word' id='word_1_19' title='bbox 715 723 817 798; x_wconf 92' lang='lat' dir='ltr'><strong>utque</strong></span> <span class='ocrx_word' id='word_1_20' title='bbox 841 723 954 776; x_wconf 87' lang='lat' dir='ltr'><strong>eontra</strong></span> <span class='ocrx_word' id='word_1_21' title='bbox 977 714 1110 777; x_wconf 90' lang='lat' dir='ltr'><strong>Pontifi-</strong></span> <span class='ocrx_word' id='word_1_22' title='bbox 1129 725 1271 773; x_wconf 56' lang='lat' dir='ltr'><strong>strumenta</strong></span> 
     </span>
     <span class='ocr_line' id='line_1_4' title="bbox 5 796 1251 898; baseline -0.001 -22"><span class='ocrx_word' id='word_1_23' title='bbox 5 831 79 876; x_wconf 63' lang='lat' dir='ltr'><strong>,rum</strong></span> <span class='ocrx_word' id='word_1_24' title='bbox 99 813 279 874; x_wconf 79' lang='lat' dir='ltr'><strong>exactiones</strong></span> <span class='ocrx_word' id='word_1_25' title='bbox 303 810 461 875; x_wconf 87' lang='lat' dir='ltr'><strong>ecclesiae</strong></span> <span class='ocrx_word' id='word_1_26' title='bbox 485 810 613 876; x_wconf 85' lang='lat' dir='ltr'><strong>Galliae</strong></span> <span class='ocrx_word' id='word_1_27' title='bbox 645 810 902 876; x_wconf 79' lang='lat' dir='ltr'><strong>defenderentur</strong></span> <span class='ocrx_word' id='word_1_28' title='bbox 931 833 1110 898; x_wconf 89' lang='lat' dir='ltr'><strong>earumque</strong></span> <span class='ocrx_word' id='word_1_29' title='bbox 1152 796 1251 826; x_wconf 67' lang='lat' dir='ltr'><strong>exem.</strong></span> 
     </span>
     <span class='ocr_line' id='line_1_5' title="bbox 5 908 1110 995; baseline 0.004 -27"><span class='ocrx_word' id='word_1_30' title='bbox 5 909 263 973; x_wconf 56' lang='lat' dir='ltr'><strong>‘confirmarentur</strong></span> <span class='ocrx_word' id='word_1_31' title='bbox 287 909 470 994; x_wconf 87' lang='lat' dir='ltr'><strong>privilegia.</strong></span> <span class='ocrx_word' id='word_1_32' title='bbox 526 909 700 994; x_wconf 81' lang='lat' dir='ltr'><strong>Ejusmodi</strong></span> <span class='ocrx_word' id='word_1_33' title='bbox 729 931 824 994; x_wconf 87' lang='lat' dir='ltr'><strong>porro</strong></span> <span class='ocrx_word' id='word_1_34' title='bbox 848 908 902 972; x_wconf 83' lang='lat' dir='ltr'><strong>lex</strong></span> <span class='ocrx_word' id='word_1_35' title='bbox 926 913 1026 992; x_wconf 86' lang='lat' dir='ltr'><strong>regio,</strong></span> <span class='ocrx_word' id='word_1_36' title='bbox 1051 931 1110 995; x_wconf 89' lang='lat' dir='ltr'><strong>pro</strong></span> 
     </span>
     <span class='ocr_line' id='line_1_6' title="bbox 5 1005 1111 1092; baseline -0.001 -20"><span class='ocrx_word' id='word_1_37' title='bbox 5 1017 71 1072; x_wconf 80' lang='lat' dir='ltr'><strong>ota</strong></span> <span class='ocrx_word' id='word_1_38' title='bbox 90 1006 222 1070; x_wconf 79' lang='lat' dir='ltr'><strong>Francia</strong></span> <span class='ocrx_word' id='word_1_39' title='bbox 246 1006 345 1088; x_wconf 88' lang='lat' dir='ltr'><strong>edita,</strong></span> <span class='ocrx_word' id='word_1_40' title='bbox 370 1029 436 1071; x_wconf 91' lang='lat' dir='ltr'><strong>non</strong></span> <span class='ocrx_word' id='word_1_41' title='bbox 452 1017 580 1092; x_wconf 88' lang='lat' dir='ltr'><strong>poterat</strong></span> <span class='ocrx_word' id='word_1_42' title='bbox 603 1029 622 1070; x_wconf 88' lang='lat' dir='ltr'><strong>a</strong></span> <span class='ocrx_word' id='word_1_43' title='bbox 646 1029 722 1092; x_wconf 90' lang='lat' dir='ltr'><strong>rege</strong></span> <span class='ocrx_word' id='word_1_44' title='bbox 746 1005 813 1071; x_wconf 89' lang='lat' dir='ltr'><strong>solo</strong></span> <span class='ocrx_word' id='word_1_45' title='bbox 831 1008 917 1088; x_wconf 86' lang='lat' dir='ltr'><strong>ferri,</strong></span> <span class='ocrx_word' id='word_1_46' title='bbox 943 1007 999 1070; x_wconf 91' lang='lat' dir='ltr'><strong>sed</strong></span> <span class='ocrx_word' id='word_1_47' title='bbox 1021 1030 1111 1092; x_wconf 90' lang='lat' dir='ltr'><strong>prae·</strong></span> 
     </span>
    </p>

    <p class='ocr_par' dir='ltr' id='par_1_4' title="bbox 5 1104 1111 1288">
     <span class='ocr_line' id='line_1_7' title="bbox 24 1104 1111 1190; baseline 0.005 -27"><span class='ocrx_word' id='word_1_48' title='bbox 24 1105 61 1164; x_wconf 77' lang='lat' dir='ltr'><strong>na</strong></span> <span class='ocrx_word' id='word_1_49' title='bbox 85 1105 306 1190; x_wconf 83' lang='lat' dir='ltr'><strong>requirebatur</strong></span> <span class='ocrx_word' id='word_1_50' title='bbox 337 1104 532 1170; x_wconf 81' lang='lat' dir='ltr'><strong>deliberatio</strong></span> <span class='ocrx_word' id='word_1_51' title='bbox 563 1105 766 1169; x_wconf 87' lang='lat' dir='ltr'><strong>Parlamenti</strong></span> <span class='ocrx_word' id='word_1_52' title='bbox 800 1105 964 1190; x_wconf 89' lang='lat' dir='ltr'><strong>hujusque</strong></span> <span class='ocrx_word' id='word_1_53' title='bbox 997 1105 1111 1168; x_wconf 90' lang='lat' dir='ltr'><strong>confir·</strong></span> 
     </span>
     <span class='ocr_line' id='line_1_8' title="bbox 5 1201 1110 1288; baseline 0.005 -28"><span class='ocrx_word' id='word_1_54' title='bbox 5 1201 107 1266; x_wconf 77' lang='lat' dir='ltr'><strong>teatio.</strong></span> <span class='ocrx_word' id='word_1_55' title='bbox 156 1203 244 1266; x_wconf 88' lang='lat' dir='ltr'><strong>Dein</strong></span> <span class='ocrx_word' id='word_1_56' title='bbox 275 1202 456 1288; x_wconf 89' lang='lat' dir='ltr'><strong>publicatio</strong></span> <span class='ocrx_word' id='word_1_57' title='bbox 488 1202 563 1266; x_wconf 91' lang='lat' dir='ltr'><strong>talis</strong></span> <span class='ocrx_word' id='word_1_58' title='bbox 597 1202 796 1280; x_wconf 73' lang='lat' dir='ltr'><strong>Sertorianis,</strong></span> <span class='ocrx_word' id='word_1_59' title='bbox 830 1205 876 1267; x_wconf 91' lang='lat' dir='ltr'><strong>uti</strong></span> <span class='ocrx_word' id='word_1_60' title='bbox 909 1213 942 1266; x_wconf 92' lang='lat' dir='ltr'><strong>et</strong></span> <span class='ocrx_word' id='word_1_61' title='bbox 972 1202 1110 1268; x_wconf 88' lang='lat' dir='ltr'><strong>aliarum</strong></span> 
     </span>
    </p>

    <p class='ocr_par' dir='ltr' id='par_1_5' title="bbox 5 1291 1112 1388">
     <span class='ocr_line' id='line_1_9' title="bbox 5 1291 1112 1388; baseline 0.005 -30"><span class='ocrx_word' id='word_1_62' title='bbox 5 1291 104 1378; x_wconf 71' lang='lat' dir='ltr'><strong>llegum</strong></span> <span class='ocrx_word' id='word_1_63' title='bbox 125 1299 225 1364; x_wconf 88' lang='lat' dir='ltr'><strong>fiebat</strong></span> <span class='ocrx_word' id='word_1_64' title='bbox 248 1311 338 1365; x_wconf 85' lang='lat' dir='ltr'><strong>certa</strong></span> <span class='ocrx_word' id='word_1_65' title='bbox 362 1323 437 1364; x_wconf 90' lang='lat' dir='ltr'><strong>cum</strong></span> <span class='ocrx_word' id='word_1_66' title='bbox 463 1300 669 1364; x_wconf 84' lang='lat' dir='ltr'><strong>solemnitate</strong></span> <span class='ocrx_word' id='word_1_67' title='bbox 700 1324 739 1364; x_wconf 90' lang='lat' dir='ltr'><strong>ac</strong></span> <span class='ocrx_word' id='word_1_68' title='bbox 763 1300 1019 1365; x_wconf 86' lang='lat' dir='ltr'><strong>formalitatibus</strong></span> <span class='ocrx_word' id='word_1_69' title='bbox 1044 1303 1112 1388; x_wconf 92' lang='lat' dir='ltr'><strong>qui-</strong></span> 
     </span>
    </p>

    <p class='ocr_par' dir='ltr' id='par_1_6' title="bbox 22 1389 1111 1484">
     <span class='ocr_line' id='line_1_10' title="bbox 22 1389 1111 1484; baseline 0.007 -30"><span class='ocrx_word' id='word_1_70' title='bbox 22 1389 131 1460; x_wconf 84' lang='lat' dir='ltr'><strong>busdam</strong></span> <span class='ocrx_word' id='word_1_71' title='bbox 155 1399 392 1462; x_wconf 82' lang='lat' dir='ltr'><strong>determinatis.</strong></span> <span class='ocrx_word' id='word_1_72' title='bbox 439 1399 528 1462; x_wconf 89' lang='lat' dir='ltr'><strong>Hinc</strong></span> <span class='ocrx_word' id='word_1_73' title='bbox 552 1399 622 1462; x_wconf 83' lang='lat' dir='ltr'><strong>lieri</strong></span> <span class='ocrx_word' id='word_1_74' title='bbox 648 1420 712 1463; x_wconf 87' lang='lat' dir='ltr'><strong>non</strong></span> <span class='ocrx_word' id='word_1_75' title='bbox 730 1400 900 1482; x_wconf 56' lang='lat' dir='ltr'><strong>potuissetj</strong></span> <span class='ocrx_word' id='word_1_76' title='bbox 923 1401 1003 1483; x_wconf 91' lang='lat' dir='ltr'><strong>quin</strong></span> <span class='ocrx_word' id='word_1_77' title='bbox 1028 1399 1111 1484; x_wconf 86' lang='lat' dir='ltr'><strong>ejus·</strong></span> 
     </span>
    </p>

    <p class='ocr_par' dir='ltr' id='par_1_7' title="bbox 22 1493 1112 1582">
     <span class='ocr_line' id='line_1_11' title="bbox 22 1493 1112 1582; baseline 0.006 -29"><span class='ocrx_word' id='word_1_78' title='bbox 22 1493 85 1556; x_wconf 88' lang='lat' dir='ltr'><strong>nodi</strong></span> <span class='ocrx_word' id='word_1_79' title='bbox 106 1494 233 1561; x_wconf 70' lang='lat' dir='ltr'><strong>&amp;notio</strong></span> <span class='ocrx_word' id='word_1_80' title='bbox 252 1499 466 1582; x_wconf 61' lang='lat' dir='ltr'><strong>praemotica,</strong></span> <span class='ocrx_word' id='word_1_81' title='bbox 496 1497 729 1580; x_wconf 85' lang='lat' dir='ltr'><strong>gravissimum</strong></span> <span class='ocrx_word' id='word_1_82' title='bbox 755 1519 834 1560; x_wconf 88' lang='lat' dir='ltr'><strong>sane</strong></span> <span class='ocrx_word' id='word_1_83' title='bbox 858 1495 1037 1579; x_wconf 83' lang='lat' dir='ltr'><strong>decretum,</strong></span> <span class='ocrx_word' id='word_1_84' title='bbox 1062 1518 1112 1560; x_wconf 91' lang='lat' dir='ltr'><strong>co·</strong></span> 
     </span>
    </p>

    <p class='ocr_par' dir='ltr' id='par_1_8' title="bbox 21 1592 1111 1676">
     <span class='ocr_line' id='line_1_12' title="bbox 21 1592 1111 1676; baseline 0.004 -22"><span class='ocrx_word' id='word_1_85' title='bbox 21 1593 88 1654; x_wconf 76' lang='lat' dir='ltr'><strong>teris</strong></span> <span class='ocrx_word' id='word_1_86' title='bbox 108 1594 206 1657; x_wconf 88' lang='lat' dir='ltr'><strong>etiam</strong></span> <span class='ocrx_word' id='word_1_87' title='bbox 231 1596 439 1658; x_wconf 87' lang='lat' dir='ltr'><strong>notissimum</strong></span> <span class='ocrx_word' id='word_1_88' title='bbox 463 1594 596 1676; x_wconf 82' lang='lat' dir='ltr'><strong>fuisset3</strong></span> <span class='ocrx_word' id='word_1_89' title='bbox 622 1596 687 1658; x_wconf 92' lang='lat' dir='ltr'><strong>imo</strong></span> <span class='ocrx_word' id='word_1_90' title='bbox 705 1592 881 1658; x_wconf 90' lang='lat' dir='ltr'><strong>multorum</strong></span> <span class='ocrx_word' id='word_1_91' title='bbox 896 1596 1111 1659; x_wconf 86' lang='lat' dir='ltr'><strong>attentionem</strong></span> 
     </span>
    </p>

    <p class='ocr_par' dir='ltr' id='par_1_9' title="bbox 20 1691 1113 1875">
     <span class='ocr_line' id='line_1_13' title="bbox 20 1691 1113 1778; baseline 0.005 -30"><span class='ocrx_word' id='word_1_92' title='bbox 20 1709 46 1748; x_wconf 80' lang='lat' dir='ltr'><strong>eo</strong></span> <span class='ocrx_word' id='word_1_93' title='bbox 64 1693 157 1774; x_wconf 87' lang='lat' dir='ltr'><strong>magis</strong></span> <span class='ocrx_word' id='word_1_94' title='bbox 182 1693 349 1767; x_wconf 87' lang='lat' dir='ltr'><strong>movisset,</strong></span> <span class='ocrx_word' id='word_1_95' title='bbox 382 1692 470 1778; x_wconf 92' lang='lat' dir='ltr'><strong>quod</strong></span> <span class='ocrx_word' id='word_1_96' title='bbox 495 1714 554 1756; x_wconf 85' lang='lat' dir='ltr'><strong>rex</strong></span> <span class='ocrx_word' id='word_1_97' title='bbox 577 1691 660 1756; x_wconf 89' lang='lat' dir='ltr'><strong>adeo</strong></span> <span class='ocrx_word' id='word_1_98' title='bbox 685 1693 825 1775; x_wconf 84' lang='lat' dir='ltr'><strong>insignis</strong></span> <span class='ocrx_word' id='word_1_99' title='bbox 854 1703 968 1756; x_wconf 90' lang='lat' dir='ltr'><strong>contra</strong></span> <span class='ocrx_word' id='word_1_100' title='bbox 992 1692 1113 1758; x_wconf 86' lang='lat' dir='ltr'><strong>Sedcm</strong></span> 
     </span>
     <span class='ocr_line' id='line_1_14' title="bbox 20 1787 1054 1875; baseline 0.012 -29"><span class='ocrx_word' id='word_1_101' title='bbox 20 1787 216 1870; x_wconf 66' lang='lat' dir='ltr'><strong>apostolicam</strong></span> <span class='ocrx_word' id='word_1_102' title='bbox 240 1789 370 1854; x_wconf 83' lang='lat' dir='ltr'><strong>Galliae</strong></span> <span class='ocrx_word' id='word_1_103' title='bbox 394 1789 549 1854; x_wconf 88' lang='lat' dir='ltr'><strong>ecclesias</strong></span> <span class='ocrx_word' id='word_1_104' title='bbox 573 1789 631 1854; x_wconf 88' lang='lat' dir='ltr'><strong>tali</strong></span> <span class='ocrx_word' id='word_1_105' title='bbox 654 1789 727 1875; x_wconf 87' lang='lat' dir='ltr'><strong>lege</strong></span> <span class='ocrx_word' id='word_1_106' title='bbox 751 1792 836 1853; x_wconf 91' lang='lat' dir='ltr'><strong>tucri</strong></span> <span class='ocrx_word' id='word_1_107' title='bbox 861 1790 1054 1857; x_wconf 86' lang='lat' dir='ltr'><strong>intenderet.</strong></span> 
     </span>
    </p>
   </div>
   <div class='ocr_carea' id='block_1_3' title="bbox 13 1939 1118 3182">
    <p class='ocr_par' dir='ltr' id='par_1_10' title="bbox 13 1939 1118 3182">
     <span class='ocr_line' id='line_1_15' title="bbox 82 1939 1113 2028; baseline 0.001 -26"><span class='ocrx_word' id='word_1_108' title='bbox 82 1939 130 2004; x_wconf 80' lang='lat'><strong>66.</strong></span> <span class='ocrx_word' id='word_1_109' title='bbox 154 1941 312 2006; x_wconf 88' lang='lat' dir='ltr'><strong>Jamvero</strong></span> <span class='ocrx_word' id='word_1_110' title='bbox 341 1945 377 2004; x_wconf 85' lang='lat'><strong>1⁰</strong></span> <span class='ocrx_word' id='word_1_111' title='bbox 402 1964 509 2028; x_wconf 87' lang='lat' dir='ltr'><strong>neque</strong></span> <span class='ocrx_word' id='word_1_112' title='bbox 533 1952 684 2006; x_wconf 87' lang='lat' dir='ltr'><strong>auctores</strong></span> <span class='ocrx_word' id='word_1_113' title='bbox 708 1942 866 2024; x_wconf 86' lang='lat' dir='ltr'><strong>historici,</strong></span> <span class='ocrx_word' id='word_1_114' title='bbox 892 1944 947 2027; x_wconf 85' lang='lat' dir='ltr'><strong>qui</strong></span> <span class='ocrx_word' id='word_1_115' title='bbox 968 1951 1113 2026; x_wconf 87' lang='lat' dir='ltr'><strong>ternpore</strong></span> 
     </span>
     <span class='ocr_line' id='line_1_16' title="bbox 17 2035 1113 2126; baseline 0.007 -32"><span class='ocrx_word' id='word_1_116' title='bbox 17 2035 205 2103; x_wconf 80' lang='lat' dir='ltr'><strong>aLndovici</strong></span> <span class='ocrx_word' id='word_1_117' title='bbox 230 2039 422 2122; x_wconf 89' lang='lat' dir='ltr'><strong>floruerunt,</strong></span> <span class='ocrx_word' id='word_1_118' title='bbox 455 2062 563 2126; x_wconf 89' lang='lat' dir='ltr'><strong>neque</strong></span> <span class='ocrx_word' id='word_1_119' title='bbox 589 2039 635 2103; x_wconf 93' lang='lat' dir='ltr'><strong>illi</strong></span> <span class='ocrx_word' id='word_1_120' title='bbox 669 2043 844 2125; x_wconf 88' lang='lat' dir='ltr'><strong>scriptores</strong></span> <span class='ocrx_word' id='word_1_121' title='bbox 876 2042 932 2126; x_wconf 92' lang='lat' dir='ltr'><strong>qui</strong></span> <span class='ocrx_word' id='word_1_122' title='bbox 958 2041 1062 2101; x_wconf 85' lang='lat' dir='ltr'><strong>vitam</strong></span> <span class='ocrx_word' id='word_1_123' title='bbox 1087 2063 1113 2102; x_wconf 93' lang='lat' dir='ltr'><strong>s.</strong></span> 
     </span>
     <span class='ocr_line' id='line_1_17' title="bbox 18 2129 1113 2223; baseline 0.006 -31"><span class='ocrx_word' id='word_1_124' title='bbox 18 2129 152 2200; x_wconf 85' lang='lat' dir='ltr'><strong>Ludovici</strong></span> <span class='ocrx_word' id='word_1_125' title='bbox 178 2159 403 2223; x_wconf 85' lang='lat' dir='ltr'><strong>composuere,</strong></span> <span class='ocrx_word' id='word_1_126' title='bbox 433 2139 481 2200; x_wconf 87' lang='lat' dir='ltr'><strong>uti</strong></span> <span class='ocrx_word' id='word_1_127' title='bbox 506 2137 691 2202; x_wconf 83' lang='lat' dir='ltr'><strong>Gulielmus</strong></span> <span class='ocrx_word' id='word_1_128' title='bbox 717 2135 938 2216; x_wconf 83' lang='lat' dir='ltr'><strong>Cornotensis,</strong></span> <span class='ocrx_word' id='word_1_129' title='bbox 964 2135 1113 2201; x_wconf 89' lang='lat' dir='ltr'><strong>Godefri·</strong></span> 
     </span>
     <span class='ocr_line' id='line_1_18' title="bbox 17 2226 1112 2320; baseline 0.007 -31"><span class='ocrx_word' id='word_1_130' title='bbox 17 2226 59 2292; x_wconf 84' lang='lat' dir='ltr'><strong>dus</strong></span> <span class='ocrx_word' id='word_1_131' title='bbox 77 2233 332 2314; x_wconf 86' lang='lat' dir='ltr'><strong>Bellovacensis‚</strong></span> <span class='ocrx_word' id='word_1_132' title='bbox 358 2235 548 2316; x_wconf 89' lang='lat' dir='ltr'><strong>Joinvillus,</strong></span> <span class='ocrx_word' id='word_1_133' title='bbox 575 2239 776 2299; x_wconf 89' lang='lat' dir='ltr'><strong>mentionem</strong></span> <span class='ocrx_word' id='word_1_134' title='bbox 800 2236 927 2299; x_wconf 90' lang='lat' dir='ltr'><strong>faciunt</strong></span> <span class='ocrx_word' id='word_1_135' title='bbox 950 2235 1112 2320; x_wconf 87' lang='lat' dir='ltr'><strong>ejusmodi</strong></span> 
     </span>
     <span class='ocr_line' id='line_1_19' title="bbox 17 2323 1113 2418; baseline 0.01 -33"><span class='ocrx_word' id='word_1_136' title='bbox 17 2323 206 2396; x_wconf 71' lang='lat' dir='ltr'><strong>decretorum.</strong></span> <span class='ocrx_word' id='word_1_137' title='bbox 270 2333 341 2396; x_wconf 89' lang='lat' dir='ltr'><strong>Nec</strong></span> <span class='ocrx_word' id='word_1_138' title='bbox 373 2334 405 2396; x_wconf 94' lang='lat' dir='ltr'><strong>in</strong></span> <span class='ocrx_word' id='word_1_139' title='bbox 438 2333 585 2418; x_wconf 83' lang='lat' dir='ltr'><strong>epistolis</strong></span> <span class='ocrx_word' id='word_1_140' title='bbox 616 2358 641 2399; x_wconf 90' lang='lat' dir='ltr'><strong>s.</strong></span> <span class='ocrx_word' id='word_1_141' title='bbox 675 2334 841 2398; x_wconf 89' lang='lat' dir='ltr'><strong>Ludovici</strong></span> <span class='ocrx_word' id='word_1_142' title='bbox 873 2334 916 2397; x_wconf 87' lang='lat' dir='ltr'><strong>ad</strong></span> <span class='ocrx_word' id='word_1_143' title='bbox 948 2333 1113 2397; x_wconf 87' lang='lat' dir='ltr'><strong>Romanos</strong></span> 
     </span>
     <span class='ocr_line' id='line_1_20' title="bbox 15 2421 1114 2518; baseline 0.006 -31"><span class='ocrx_word' id='word_1_144' title='bbox 15 2421 174 2514; x_wconf 77' lang='lat' dir='ltr'><strong>Pontifices,</strong></span> <span class='ocrx_word' id='word_1_145' title='bbox 209 2431 262 2495; x_wconf 84' lang='lat' dir='ltr'><strong>rel</strong></span> <span class='ocrx_word' id='word_1_146' title='bbox 286 2431 509 2495; x_wconf 89' lang='lat' dir='ltr'><strong>Romanorum</strong></span> <span class='ocrx_word' id='word_1_147' title='bbox 543 2432 743 2495; x_wconf 89' lang='lat' dir='ltr'><strong>Pontificum</strong></span> <span class='ocrx_word' id='word_1_148' title='bbox 774 2431 931 2512; x_wconf 87' lang='lat' dir='ltr'><strong>adeum,</strong></span> <span class='ocrx_word' id='word_1_149' title='bbox 966 2453 1114 2518; x_wconf 86' lang='lat' dir='ltr'><strong>unquam</strong></span> 
     </span>
     <span class='ocr_line' id='line_1_21' title="bbox 15 2526 1118 2614; baseline 0.004 -26"><span class='ocrx_word' id='word_1_150' title='bbox 15 2526 98 2604; x_wconf 73' lang='lat' dir='ltr'><strong>tgitur</strong></span> <span class='ocrx_word' id='word_1_151' title='bbox 133 2529 175 2594; x_wconf 92' lang='lat' dir='ltr'><strong>de</strong></span> <span class='ocrx_word' id='word_1_152' title='bbox 214 2529 269 2594; x_wconf 86' lang='lat' dir='ltr'><strong>tali</strong></span> <span class='ocrx_word' id='word_1_153' title='bbox 308 2530 380 2614; x_wconf 88' lang='lat' dir='ltr'><strong>lege</strong></span> <span class='ocrx_word' id='word_1_154' title='bbox 415 2530 552 2594; x_wconf 86' lang='lat' dir='ltr'><strong>ferenda</strong></span> <span class='ocrx_word' id='word_1_155' title='bbox 587 2530 640 2594; x_wconf 91' lang='lat' dir='ltr'><strong>vel</strong></span> <span class='ocrx_word' id='word_1_156' title='bbox 678 2530 754 2595; x_wconf 89' lang='lat' dir='ltr'><strong>lata.</strong></span> <span class='ocrx_word' id='word_1_157' title='bbox 822 2531 1017 2595; x_wconf 90' lang='lat' dir='ltr'><strong>Ludovicus</strong></span> <span class='ocrx_word' id='word_1_158' title='bbox 1052 2529 1118 2610; x_wconf 71' lang='lat' dir='ltr'><strong>lx,</strong></span> 
     </span>
     <span class='ocr_line' id='line_1_22' title="bbox 16 2625 1114 2702; baseline 0.005 -17"><span class='ocrx_word' id='word_1_159' title='bbox 16 2625 120 2702; x_wconf 76' lang='lat' dir='ltr'><strong>quando</strong></span> <span class='ocrx_word' id='word_1_160' title='bbox 144 2651 175 2692; x_wconf 91' lang='lat' dir='ltr'><strong>a.</strong></span> <span class='ocrx_word' id='word_1_161' title='bbox 204 2629 291 2692; x_wconf 79' lang='lat'>1270</span> <span class='ocrx_word' id='word_1_162' title='bbox 315 2651 333 2691; x_wconf 89' lang='lat' dir='ltr'><strong>e</strong></span> <span class='ocrx_word' id='word_1_163' title='bbox 358 2627 467 2693; x_wconf 84' lang='lat' dir='ltr'><strong>Gallia</strong></span> <span class='ocrx_word' id='word_1_164' title='bbox 498 2628 671 2692; x_wconf 88' lang='lat' dir='ltr'><strong>discedens</strong></span> <span class='ocrx_word' id='word_1_165' title='bbox 696 2628 820 2692; x_wconf 91' lang='lat' dir='ltr'><strong>bellum</strong></span> <span class='ocrx_word' id='word_1_166' title='bbox 852 2650 983 2692; x_wconf 87' lang='lat' dir='ltr'><strong>sacrum</strong></span> <span class='ocrx_word' id='word_1_167' title='bbox 1008 2649 1114 2692; x_wconf 89' lang='lat' dir='ltr'><strong>susce-</strong></span> 
     </span>
     <span class='ocr_line' id='line_1_23' title="bbox 17 2719 1117 2811; baseline 0.002 -26"><span class='ocrx_word' id='word_1_168' title='bbox 17 2719 55 2798; x_wconf 75' lang='lat' dir='ltr'><strong>pit.</strong></span> <span class='ocrx_word' id='word_1_169' title='bbox 75 2721 191 2790; x_wconf 87' lang='lat' dir='ltr'><strong>litteris</strong></span> <span class='ocrx_word' id='word_1_170' title='bbox 216 2726 259 2790; x_wconf 89' lang='lat' dir='ltr'><strong>ad</strong></span> <span class='ocrx_word' id='word_1_171' title='bbox 282 2726 520 2811; x_wconf 84' lang='lat' dir='ltr'><strong>gubernatores</strong></span> <span class='ocrx_word' id='word_1_172' title='bbox 535 2725 664 2790; x_wconf 83' lang='lat' dir='ltr'><strong>Galliae</strong></span> <span class='ocrx_word' id='word_1_173' title='bbox 686 2726 782 2807; x_wconf 85' lang='lat' dir='ltr'><strong>datis,</strong></span> <span class='ocrx_word' id='word_1_174' title='bbox 807 2726 945 2791; x_wconf 91' lang='lat' dir='ltr'><strong>sollicite</strong></span> <span class='ocrx_word' id='word_1_175' title='bbox 970 2724 1117 2789; x_wconf 89' lang='lat' dir='ltr'><strong>inculcat</strong></span> 
     </span>
     <span class='ocr_line' id='line_1_24' title="bbox 14 2815 1115 2910; baseline 0.009 -34"><span class='ocrx_word' id='word_1_176' title='bbox 14 2815 257 2888; x_wconf 74' lang='lat' dir='ltr'><strong>observationem</strong></span> <span class='ocrx_word' id='word_1_177' title='bbox 289 2846 402 2888; x_wconf 87' lang='lat' dir='ltr'><strong>eorum</strong></span> <span class='ocrx_word' id='word_1_178' title='bbox 427 2848 511 2910; x_wconf 89' lang='lat' dir='ltr'><strong>quae</strong></span> <span class='ocrx_word' id='word_1_179' title='bbox 535 2827 569 2888; x_wconf 94' lang='lat' dir='ltr'><strong>in</strong></span> <span class='ocrx_word' id='word_1_180' title='bbox 594 2823 724 2910; x_wconf 85' lang='lat' dir='ltr'><strong>legibus</strong></span> <span class='ocrx_word' id='word_1_181' title='bbox 748 2846 833 2888; x_wconf 89' lang='lat' dir='ltr'><strong>anno</strong></span> <span class='ocrx_word' id='word_1_182' title='bbox 866 2823 952 2888; x_wconf 74' lang='lat'>1254</span> <span class='ocrx_word' id='word_1_183' title='bbox 983 2823 1115 2887; x_wconf 87' lang='lat' dir='ltr'><strong>decreta</strong></span> 
     </span>
     <span class='ocr_line' id='line_1_25' title="bbox 14 2922 1113 3008; baseline 0.01 -34"><span class='ocrx_word' id='word_1_184' title='bbox 14 2929 92 2987; x_wconf 81' lang='lat' dir='ltr'><strong>unat.</strong></span> <span class='ocrx_word' id='word_1_185' title='bbox 124 2933 157 2986; x_wconf 92' lang='lat' dir='ltr'><strong>et</strong></span> <span class='ocrx_word' id='word_1_186' title='bbox 181 2932 306 2986; x_wconf 83' lang='lat' dir='ltr'><strong>statuta</strong></span> <span class='ocrx_word' id='word_1_187' title='bbox 330 2935 444 2987; x_wconf 88' lang='lat' dir='ltr'><strong>contra</strong></span> <span class='ocrx_word' id='word_1_188' title='bbox 474 2922 685 3008; x_wconf 87' lang='lat' dir='ltr'><strong>blasphemos</strong></span> <span class='ocrx_word' id='word_1_189' title='bbox 717 2932 753 2985; x_wconf 91' lang='lat' dir='ltr'><strong>ut</strong></span> <span class='ocrx_word' id='word_1_190' title='bbox 781 2933 953 2986; x_wconf 87' lang='lat' dir='ltr'><strong>serventur</strong></span> <span class='ocrx_word' id='word_1_191' title='bbox 983 2922 1113 2986; x_wconf 89' lang='lat' dir='ltr'><strong>insistit.</strong></span> 
     </span>
     <span class='ocr_line' id='line_1_26' title="bbox 13 3009 1115 3106; baseline 0.001 -26"><span class='ocrx_word' id='word_1_192' title='bbox 13 3009 108 3082; x_wconf 76' lang='lat' dir='ltr'><strong>llirum</strong></span> <span class='ocrx_word' id='word_1_193' title='bbox 133 3020 264 3098; x_wconf 85' lang='lat' dir='ltr'><strong>fuisset,</strong></span> <span class='ocrx_word' id='word_1_194' title='bbox 289 3022 314 3084; x_wconf 91' lang='lat' dir='ltr'><strong>si</strong></span> <span class='ocrx_word' id='word_1_195' title='bbox 339 3023 556 3103; x_wconf 84' lang='lat' dir='ltr'><strong>gravissimae</strong></span> <span class='ocrx_word' id='word_1_196' title='bbox 580 3021 761 3084; x_wconf 79' lang='lat' dir='ltr'><strong>Sanctiona&#39;s</strong></span> <span class='ocrx_word' id='word_1_197' title='bbox 785 3020 881 3106; x_wconf 89' lang='lat' dir='ltr'><strong>paulo</strong></span> <span class='ocrx_word' id='word_1_198' title='bbox 906 3033 983 3082; x_wconf 87' lang='lat' dir='ltr'><strong>ante</strong></span> <span class='ocrx_word' id='word_1_199' title='bbox 1007 3018 1115 3082; x_wconf 88' lang='lat' dir='ltr'><strong>editae</strong></span> 
     </span>
     <span class='ocr_line' id='line_1_27' title="bbox 14 3118 451 3182; baseline 0.023 -10"><span class='ocrx_word' id='word_1_200' title='bbox 14 3119 191 3182; x_wconf 58' lang='lat' dir='ltr'><strong>mentionem</strong></span> <span class='ocrx_word' id='word_1_201' title='bbox 218 3139 284 3181; x_wconf 90' lang='lat' dir='ltr'><strong>non</strong></span> <span class='ocrx_word' id='word_1_202' title='bbox 309 3118 451 3182; x_wconf 89' lang='lat' dir='ltr'><strong>fecisset.</strong></span> 
     </span>
    </p>
   </div>
   <div class='ocr_carea' id='block_1_4' title="bbox 11 3258 1117 3835">
    <p class='ocr_par' dir='ltr' id='par_1_11' title="bbox 11 3258 1117 3835">
     <span class='ocr_line' id='line_1_28' title="bbox 80 3258 1116 3346; baseline 0 -24"><span class='ocrx_word' id='word_1_203' title='bbox 80 3259 129 3325; x_wconf 68' lang='lat'><strong>67.</strong></span> <span class='ocrx_word' id='word_1_204' title='bbox 153 3259 222 3326; x_wconf 86' lang='lat' dir='ltr'><strong>Sed</strong></span> <span class='ocrx_word' id='word_1_205' title='bbox 248 3261 286 3324; x_wconf 78' lang='lat'><strong>2⁰</strong></span> <span class='ocrx_word' id='word_1_206' title='bbox 309 3260 364 3324; x_wconf 86' lang='lat' dir='ltr'><strong>illa</strong></span> <span class='ocrx_word' id='word_1_207' title='bbox 389 3259 518 3324; x_wconf 84' lang='lat' dir='ltr'><strong>Sanctio</strong></span> <span class='ocrx_word' id='word_1_208' title='bbox 529 3262 734 3346; x_wconf 70' lang='lat' dir='ltr'><strong>proymotica</strong></span> <span class='ocrx_word' id='word_1_209' title='bbox 757 3263 856 3323; x_wconf 89' lang='lat' dir='ltr'><strong>etiam</strong></span> <span class='ocrx_word' id='word_1_210' title='bbox 881 3258 973 3322; x_wconf 87' lang='lat' dir='ltr'><strong>deest</strong></span> <span class='ocrx_word' id='word_1_211' title='bbox 997 3260 1031 3322; x_wconf 91' lang='lat' dir='ltr'><strong>in</strong></span> <span class='ocrx_word' id='word_1_212' title='bbox 1055 3259 1116 3322; x_wconf 76' lang='lat' dir='ltr'><strong>Ite-</strong></span> 
     </span>
     <span class='ocr_line' id='line_1_29' title="bbox 11 3356 1116 3443; baseline 0.006 -29"><span class='ocrx_word' id='word_1_213' title='bbox 11 3357 97 3434; x_wconf 72' lang='lat' dir='ltr'><strong>gestis,</strong></span> <span class='ocrx_word' id='word_1_214' title='bbox 129 3379 218 3443; x_wconf 82' lang='lat' dir='ltr'><strong>quae</strong></span> <span class='ocrx_word' id='word_1_215' title='bbox 249 3357 464 3422; x_wconf 88' lang='lat' dir='ltr'><strong>resolutiones</strong></span> <span class='ocrx_word' id='word_1_216' title='bbox 495 3369 528 3421; x_wconf 90' lang='lat' dir='ltr'><strong>et</strong></span> <span class='ocrx_word' id='word_1_217' title='bbox 557 3358 690 3422; x_wconf 84' lang='lat' dir='ltr'><strong>decreta</strong></span> <span class='ocrx_word' id='word_1_218' title='bbox 719 3357 1005 3421; x_wconf 86' lang='lat' dir='ltr'><strong>Parlameutorum</strong></span> <span class='ocrx_word' id='word_1_219' title='bbox 1037 3356 1116 3421; x_wconf 90' lang='lat' dir='ltr'><strong>inde</strong></span> 
     </span>
     <span class='ocr_line' id='line_1_30' title="bbox 12 3449 1115 3540; baseline 0.002 -25"><span class='ocrx_word' id='word_1_220' title='bbox 12 3449 133 3520; x_wconf 74' lang='lat' dir='ltr'><strong>tbanno</strong></span> <span class='ocrx_word' id='word_1_221' title='bbox 154 3457 244 3520; x_wconf 68' lang='lat'>12:35</span> <span class='ocrx_word' id='word_1_222' title='bbox 262 3459 448 3538; x_wconf 82' lang='lat' dir='ltr'><strong>continent3</strong></span> <span class='ocrx_word' id='word_1_223' title='bbox 480 3455 629 3520; x_wconf 89' lang='lat' dir='ltr'><strong>collectio</strong></span> <span class='ocrx_word' id='word_1_224' title='bbox 653 3466 763 3520; x_wconf 87' lang='lat' dir='ltr'><strong>autem</strong></span> <span class='ocrx_word' id='word_1_225' title='bbox 788 3454 903 3519; x_wconf 86' lang='lat' dir='ltr'><strong>saltem</strong></span> <span class='ocrx_word' id='word_1_226' title='bbox 923 3454 995 3540; x_wconf 89' lang='lat' dir='ltr'><strong>jam</strong></span> <span class='ocrx_word' id='word_1_227' title='bbox 1020 3453 1115 3518; x_wconf 89' lang='lat' dir='ltr'><strong>brevi</strong></span> 
     </span>
     <span class='ocr_line' id='line_1_31' title="bbox 12 3551 1116 3641; baseline 0.003 -29"><span class='ocrx_word' id='word_1_228' title='bbox 12 3563 66 3630; x_wconf 84' lang='lat' dir='ltr'><strong>post</strong></span> <span class='ocrx_word' id='word_1_229' title='bbox 87 3567 236 3641; x_wconf 88' lang='lat' dir='ltr'><strong>tempora</strong></span> <span class='ocrx_word' id='word_1_230' title='bbox 260 3578 284 3619; x_wconf 90' lang='lat' dir='ltr'><strong>s.</strong></span> <span class='ocrx_word' id='word_1_231' title='bbox 309 3554 475 3618; x_wconf 89' lang='lat' dir='ltr'><strong>Ludovici</strong></span> <span class='ocrx_word' id='word_1_232' title='bbox 500 3555 551 3618; x_wconf 90' lang='lat' dir='ltr'><strong>IX</strong></span> <span class='ocrx_word' id='word_1_233' title='bbox 575 3555 662 3618; x_wconf 89' lang='lat' dir='ltr'><strong>facta</strong></span> <span class='ocrx_word' id='word_1_234' title='bbox 687 3555 776 3636; x_wconf 86' lang='lat' dir='ltr'><strong>est‚¹)</strong></span> <span class='ocrx_word' id='word_1_235' title='bbox 805 3565 904 3638; x_wconf 91' lang='lat' dir='ltr'><strong>atque</strong></span> <span class='ocrx_word' id='word_1_236' title='bbox 928 3551 1116 3616; x_wconf 87' lang='lat' dir='ltr'><strong>Parlamen·</strong></span> 
     </span>
     <span class='ocr_line' id='line_1_32' title="bbox 13 3651 1117 3738; baseline 0.003 -26"><span class='ocrx_word' id='word_1_237' title='bbox 13 3656 63 3712; x_wconf 77' lang='lat' dir='ltr'><strong>tum</strong></span> <span class='ocrx_word' id='word_1_238' title='bbox 85 3651 125 3716; x_wconf 88' lang='lat' dir='ltr'><strong>in&#39;</strong></span> <span class='ocrx_word' id='word_1_239' title='bbox 140 3651 274 3738; x_wconf 83' lang='lat' dir='ltr'><strong>legibus</strong></span> <span class='ocrx_word' id='word_1_240' title='bbox 298 3653 444 3716; x_wconf 86' lang='lat' dir='ltr'><strong>ferendis</strong></span> <span class='ocrx_word' id='word_1_241' title='bbox 468 3652 599 3717; x_wconf 88' lang='lat' dir='ltr'><strong>saeculo</strong></span> <span class='ocrx_word' id='word_1_242' title='bbox 623 3651 710 3717; x_wconf 88' lang='lat' dir='ltr'>XIII</span> <span class='ocrx_word' id='word_1_243' title='bbox 743 3652 911 3716; x_wconf 87' lang='lat' dir='ltr'><strong>mediante</strong></span> <span class='ocrx_word' id='word_1_244' title='bbox 937 3651 1007 3738; x_wconf 90' lang='lat' dir='ltr'><strong>jam</strong></span> <span class='ocrx_word' id='word_1_245' title='bbox 1041 3674 1117 3715; x_wconf 90' lang='lat' dir='ltr'><strong>suas</strong></span> 
     </span>
     <span class='ocr_line' id='line_1_33' title="bbox 12 3749 1117 3835; baseline 0.001 -23"><span class='ocrx_word' id='word_1_246' title='bbox 12 3759 98 3826; x_wconf 76' lang='lat' dir='ltr'><strong>panes</strong></span> <span class='ocrx_word' id='word_1_247' title='bbox 120 3749 279 3816; x_wconf 89' lang='lat' dir='ltr'><strong>habebat.</strong></span> <span class='ocrx_word' id='word_1_248' title='bbox 330 3750 573 3815; x_wconf 83' lang='lat' dir='ltr'><strong>Gravissimum</strong></span> <span class='ocrx_word' id='word_1_249' title='bbox 605 3752 707 3835; x_wconf 87' lang='lat' dir='ltr'><strong>igitur</strong></span> <span class='ocrx_word' id='word_1_250' title='bbox 739 3759 971 3834; x_wconf 86' lang='lat' dir='ltr'><strong>argumentum</strong></span> <span class='ocrx_word' id='word_1_251' title='bbox 1002 3759 1117 3814; x_wconf 88' lang='lat' dir='ltr'><strong>contra</strong></span> 
     </span>
    </p>
   </div>
   <div class='ocr_carea' id='block_1_5' title="bbox 13 4015 1118 4324">
    <p class='ocr_par' dir='ltr' id='par_1_12' title="bbox 13 4015 1118 4324">
     <span class='ocr_line' id='line_1_34' title="bbox 68 4015 1118 4086; baseline -0.002 -15"><span class='ocrx_word' id='word_1_252' title='bbox 68 4016 84 4080; x_wconf 70' lang='grc' dir='ltr'><strong>’,ι</strong></span> <span class='ocrx_word' id='word_1_253' title='bbox 102 4021 141 4082; x_wconf 75' lang='lat' dir='ltr'><strong>„A</strong></span> <span class='ocrx_word' id='word_1_254' title='bbox 160 4017 243 4086; x_wconf 83' lang='lat' dir='ltr'><strong>peius</strong></span> <span class='ocrx_word' id='word_1_255' title='bbox 269 4017 293 4070; x_wconf 88' lang='lat' dir='ltr'><strong>le</strong></span> <span class='ocrx_word' id='word_1_256' title='bbox 312 4015 469 4072; x_wconf 87' lang='lat' dir='ltr'><strong>Parlement</strong></span> <span class='ocrx_word' id='word_1_257' title='bbox 493 4016 570 4070; x_wconf 78' lang='lat' dir='ltr'><strong>futil</strong></span> <span class='ocrx_word' id='word_1_258' title='bbox 596 4033 633 4070; x_wconf 90' lang='lat' dir='ltr'><strong>uu</strong></span> <span class='ocrx_word' id='word_1_259' title='bbox 653 4032 728 4084; x_wconf 88' lang='lat' dir='ltr'><strong>corps</strong></span> <span class='ocrx_word' id='word_1_260' title='bbox 748 4015 807 4080; x_wconf 81' lang='lat' dir='ltr'><strong>fixe,</strong></span> <span class='ocrx_word' id='word_1_261' title='bbox 832 4015 909 4083; x_wconf 88' lang='lat' dir='ltr'><strong>qu’on</strong></span> <span class='ocrx_word' id='word_1_262' title='bbox 929 4019 1118 4082; x_wconf 77' lang='lat' dir='ltr'><strong>commences</strong></span> 
     </span>
     <span class='ocr_line' id='line_1_35' title="bbox 14 4095 1117 4168; baseline 0 -20"><span class='ocrx_word' id='word_1_263' title='bbox 14 4096 116 4161; x_wconf 67' lang='lat' dir='ltr'><strong>‘moder</strong></span> <span class='ocrx_word' id='word_1_264' title='bbox 133 4113 177 4152; x_wconf 87' lang='lat' dir='ltr'><strong>ses</strong></span> <span class='ocrx_word' id='word_1_265' title='bbox 197 4098 293 4151; x_wconf 77' lang='lat' dir='ltr'><strong>arrets</strong></span> <span class='ocrx_word' id='word_1_266' title='bbox 332 4097 403 4150; x_wconf 84' lang='lat' dir='ltr'><strong>Jean</strong></span> <span class='ocrx_word' id='word_1_267' title='bbox 422 4097 455 4150; x_wconf 90' lang='lat' dir='ltr'><strong>de</strong></span> <span class='ocrx_word' id='word_1_268' title='bbox 474 4099 588 4161; x_wconf 82' lang='lat' dir='ltr'><strong>llonluc,</strong></span> <span class='ocrx_word' id='word_1_269' title='bbox 607 4113 669 4152; x_wconf 87' lang='lat' dir='ltr'><strong>sons</strong></span> <span class='ocrx_word' id='word_1_270' title='bbox 688 4097 713 4152; x_wconf 90' lang='lat' dir='ltr'><strong>le</strong></span> <span class='ocrx_word' id='word_1_271' title='bbox 733 4098 817 4164; x_wconf 79' lang='lat' dir='ltr'><strong>regne</strong></span> <span class='ocrx_word' id='word_1_272' title='bbox 835 4097 868 4149; x_wconf 89' lang='lat' dir='ltr'><strong>de</strong></span> <span class='ocrx_word' id='word_1_273' title='bbox 887 4095 1117 4168; x_wconf 73' lang='lat' dir='ltr'><strong>Philippa-leuel,</strong></span> 
     </span>
     <span class='ocr_line' id='line_1_36' title="bbox 13 4169 1118 4248; baseline 0.004 -24"><span class='ocrx_word' id='word_1_274' title='bbox 13 4169 35 4222; x_wconf 84' lang='lat' dir='ltr'><strong>tt</strong></span> <span class='ocrx_word' id='word_1_275' title='bbox 49 4175 68 4227; x_wconf 85' lang='lat' dir='ltr'><strong>le</strong></span> <span class='ocrx_word' id='word_1_276' title='bbox 84 4177 180 4232; x_wconf 86' lang='lat' dir='ltr'><strong>recueil</strong></span> <span class='ocrx_word' id='word_1_277' title='bbox 194 4175 274 4244; x_wconf 87' lang='lat' dir='ltr'><strong>qu&#39;ou</strong></span> <span class='ocrx_word' id='word_1_278' title='bbox 286 4176 373 4245; x_wconf 87' lang='lat' dir='ltr'><strong>apelle</strong></span> <span class='ocrx_word' id='word_1_279' title='bbox 389 4177 566 4248; x_wconf 71' lang='lat' dir='ltr'><strong>‚auj0urd&#39;hui</strong></span> <span class='ocrx_word' id='word_1_280' title='bbox 586 4177 625 4231; x_wconf 90' lang='lat' dir='ltr'><strong>les</strong></span> <span class='ocrx_word' id='word_1_281' title='bbox 647 4177 778 4245; x_wconf 84' lang='lat' dir='ltr'><strong>registres</strong></span> <span class='ocrx_word' id='word_1_282' title='bbox 794 4178 891 4230; x_wconf 64' lang='lat' dir='ltr'><strong>ctam,</strong></span> <span class='ocrx_word' id='word_1_283' title='bbox 920 4175 1118 4242; x_wconf 88' lang='lat' dir='ltr'><strong>Montesquieu,</strong></span> 
     </span>
     <span class='ocr_line' id='line_1_37' title="bbox 13 4250 542 4324; baseline 0.026 -25"><span class='ocrx_word' id='word_1_284' title='bbox 13 4250 37 4302; x_wconf 72' lang='lat' dir='ltr'><strong>ie</strong></span> <span class='ocrx_word' id='word_1_285' title='bbox 52 4253 147 4324; x_wconf 78' lang='lat' dir='ltr'><strong>l’esprit</strong></span> <span class='ocrx_word' id='word_1_286' title='bbox 165 4259 214 4312; x_wconf 83' lang='lat' dir='ltr'><strong>des</strong></span> <span class='ocrx_word' id='word_1_287' title='bbox 232 4257 292 4320; x_wconf 84' lang='lat' dir='ltr'><strong>lois,</strong></span> <span class='ocrx_word' id='word_1_288' title='bbox 312 4257 358 4310; x_wconf 83' lang='lat' dir='ltr'><strong>liv.</strong></span> <span class='ocrx_word' id='word_1_289' title='bbox 377 4257 420 4311; x_wconf 78' lang='lat'><strong>28.</strong></span> <span class='ocrx_word' id='word_1_290' title='bbox 440 4257 479 4310; x_wconf 91' lang='lat' dir='ltr'><strong>ch.</strong></span> <span class='ocrx_word' id='word_1_291' title='bbox 499 4258 542 4313; x_wconf 87' lang='lat'><strong>39.</strong></span> 
     </span>
    </p>
   </div>
   <div class='ocr_carea' id='block_1_6' title="bbox 0 0 1420 4844">
    <p class='ocr_par' dir='ltr' id='par_1_13' title="bbox 0 0 1420 4844">
     <span class='ocr_line' id='line_1_38' title="bbox 0 0 1420 4844; baseline 0 1"><span class='ocrx_word' id='word_1_292' title='bbox 0 0 1420 4844; x_wconf 95' lang='lat' dir='ltr'><strong> </strong></span> 
     </span>
    </p>
   </div>
  </div>
 </body>
</html>
