2868 4844
328 491 381 547 226
566 493 697 548 xxxin.
720 496 758 548 De
777 509 877 562 magno
897 493 1049 549 Occidentis
1068 494 1222 552 schismate.

330 635 579 703 subtraxerunt.
625 637 719 702 idem
744 639 896 702 fecerunt
919 659 1012 722 reges
1037 637 1200 702 Castellae
1224 651 1257 703 et
1273 639 1432 704 Naronae}

330 745 363 800 et
385 758 428 799 ex
451 738 532 822 ipsis
554 736 626 821 ejus
650 736 770 819 viginti
796 735 902 800 tribus
918 734 1155 810 Cardinalibus
1178 737 1363 814 octodecim,
1383 739 1432 822 qui

329 855 364 898 se
387 843 584 918 receperunt
600 833 883 899 Villam-Noram,
929 834 1131 900 Benedictus
1155 847 1277 916 autem,
1300 829 1432 922 quamvis}

330 931 505 996 Avenione
529 933 564 996 in
588 953 646 996 suo
671 931 793 1016 palatio
818 932 879 996 sub
904 933 1055 996 custodia
1079 944 1236 1012 retentus,
1260 932 1432 1018 pontificatui

331 1029 449 1094 cedere
472 1028 588 1095 noluit.
635 1029 675 1096 Α.
705 1031 789 1096 1403
815 1031 869 1094 die
899 1031 954 1096 12⁰
978 1030 1090 1095 Martii
1115 1032 1291 1096 Avenione
1313 1029 1427 1094 feliciter

330 1128 461 1212 aufugit
482 1127 525 1192 ad
549 1126 719 1192 castellum
738 1126 1069 1213 Chateaulleynard,
1096 1151 1207 1194 mense
1231 1127 1318 1214 Majo
1340 1141 1426 1192 arcun

331 1221 419 1290 Galli
445 1225 487 1290 ad
511 1226 735 1290 obedientiam
764 1225 940 1290 Benedicti
965 1226 1146 1292 redierunt.
1181 1227 1282 1290 Anno
1305 1227 1432 1314 sequenti}

330 1322 532 1388 Benedictus
555 1325 646 1388 misit
668 1335 813 1388 oratores
835 1324 878 1388 ad
903 1325 1119 1406 Bonifatium,
1154 1327 1212 1410 qui
1243 1326 1275 1389 oi
1308 1319 1432 1392 medical

330 1419 413 1486 illud
438 1423 580 1499 unionis,
609 1422 698 1507 quod
722 1421 777 1487 ille
801 1424 1061 1507 excogitaverat,
1088 1421 1369 1498 commendarunt,
1389 1419 1427 1482 sal

333 1520 447 1582 merito
465 1517 546 1582 illud
555 1520 709 1584 Pontifex
726 1521 902 1596 recusavit,
928 1530 961 1582 et
978 1519 1089 1584 verbis
1102 1523 1227 1584 severis
1235 1521 1426 1586 Benedictus

332 1626 368 1680 ut
399 1618 592 1703 antipapam
624 1618 832 1682 constrinxit.
879 1617 999 1682 Fertur
1029 1627 1139 1682 autem
1173 1628 1254 1683 tunc
1282 1641 1302 1684 a
1331 1617 1427 1682 nantis

332 1714 505 1780 Benedicti
546 1715 658 1780 vorbis
697 1715 865 1801 injuriosis
911 1715 1083 1780 lacessitus
1132 1717 1233 1781 fuisse
1271 1715 1429 1780 Bonifatius

331 1823 365 1877 et
387 1823 518 1878 notatus
544 1823 581 1878 ut
603 1815 820 1886 simoniacus;
846 1812 930 1877 haec
953 1816 1134 1898 aegerrime
1159 1815 1269 1878 ferens
1290 1813 1428 1878 Pontifex.

326 1911 398 1996 jam
423 1911 671 1976 infirmitatibus
695 1913 797 1976 variis
829 1913 979 1988 affectus,
1013 1913 1127 1998 paucis
1159 1912 1237 1976 inde
1272 1911 1385 1976 diebus
1403 1929 1429 1969 cr

332 2009 458 2076 calculo
484 2019 631 2074 mortuus
655 2020 714 2074 est.

162 2115 321 2217 ¹³⁰,¹,²²‘⁸²¹,¹„¹x
421 2109 474 2176 37.
499 2108 672 2172 Laudatur
684 2108 870 2172 Bonifatius
886 2107 936 2172 IX
960 2131 979 2172 a
1004 2132 1029 2172 s.
1043 2108 1214 2172 Antonino
1239 2107 1306 2172 illis
1331 2103 1421 2168 verbis

180 2187 261 2218 ΝΜ
298 2206 302 2214 ’
332 2205 421 2272 Satis
442 2205 584 2292 prudens
607 2208 751 2270 iuuentae
774 2215 819 2270 est
841 2207 876 2268 ic
892 2207 1042 2290 capim-iae
1064 2204 1232 2291 temporali
1248 2213 1418 2292 etproeterc

333 2305 417 2368 tanti
440 2305 549 2382 cadmi,
578 2305 769 2389 ciprinum
789 2301 906 2389 populi
929 2305 1069 2368 Romani
1091 2305 1152 2366 vim
1176 2325 1299 2366 omnem
1323 2305 1356 2364 ia
1378 2301 1425 2362 ila

333 2400 443 2484 tificcm
467 2400 676 2479 transtulerit,
708 2403 824 2464 crectis
851 2421 907 2464 suc
931 2410 1009 2464 autu
1032 2400 1274 2485 mapistrctibus
1308 2397 1427 2462 currina

334 2500 454 2563 munito
485 2522 557 2562 arco
590 2521 614 2564 r.
639 2498 755 2585 Anpeti
786 2509 815 2562 et
839 2499 1034 2586 paratibus.¹)
1082 2499 1126 2564 Et
1157 2521 1191 2562 re
1215 2498 1354 2584 quidem
1379 2517 1410 2554 rr

334 2596 499 2660 Bonifatio
524 2597 669 2660 maxime
693 2595 783 2662 laudi
810 2595 1004 2660 vertendum
1029 2607 1088 2676 est,
1114 2593 1202 2682 quod
1226 2597 1429 2659 auctoritates

334 2694 548 2779 temporalem
563 2695 734 2759 Pontificis
759 2696 792 2758 in
810 2693 907 2760 Italia
922 2696 1078 2775 restituit,
1103 2704 1135 2758 et
1151 2694 1276 2760 Romae
1303 2691 1411 2756 resarci

333 2792 461 2857 studuit
484 2791 616 2874 damna,
642 2815 726 2878 quae
751 2815 793 2856 ex
816 2791 974 2856 diuturna
990 2791 1189 2856 Pontificum
1214 2791 1369 2856 absentia
1389 2811 1425 2874 pr.

335 2900 505 2955 venerant.
551 2889 742 2956 Jubilaeum
776 2891 876 2954 etiam
917 2911 1039 2974 magna
1076 2912 1152 2954 cum
1183 2890 1427 2954 solemnitate·-

334 2989 520 3075 frequentia
542 3009 572 3054 a.
590 2989 674 3054 1390
699 2988 889 3054 celebravit.
914 3025 956 3036 -
982 2987 1205 3052 Vehementer
1227 2999 1345 3052 autem
1368 3009 1411 3048 aa

334 3097 468 3153 satura
491 3086 697 3152 Theoderico
722 3087 764 3150 de
786 3086 895 3164 Niem,
920 3085 1009 3172 quod
1033 3087 1195 3152 avaritiae
1220 3085 1405 3150 dedicans

334 3187 527 3265 simoniaca,
552 3185 639 3248 taxis
663 3194 696 3248 et
718 3186 851 3248 annatis
875 3185 1034 3269 pecunias
1058 3205 1263 3268 congregare
1286 3181 1423 3248 studucri

335 3283 400 3352 Sed
426 3283 614 3347 Bonifatius
645 3284 715 3368 ipse
747 3291 833 3346 certe
864 3280 927 3345 sibi
958 3279 1130 3346 thesauros
1161 3301 1368 3367 congregare
1393 3300 1424 3342 na

335 3381 481 3461 studuit3
514 3381 635 3444 etenim
667 3401 769 3465 quum
803 3389 983 3444 moreretur
1012 3379 1142 3444 nonnisi
1168 3401 1274 3444 unum
1301 3378 1418 3444 floreno

336 3479 507 3565 reliquisse
538 3477 689 3558 traditur,
724 3499 763 3541 ac
793 3479 976 3562 generatim
1007 3479 1240 3562 integerrimae
1275 3479 1342 3542 fuit
1366 3478 1405 3538 vit

336 3578 513 3642 Caeterum
538 3597 660 3660 magna
684 3575 829 3660 profecto
858 3595 895 3639 eo
920 3586 1066 3659 tempore
1097 3586 1168 3638 erut
1198 3573 1392 3652 difficultas

336 3675 493 3740 Pontifex
525 3673 688 3738 obtineret
719 3675 878 3760 pecunias
911 3675 1113 3738 necessarias
1136 3671 1177 3738 ad
1203 3669 1379 3738 Ecclesiae
1404 3693 1418 3730 a

337 3774 612 3837 ministrationem
642 3784 676 3835 et
706 3771 903 3856 guberniunr
929 3771 1065 3836 ditionis
1096 3767 1357 3834 ecclesiasticae
1401 3767 1430 3828 r:

337 3892 373 3934 se
396 3880 506 3933 autern
533 3871 565 3932 in
590 3872 721 3933 annatis
752 3892 791 3932 ac
814 3870 901 3932 taxis
931 3867 1166 3932 beneficiorum
1200 3889 1268 3930 non
1304 3869 1423 3932 contine

337 3969 524 4049 simoniam,
550 3967 607 4032 sed
631 3965 779 4052 legitima
802 3966 885 4030 haec
909 3988 980 4030 esse
996 3965 1154 4047 subsidia,
1180 3966 1339 4050 superius
1362 3977 1418 4028 oste

338 4065 467 4146 dirnus3
514 4075 714 4151 quapropter
753 4065 917 4128 immerito
955 4062 1076 4147 stylum
1115 4085 1212 4127 suum
1254 4061 1321 4126 hac
1356 4061 1392 4125 dr

416 4281 434 4347 ¹)
454 4279 524 4332 Bist.
545 4279 575 4331 P.
595 4278 645 4332 ΙΙΙ.
665 4278 709 4330 tit.
730 4277 818 4331 xxrl.
838 4293 859 4332 c.
880 4283 904 4334 3.
923 4277 947 4346 ξ.
970 4279 992 4330 l.
