2916 4842
311 493 363 545 148
473 489 572 546 XXIV.
593 491 633 545 De
651 491 770 545 dissidiis
788 491 920 546 Friderici
939 491 954 545 1
972 507 1032 546 cum
1051 492 1083 546 tt.
1105 492 1291 551 Pontificibus.

312 635 439 699 semina
454 634 668 699 dissidiorum
686 657 892 715 remansere3
918 646 1063 699 attamen
1081 635 1142 700 sub
1157 636 1263 701 Lucio
1278 637 1330 702 III
1345 637 1423 702 baud

309 734 457 817 graviter
480 731 658 797 concordia
682 733 768 796 inter
792 733 901 817 ipsum
919 743 951 796 et
967 733 1204 818 Imperatorem
1229 734 1361 799 turbata
1375 747 1438 799 est

140 865 296 967 U'bfflfu
399 875 453 941 53.
486 875 612 939 Lucius
635 875 728 960 Papa
759 874 813 938 die
843 875 904 938 24ο
926 874 1126 940 Novembris
1157 876 1236 939 anni
1264 875 1349 940 1185
1373 876 1423 938 Ve-

310 993 411 1037 ronae
435 994 453 1036 e
478 973 565 1036 vivis
589 973 757 1055 migravit.
805 971 920 1036 Altera
945 971 999 1036 die
1025 975 1057 1036 in
1083 974 1156 1058 ejus
1172 973 1281 1037 locum
1306 997 1424 1038 sumnia

311 1067 540 1134 Cardinalium
556 1069 734 1134 concordia
750 1079 885 1133 evectus
910 1081 958 1132 est
983 1070 1130 1134 &bouus
1142 1073 1202 1148 III,
1227 1081 1325 1135 antea
1339 1072 1424 1135 Lam·

310 1166 423 1231 bertus
448 1166 622 1249 Oribellus,
651 1166 839 1232 Cardinalis
872 1167 1142 1253 archiepiscopus
1166 1169 1424 1249 llIediolanensis,

311 1267 379 1350 qui,
403 1264 544 1328 turbatis
568 1265 678 1330 adhuc
702 1266 827 1331 Rornae
859 1265 968 1348 rebus,
994 1265 1146 1330 Veronae
1180 1270 1310 1332 mansit.
1365 1267 1424 1332 Sub

311 1363 374 1428 hoc
397 1362 559 1427 Pontifice
583 1363 749 1429 discordia
774 1385 851 1428 cunr
876 1362 1079 1449 Imperatore
1103 1364 1319 1429 vehementer
1342 1367 1425 1429 inva-

311 1460 386 1543 luit3
412 1461 602 1524 Fridericus
627 1463 716 1525 enim
733 1463 911 1546 persistens
926 1464 961 1525 in
977 1484 1036 1525 sua
1053 1462 1248 1527 dominandi
1265 1464 1438 1548 cupidine„

311 1560 405 1623 varia
429 1560 459 1622 ei
483 1558 525 1622 ab
550 1560 644 1623 initio
668 1561 802 1642 negotia
823 1561 1001 1624 facessivit.
1049 1560 1210 1624 Friderici
1235 1560 1323 1625 filius
1348 1562 1426 1625 Hen-

311 1657 399 1720 rious
431 1678 469 1720 eo
498 1667 645 1742 tempore
678 1659 734 1739 (27
760 1657 836 1722 Jan.
864 1657 964 1742 1186)
994 1660 1028 1722 in
1058 1660 1306 1722 matrimonium
1339 1659 1426 1722 duxit

221 1800 224 1808 -
312 1752 551 1832 Constantium,
566 1755 703 1818 amitam
720 1753 878 1819 Gulielmi
892 1755 926 1819 II
943 1758 1030 1839 regis
1048 1754 1192 1838 Siciliae,
1218 1779 1303 1842 quae
1321 1758 1427 1820 decem

311 1853 407 1914 annis
431 1862 538 1916 aetate
562 1852 746 1916 excedebat
775 1854 969 1918 Henricum.
1024 1853 1090 1918 Sed
1122 1877 1223 1940 quum
1250 1853 1428 1919 Gulielmus

311 1948 402 2042 prole
426 1959 561 2030 careret,
587 1947 781 2014 Constantia
805 1961 875 2015 erat
899 1950 1014 2016 haeres
1039 1951 1184 2033 Siciliae,
1214 1964 1247 2016 et
1270 1975 1330 2038 per
1353 1955 1438 2038 ejus·³

310 2047 401 2112 modi
433 2048 624 2132 conjugium
655 2047 846 2114 Friderious
877 2048 912 2112 id
944 2048 1093 2113 obtinere
1124 2051 1216 2114 visus
1248 2061 1306 2123 est,
1344 2049 1426 2137 quod

316 2144 443 2210 dudum
467 2147 578 2209 animo
604 2145 767 2228 volvebat,
801 2145 929 2210 scilicet
959 2158 994 2210 ut
1024 2146 1156 2212 Italiam
1186 2148 1426 2213 meridionalem

141 2243 428 2308 nrnruaeumdomui
453 2265 531 2307 suae
555 2243 750 2308 vindicaret.
802 2245 974 2328 Ejusmodi
1000 2255 1111 2309 autem
1135 2246 1378 2332 Imperat-orum
1400 2249 1438 2332 in,

151 2323 295 2362 ll¹⁶⁰'¹⁰⁰¹‘
314 2344 385 2406 istis
408 2341 558 2427 partibus
591 2340 772 2406 dominatio
797 2342 904 2427 plena,
936 2343 1117 2407 admodum
1150 2344 1336 2429 periculosa
1368 2355 1430 2408 efai

313 2549 407 2602 erant
431 2536 526 2602 Sedis
550 2535 761 2620 Apostolioae
787 2536 918 2616 vasalli,
951 2561 970 2601 a
998 2538 1120 2624 quibus
1153 2541 1277 2624 passim
1309 2539 1429 2604 auinia

313 2647 346 2700 et
369 2637 606 2722 protectionem
640 2644 753 2698 contra
778 2657 932 2698 excessus
956 2633 1198 2721 Imperatorum
1231 2637 1284 2701 vel
1319 2635 1429 2701 Roma·

312 2756 430 2797 norum
450 2731 671 2797 obtinuerant.
720 2733 795 2796 Istis
820 2734 854 2796 in
870 2735 996 2818 nuptiis
1013 2733 1204 2798 Fridericus
1228 2737 1328 2799 etiam
1346 2736 1429 2798 Hen-

312 2834 419 2896 ricum
448 2853 468 2894 a
492 2829 680 2914 patriarcha
710 2829 917 2915 Aquilcjeusi
950 2830 1131 2896 Mediolani
1164 2854 1276 2916 regem
1308 2833 1430 2916 Longo·

312 2927 450 2992 bardiae
474 2929 624 2991 coronari
638 2927 734 3010 fecit3
760 2927 881 2992 deinde
899 2949 974 2992 eum
992 2931 1125 3014 propria
1142 2937 1339 2994 auctoritate
1356 2929 1438 2994 Cae?

313 3049 419 3092 sarem
454 3035 486 3089 et
514 3027 747 3111 Imperatorem
782 3027 877 3092 dixit.
902 3065 946 3074 —
978 3028 1046 3090 Ista
1076 3029 1223 3112 profecto
1255 3029 1438 3120 admodum

314 3124 512 3211 displicuere
538 3123 672 3188 Urbano
697 3123 758 3205 III,
789 3126 845 3209 qui
875 3125 1098 3210 patriarcham
1122 3124 1372 3211 Aquilcjensem
1405 3139 1431 3188 et

314 3222 475 3310 quosdam
505 3223 685 3306 episcopos,
719 3223 775 3306 qui
805 3225 875 3286 sine
899 3223 1004 3307 ipsius
1038 3245 1201 3287 consensu
1232 3215 1438 3288 coronationi

314 3318 361 3386 illi
387 3319 613 3396 interfuerant,
638 3320 748 3383 officio
773 3319 955 3404 suspendit.

403 3471 457 3534 54.
481 3470 586 3534 Erant
602 3491 698 3555 porro
714 3470 864 3534 Pontifici
889 3473 990 3533 etiam
1014 3469 1099 3533 aliae
1116 3469 1157 3533 de
1172 3469 1343 3535 Friderico
1360 3491 1429 3556 que·

314 3569 411 3635 relae.
439 3569 624 3654 ,Dominus
648 3568 749 3652 Papa,
775 3567 890 3631 scribit
906 3567 1073 3632 Arnoldus
1090 3567 1304 3649 Lubeoensis,
1329 3583 1366 3633 ut
1389 3590 1434 3632 ze·

314 3669 399 3732 lator
417 3667 567 3750 justitiae
600 3687 658 3750 pro
683 3664 876 3729 defensione
911 3675 1044 3730 sauctae
1075 3666 1244 3730 Romanae
1278 3667 1438 3731 eeclesiae

315 3774 505 3830 constanter
516 3763 645 3847 agebat,
671 3785 731 3826 nee
755 3765 875 3827 terreni
890 3765 1019 3849 imperii
1038 3775 1187 3828 metuens
1203 3766 1438 3850 principatum,

314 3884 401 3951 quae
425 3863 474 3926 sui
494 3861 580 3946 juris
604 3871 698 3924 erant
722 3861 906 3946 intrepidus
930 3860 1128 3947 requirebat.
1166 3861 1338 3946 Arguebat
1359 3875 1438 3925 sane

315 3964 551 4048 Imperatorem
562 3959 603 4024 de
617 3959 815 4044 patrimonio
829 3957 1190 4041 dominaeMecbtildis,
1205 3959 1325 4045 dequo
1341 3979 1438 4043 supra

317 4060 439 4124 mentio
464 4057 552 4121 facta
576 4068 633 4140 est,
666 4057 753 4144 quod
778 4057 820 4121 ab
846 4056 900 4120 illo
926 4058 1046 4142 injuste
1071 4066 1270 4142 occupatum
1296 4057 1438 4120 dicebat

317 4155 518 4222 Affirmabat
546 4157 655 4235 etiarn,
690 4155 778 4241 quod
803 4157 1034 4240 opiscoporum
1065 4156 1205 4218 exuvias
1236 4155 1355 4242 injuste
1388 4175 1438 4217 acm

317 4259 451 4342 ciperet,
476 4275 561 4339 quae
586 4254 665 4319 dum
690 4255 770 4339 ipsis
795 4255 932 4317 mortuis
957 4253 998 4318 de
1022 4253 1169 4317 ecelesiis
1184 4254 1365 4338 rapiantur,
1389 4273 1438 4314 ec*
