2916 4842
257 493 345 547 Lucre
363 493 495 548 Friderici
515 493 528 547 1
547 499 643 547 contra
662 491 845 547 Alexandrum
863 489 913 546 111.
1097 491 1149 545 ¹39

63 657 117 700 sero
137 638 164 700 ei
186 636 451 702 benedictionem
475 647 508 701 et
530 639 622 723 pacis
646 635 795 701 osculum
813 634 1008 722 praebuit.¹)
1033 634 1148 699 Altera

62 733 98 796 die
116 733 195 820 (25⁰)
217 734 371 799 Pontifex
403 735 586 813 secundum
618 745 696 799 vota
727 735 939 819 Imperatoris
971 734 1147 797 missarum

60 829 188 895 solemnia
210 831 265 896 illo
289 843 461 918 praesente
486 830 677 913 celebravit,
704 830 941 916 homiliamque
957 833 1147 916 pronuntia-

59 929 106 1006 n't3
126 927 174 992 die
195 951 275 994 vero
302 931 339 994 1⁰
361 930 504 1014 Augusti
529 928 720 994 solemniter
752 951 819 1014 pax
842 938 876 994 et
899 928 1076 993 concordia
1094 929 1146 1015 ju·

58 1028 184 1090 umentis
206 1026 311 1092 solitis
334 1027 464 1092 firmata
488 1036 546 1092 est.
587 1027 776 1092 Fridericus
800 1049 876 1090 cum
893 1028 961 1090 suis
976 1025 1146 1091 schismati
1156 1042 1206 1082 1²⁸1
1215 1041 1322 1084 venen.

58 1126 268 1207 enuntiarunt,
286 1124 582 1210 Alexandrumque
599 1134 808 1209 agnoverunt
823 1134 860 1188 ut
873 1123 1058 1208 legitimum
1077 1127 1147 1188 uni·
1206 1101 1273 1146 ¹²¹²*

58 1220 164 1286 versalia
179 1222 350 1288 Ecclesiae
373 1231 492 1308 caput3
517 1234 666 1287 mutuam
684 1224 921 1310 protectionem
936 1232 969 1287 et
984 1219 1153 1294 auxilium

56 1315 101 1380 sibi
121 1321 338 1404 promiserunt
365 1321 550 1406 imperator
573 1331 605 1385 et
628 1321 793 1403 Pontifex,
826 1330 1052 1406 statutumque
1076 1322 1149 1404 fuit,

56 1427 82 1475 rt
99 1414 174 1481 bona
196 1417 357 1482 ecclesiae
380 1419 550 1483 Romanae
574 1429 686 1505 erepta
710 1419 936 1485 redderentur.
961 1416 1048 1483 Cum
1064 1420 1150 1484 Lon·

55 1511 182 1595 goberdis
212 1516 370 1580 induciae
402 1538 460 1580 sex
492 1538 671 1602 annorum,
711 1539 786 1581 cum
818 1515 984 1582 Gulielmo
1015 1515 1150 1582 Siciliae

57 1633 111 1695 rege
131 1635 193 1698 pax
218 1614 412 1700 quindecim
440 1635 613 1696 annorum,
644 1615 794 1679 firmatae
818 1624 904 1678 sunt.
950 1613 1074 1697 Magna
1102 1616 1149 1678 in-

58 1707 195 1792 dulgentia
226 1714 261 1777 in
286 1712 512 1777 schismaticos
536 1711 730 1778 Alexander
761 1735 839 1778 usus
871 1723 929 1778 est.
985 1710 1152 1778 Convenit

57 1806 192 1890 videlicet,
217 1819 256 1872 ut
279 1810 401 1875 Joanni
427 1809 609 1875 strumensi
634 1810 779 1895 (Calixto
803 1810 868 1894 III)
892 1812 1070 1896 antipapae
1093 1810 1149 1875 ab·

55 1903 122 1969 batia
143 1907 389 1990 concederetur,
423 1917 456 1971 et
478 1907 595 1994 reliqui
625 1909 828 1973 schismatici
862 1911 896 1972 in
928 1908 1150 1974 anterioribus

53 2004 101 2065 suis
121 2005 323 2086 muneribus,
354 2008 386 2069 iu
413 2004 534 2091 quibus
557 2017 634 2070 ante
666 2007 810 2072 schisma
841 2018 944 2089 erant,
976 2009 1150 2092 persistere

55 2113 176 2184 possent3
206 2103 250 2167 de
275 2106 376 2168 variis
401 2103 535 2168 sedibus
559 2104 803 2191 episcopalibus
827 2106 951 2190 insigni
975 2125 1051 2168 oum
1076 2127 1150 2190 pru·

54 2195 140 2263 lentie
165 2201 325 2266 Pontifex
358 2201 527 2286 disposuit.
584 2201 696 2284 Quum
730 2203 921 2268 Fridericus
952 2202 1150 2286 adverteret,

54 2293 256 2364 Alexandrum
284 2299 336 2364 III
359 2298 450 2364 nulla
481 2299 544 2364 sibi
577 2302 641 2387 ipsi
673 2300 848 2365 commoda
876 2322 1050 2387 quaerere,
1083 2323 1151 2365 non

54 2394 182 2460 mediocri
207 2419 289 2482 erga
312 2419 387 2461 cum
413 2400 625 2463 veneratione
649 2400 787 2463 affectus
811 2409 869 2482 est,
899 2409 931 2463 et
954 2398 1076 2464 exinde
1100 2421 1150 2462 us·

53 2511 98 2572 que
121 2493 161 2558 ad
184 2494 371 2560 Alexandri
394 2495 446 2560 ΙΙΙ
479 2495 607 2561 obitum
639 2497 851 2562 concordiam
881 2519 956 2561 cum
986 2499 1056 2582 ipso
1087 2519 1151 2560 ser-

53 2591 132 2654 ravit.

118 2735 167 2799 44.
199 2733 331 2815 Quodsi
364 2757 403 2800 ea
427 2736 614 2822 perpendis,
646 2759 730 2822 quae
762 2737 803 2800 de
827 2735 984 2802 conflictu
1009 2735 1151 2800 Hadria-

52 2848 111 2892 num
131 2831 177 2895 IV
202 2842 236 2896 et
259 2832 489 2898 Alexandrum
513 2833 565 2898 III
593 2835 679 2899 inter
712 2845 744 2898 et
767 2834 976 2900 Friderieum
1007 2833 1151 2919 Impera·

50 2937 131 2991 torem
154 2932 395 3012 enarravimus,
419 2930 500 2995 illud
525 2954 604 2997 sane
621 2933 834 2998 manifestum
858 2942 915 3014 cst,
941 2933 1072 3018 culpam
1096 2956 1149 3019 pe·

52 3025 119 3087 nitus
140 3049 180 3090 ex
203 3038 300 3113 parte
324 3028 486 3093 Friderici
511 3029 623 3112 fuisse,
656 3030 867 3094 Hadrianum
899 3052 977 3094 vero
1011 3041 1044 3094 et
1075 3030 1151 3096 Ale·

52 3122 192 3189 xandrum
216 3128 459 3208 auctoritatem,
485 3127 682 3213 dignitatem
707 3139 739 3192 et
757 3129 835 3214 jura
850 3128 1062 3215 pontificatus
1086 3151 1151 3194 me-

52 3219 97 3282 rito
118 3234 228 3288 contra
253 3246 331 3288 eum
355 3224 554 3306 vindicasse,
579 3228 626 3289 uti
651 3225 685 3290 id
709 3248 822 3291 eorum
847 3228 957 3291 officio
982 3226 1151 3294 incumbe-

52 3311 100 3379 bat
144 3319 263 3401 Quoad
285 3321 429 3387 indolem
446 3321 634 3387 schismatis
651 3326 757 3388 exorti
773 3325 1015 3390 advertendum
1038 3334 1151 3391 tamen

51 3423 93 3485 0⁸2
114 3421 301 3500 primariam
319 3423 577 3484 controversiam
593 3421 694 3485 fuisse
719 3422 759 3487 de
774 3425 923 3508 per-souis
939 3423 1150 3506 Pontificum,

53 3530 99 3575 non
122 3537 194 3580 vero
219 3517 263 3582 de
289 3520 357 3604 ipso
376 3521 531 3604 primatu.
579 3520 678 3585 Unde
708 3519 840 3584 facilius
871 3521 942 3585 fieri
967 3523 1084 3607 potuit,
1114 3533 1152 3586 ut

108 3791 125 3843 ¹}
142 3793 181 3847 De
198 3795 233 3848 iis
253 3810 322 3860 quae
343 3794 465 3848 venetiis
492 3801 572 3863 gesta
595 3801 670 3856 sunt,
685 3795 807 3850 narratio
833 3801 960 3850 accurata
988 3801 1080 3849 exstat
1098 3797 1151 3850 Ro-

54 3869 132 3925 uueldi
141 3872 304 3929 Salernitani
324 3875 448 3943 episcopi,
469 3875 514 3940 qui
534 3879 662 3942 tanquam
682 3877 791 3945 legatus
805 3876 932 3930 Gulielmi
951 3875 1025 3944 regis
1043 3875 1152 3932 Siciliae

54 3949 311 4019 mississemus,
330 3970 445 4021 suasque
463 3954 492 4008 iu
511 3954 546 4009 iis
565 3954 661 4009 habuit
679 3962 776 4024 partes.
815 3955 848 4010 V.
868 3954 1022 4009 Watterich
1040 3955 1077 4011 11.
1096 3956 1150 4012 655

55 4039 88 4090 At
112 4059 139 4069 -
157 4032 197 4086 Ab
215 4033 340 4088 omnibus
359 4033 474 4088 emditis
492 4049 575 4088 sanae
593 4034 692 4089 mentis
708 4035 765 4104 jam
784 4035 907 4104 rejicitur
932 4037 1026 4103 inepta
1044 4035 1092 4089 illa
1110 4037 1151 4089 fa-

55 4101 107 4170 lli&
124 4113 301 4169 Alexandrum
321 4115 362 4168 ΙΙΙ
382 4115 449 4182 pede
467 4115 595 4182 pressisse
613 4120 696 4184 caput
713 4114 888 4183 Imperatoris
907 4115 984 4181 eique
1003 4115 1152 4170 insultasse

56 4183 85 4238 bb
105 4191 256 4250 Psalmistae
279 4195 383 4250 verbis:
424 4193 525 4262 ,Super
553 4196 673 4263 aspidem
697 4201 726 4250 et
753 4195 906 4250 basiliscum
931 4194 1093 4260 ambulabis,
1122 4203 1151 4250 et

56 4269 194 4328 menam
212 4276 317 4331 leonem
335 4283 364 4330 et
381 4274 548 4330 draconem.“
