2844 4840
289 439 341 492 106
502 435 603 494 XXXI.
623 435 663 492 De
682 435 830 493 abolitione
848 436 956 492 OrdInis
974 435 1198 505 Templariorum.

377 580 417 644 In
434 581 537 644 variis
561 579 769 646 dioecesibus
784 579 923 663 Galliae,
948 582 996 644 uti
1015 581 1088 667 jam
1112 579 1270 662 diximus,
1292 579 1401 644 codem

288 689 436 765 tempore
460 680 616 743 examina
629 679 894 765 Templeriorum
918 679 1111 760 factasunt,
1135 677 1287 742 adbibita
1308 679 1402 742 etism

288 787 413 841 tortura
437 776 620 842 secundum
644 799 794 842 normam
818 777 1021 864 procedendi
1044 775 1133 841 illius
1156 777 1323 862 temporis.
1364 775 1404 838 Et

289 875 412 962 ubique
436 875 505 940 fere
527 878 673 940 accusati
698 897 770 940 reos
793 899 828 940 se
851 898 923 941 esse
938 875 1017 940 fassi
1034 884 1128 956 sunt3
1152 897 1219 939 non
1237 875 1405 939 defuerunt

289 984 399 1038 tamen
423 975 479 1060 qui
505 973 637 1059 culpam
662 976 795 1038 omnino
821 983 994 1058 negarunt.
1041 972 1097 1038 Sic
1121 993 1232 1037 coram
1256 975 1405 1059 episcopo

277 1070 544 1137 'Claramontsno
569 1095 612 1135 ex
628 1072 670 1136 69
694 1081 902 1157 negaverunt
925 1072 967 1136 29
992 1093 1026 1134 se
1050 1091 1123 1134 reos
1146 1093 1228 1150 esse,
1252 1070 1408 1134 addentes

289 1169 511 1234 confessiones
549 1169 784 1255 praecedentes
824 1179 955 1234 coactas
994 1169 1094 1233 fuisse
1131 1168 1174 1233 ob
1209 1172 1407 1237 torturam¹l

288 1266 412 1332 Elenae
425 1289 503 1332 vero
520 1267 563 1332 25
578 1269 723 1332 accusati
748 1289 862 1332 omnes
885 1267 929 1331 ad
946 1289 1060 1348 unum,
1085 1268 1280 1331 innocentes
1296 1289 1329 1330 se
1344 1289 1409 1330 esse

289 1367 462 1429 contestati
487 1366 602 1448 sunt.²)

378 1481 430 1546 23.
462 1482 502 1544 Iu
519 1481 659 1566 Anglia:
687 1481 898 1568 ,Templarii,
924 1481 1040 1546 scribit
1054 1480 1300 1566 Walsingham.
1325 1481 1408 1565 capti

151 1582 161 1610 ¹
201 1580 263 1608 ⁰¹³⁰·
288 1588 320 1642 et
343 1581 489 1643 accusati
514 1579 704 1644 fatebantur
726 1579 861 1662 famam,
893 1578 951 1644 sed
980 1601 1046 1643 non
1071 1579 1205 1664 factum,
1239 1581 1306 1643 nisi
1331 1601 1411 1642 unus

289 1676 342 1740 vel
367 1675 431 1740 duo
456 1676 576 1742 ribaldi
610 1679 759 1741 inomni
792 1687 895 1752 statu;
933 1699 1047 1741 omnes
1078 1687 1188 1741 tamen
1222 1676 1412 1741 fatebantur

289 1773 432 1838 finaliter
456 1797 521 1838 nou
545 1797 641 1860 posse
667 1775 708 1839 dc
732 1775 795 1839 sibi
821 1776 982 1861 impositis
1011 1797 1045 1838 se
1080 1797 1231 1861 purgare,
1273 1786 1308 1839 et
1344 1773 1412 1838 ideo

289 1873 471 1958 adjudicati
496 1873 630 1937 fuerunt
652 1896 711 1959 per
735 1873 920 1938 Concilium
950 1882 1129 1959 perpetuae
1157 1874 1411 1959 poenitentiae*

291 1968 440 2034 Concilio
463 1971 526 2034 hac
551 1974 585 2036 in
609 1995 644 2036 re
667 1971 784 2036 habita
808 1983 886 2036 sunt
901 1971 1046 2036 Eboraci
1070 1994 1098 2036 a.
1119 1972 1203 2036 1310
1218 1982 1251 2035 et
1268 1971 1412 2036 Londini

290 2091 319 2133 a.
339 2070 434 2134 1311.
459 2108 502 2118 -
526 2071 565 2133 In
580 2069 677 2134 Italia
702 2091 833 2155 quoque
858 2079 971 2134 contra
988 2069 1193 2155 Templarios
1217 2071 1413 2155 inquisitum

288 2177 348 2247 est,
373 2189 413 2230 ac
429 2165 539 2252 plures
563 2189 635 2232 reos
659 2189 693 2232 se
718 2191 787 2232 esse
812 2168 953 2232 confessi
979 2177 1065 2232 sunt.
1098 2167 1212 2232 Mense
1225 2166 1413 2252 Septembri

290 2287 318 2330 a.
347 2263 432 2329 1310
456 2264 603 2332 Joannes
627 2263 1059 2351 archiepiscopus'Pisanus
1082 2275 1114 2330 et
1140 2265 1312 2331 Antonius
1338 2270 1418 2352 epis-1

291 2383 393 2447 copus
417 2363 638 2444 Florentinus,
670 2363 828 2450 adjuncto
852 2365 949 2429 Petro
973 2363 1105 2428 Judicis
1130 2365 1294 2429 canonico
1319 2364 1418 2426 Vero-¹

290 2462 395 2541 nensi,
420 2460 608 2526 Florentiae
624 2463 783 2526 tredecim
797 2462 1012 2548 Templarios,
1038 2461 1195 2526 videlicet
1218 2485 1279 2526 sex
1297 2462 1417 2528 milites

288 2672 317 2727 cl.
339 2673 369 2730 Ρ.
390 2675 417 2734 Ο,
439 2673 477 2728 be
496 2673 588 2728 Smedt
607 2675 631 2728 S.
646 2675 672 2730 J.
693 2675 836 2729 Habentur
854 2676 883 2729 in
902 2675 960 2742 eJus
980 2673 1179 2729 Dissertatione
1199 2673 1244 2728 De
1263 2659 1417 2728 abolitioni

290 2755 515 2822 sempter-iorum,
536 2769 605 2820 quae
623 2755 819 2824 autographice
838 2755 953 2822 quidem,
972 2770 1026 2808 non
1045 2769 1109 2808 vero
1128 2754 1201 2822 prelo
1221 2755 1359 2822 impressa
1378 2771 1416 2808 et·

290 2841 355 2887 stat.
371 2864 401 2874 -
416 2834 458 2890 Ill.
471 2833 567 2889 Hefele
581 2849 666 2903 egens
678 2836 711 2890 de
723 2836 902 2904 indagatione
914 2835 1114 2890 commissionis
1127 2835 1287 2904 pontificiae
1301 2853 1327 2888 a.
1346 2837 1416 2892 teto,

287 2915 367 2970 dicit:
398 2915 482 2980 „Pars
507 2915 591 2968 multo
617 2916 702 2984 major
727 2931 816 2972 eorum
843 2917 889 2982 qui
909 2915 997 2970 auditi
1015 2923 1087 2982 sunt,
1116 2917 1168 2970 imo
1193 2915 1284 2970 multa
1304 2929 1416 3000 centens,

288 2995 465 3048 membrorum
484 2995 592 3049 Ordinis
620 3011 689 3062 quac
715 2997 887 3064 interrogata
915 2996 1034 3063 fuentnt,
1062 2997 1260 3052 contenderunt
1292 2997 1416 3052 Onlinrul

287 3089 345 3128 esse
358 3074 552 3130 innocentem.“
580 3074 608 3130 C.
623 3075 655 3129 G.
668 3075 698 3130 T.
712 3075 759 3131 Vl.
773 3077 789 3146 ξ
803 3078 863 3134 698.
883 3077 934 3131 Sed
946 3077 970 3130 si
983 3076 1048 3132 haec
1061 3075 1132 3131 forte
1146 3075 1264 3142 valeant,
1280 3088 1415 3144 qnatenus

287 3154 319 3207 de
333 3155 416 3222 culpo
436 3157 522 3208 totius
538 3157 653 3210 Ordinis
673 3157 774 3225 agitur,
794 3163 867 3211 certe
880 3157 951 3210 haud
965 3157 1006 3210 ita
1024 3156 1110 3225 accipi
1128 3163 1248 3224 possunt,
1270 3171 1305 3210 ac
1319 3157 1343 3211 si
1362 3171 1415 3224 pre

258 3235 263 3245 ¹
287 3231 374 3300 priam
393 3234 498 3302 culpem
517 3235 625 3301 plurimi
644 3253 697 3291 non
717 3237 832 3291 confessi
852 3237 918 3293 sint.

362 3323 384 3392 ¹)
402 3322 436 3378 V.
456 3323 559 3388 Hefele,
583 3325 601 3379 l.
621 3342 642 3380 c.

360 3411 381 3478 ²)
401 3411 433 3465 In
452 3413 566 3466 civitate
585 3413 671 3468 Eleae
690 3429 721 3469 eo
740 3421 859 3482 ternpore
886 3414 963 3469 sedes
991 3413 1150 3483 episcopalis
1178 3419 1239 3468 erat
1268 3417 1414 3470 comitates

287 3489 460 3545 Ruscinensis
479 3493 664 3563 (Roussillcn).
702 3495 854 3549 Comitatus
877 3495 900 3549 is
923 3495 1031 3562 quidem
1054 3496 1088 3548 ad
1106 3510 1221 3563 regnum
1239 3495 1414 3566 Arragouirs

286 3571 452 3638 pertinebat,
480 3573 526 3627 sed
554 3575 693 3643 episcopus
720 3576 830 3630 suberat
853 3576 1060 3643 metropolitano
1084 3575 1288 3637 Narbonnensi.
1321 3593 1337 3630 a
1366 3593 1414 3642 quur

286 3665 398 3705 examen
416 3651 636 3720 Templeriorum,
666 3656 783 3710 rnilitum
811 3663 840 3709 et
859 3656 975 3710 fratrum
995 3657 1030 3710 25
1049 3655 1095 3722 qui
1116 3656 1217 3710 Elsnae
1244 3654 1276 3710 in
1300 3657 1414 3725 ipsomet

287 3731 396 3784 aedibus
416 3733 551 3802 (Mensam
571 3733 633 3806 Dei)
652 3735 851 3800 detinebantur,
872 3735 1030 3802 Raymnndo
1049 3735 1171 3804 episcopo
1191 3735 1327 3792 lileriensi
1352 3753 1413 3790 con·

286 3811 369 3865 missa
387 3818 435 3866 est.
472 3813 591 3868 Tortura
609 3831 662 3870 non
681 3817 737 3870 fuit
755 3815 885 3872 adhibita.
918 3833 1010 3871 omnes
1033 3825 1124 3872 autem
1143 3817 1358 3874 contenderunt
1391 3831 1413 3870 ss

286 3905 345 3946 reos
363 3908 416 3947 non
435 3907 500 3948 esse.
537 3895 740 3952 Advertendum
759 3906 809 3962 est,
837 3897 884 3951 hos
902 3896 1068 3965 Templarios
1094 3897 1177 3952 fuisse
1196 3899 1413 3966 arragonenses,

286 3972 332 4039 qui
351 3987 411 4028 cum
429 3973 588 4042 Templariis
607 3977 738 4032 Franciac
756 3978 943 4033 commercium
962 3993 1015 4032 non
1034 3977 1180 4032 habebant.
1220 3977 1306 4034 Haud
1328 3979 1413 4050 ridenp

286 4059 333 4108 tur
352 4061 430 4108 extra
448 4069 563 4123 regnum
581 4057 752 4126 arragoniae
771 4058 862 4122 fuisse,
882 4057 935 4112 imo
959 4059 1051 4125 plures
1069 4071 1174 4125 semper
1193 4056 1302 4112 Eleusa
1322 4061 1412 4112 morati

286 4133 406 4188 fuerent.
432 4133 509 4188 Unde
523 4133 579 4190 lieri
598 4137 697 4205 potuit,
716 4144 748 4192 ut
767 4153 784 4191 s
802 4137 974 4206 corruptions
993 4145 1084 4192 essent
1103 4137 1251 4205 immunes5
1271 4153 1319 4194 res
1339 4139 1412 4192 tiabit

288 4213 405 4269 videtur.
