3000 4838
610 385 620 412 ι

293 453 327 507 72
490 451 595 508 XXIII.
616 455 655 510 De
672 461 749 510 statu
767 455 868 511 Eooles.
888 457 971 525 priori
990 457 1076 512 medio
1094 473 1163 514 saec.
1182 457 1246 514 XII.

292 597 417 682 passim
441 599 585 662 inveniri
615 598 803 663 nullatenus
833 609 950 684 potest.
997 600 1105 666 Verae
1129 602 1322 688 prophetiae
1346 625 1423 689 gra-

291 697 379 759 vitas
403 705 501 781 atque
526 695 680 782 majestas
703 699 815 761 nescio
839 720 881 762 an
906 708 1123 784 componatur
1155 723 1231 764 eum
1266 700 1425 786 abruptis

293 793 456 879 ejusmodi
481 797 663 876 sententiis,
688 817 773 880 quae
796 805 970 860 stemmata
987 797 1041 862 vel
1055 801 1198 883 patriam
1215 799 1422 866 Pontificum

293 901 444 978 spectare
496 892 662 958 dicuntur.
722 895 814 957 Dum
863 892 945 959 tales
994 897 1249 962 vaticinationes
1298 895 1425 962 leviter

293 988 510 1072 admittimus,
534 990 718 1076 periculum
736 1003 793 1076 est,
811 1013 852 1056 ne
866 1014 966 1058 verae
982 992 1175 1079 prophetiae
1191 994 1422 1080 detrahamus,

295 1087 433 1172 ejusque
457 1089 525 1152 vim
551 1088 766 1154 infirmamus.

143 1183 268 1290 “51ss³
385 1186 438 1250 91.
486 1186 599 1250 Tertia
627 1186 681 1251 die
716 1197 790 1273 post
823 1197 962 1253 mortem
992 1187 1171 1254 Ooelestini
1199 1189 1233 1254 II
1261 1192 1422 1256 Pontifex

237 1275 242 1287 ’
294 1285 503 1348 renuntiatus
536 1295 585 1348 est
613 1285 728 1350 Lucios
756 1286 799 1363 II,
831 1294 929 1350 antea
952 1284 1122 1351 Gerardus
1139 1285 1421 1370 Oacoianimicus‚

293 1380 524 1464 Bononiensis,
553 1404 652 1468 quem
670 1377 845 1447 Honorius
869 1382 903 1446 II
926 1405 968 1447 ex
991 1387 1150 1449 canonico
1174 1386 1317 1470 regulari
1339 1385 1421 1452 Car-

295 1478 440 1543 dinalem
472 1489 694 1565 coaptaverat.
740 1480 924 1545 Normanni
949 1503 987 1546 eo
1012 1493 1158 1568 tempore
1183 1487 1302 1549 iterum
1325 1489 1420 1550 terri·

294 1579 378 1641 toria
390 1577 561 1642 Ecclesiae
574 1577 743 1642 Romanae
761 1577 911 1664 subjecta
932 1579 1142 1662 infestabant,
1165 1592 1196 1644 et
1209 1582 1370 1666 Rogerius
1382 1585 1422 1650 II

294 1674 429 1760 quidem
465 1675 506 1740 de
541 1697 623 1761 pace
659 1676 850 1740 omnimoda
885 1679 1117 1742 constituenda
1151 1682 1308 1744 tractavit
1338 1704 1419 1746 eum

294 1772 400 1836 Lueio
424 1772 468 1855 II,
493 1773 550 1837 ssd
576 1773 743 1838 discordia
767 1796 832 1840 non
857 1777 989 1860 penitus
1013 1774 1144 1841 sublata
1168 1787 1225 1844 est.
1272 1779 1419 1844 Romani

294 1891 373 1935 voro
398 1871 440 1936 ab
465 1870 612 1936 Arnaldo
637 1874 774 1958 ejusque
797 1872 930 1937 asseclis
955 1876 1100 1958 excitati,
1129 1897 1230 1961 quum
1250 1876 1322 1962 jam
1350 1881 1418 1962 pri·

295 1967 370 2032 dem
386 1972 583 2034 senatoriam
599 1970 795 2055 dignitatem
819 1971 1065 2054 instaurasssut,
1092 1975 1267 2057 patricium
1284 1997 1420 2062 quoqne

294 2077 374 2131 tunc
398 2068 568 2153 elegerunt
586 2068 769 2134 Jordanem
788 2067 921 2150 Leonis,
945 2069 1099 2133 Anacloti
1123 2070 1420 2157 pseudopontificis

294 2166 439 2248 fratrem,
477 2168 531 2230 cui
567 2176 726 2251 tanquam
765 2167 907 2252 principi
943 2179 1106 2252 parerent.
1153 2168 1366 2234 Postularunt
1398 2195 1420 2236 a

294 2262 465 2341 Pontifice,
491 2275 528 2327 ut
542 2263 621 2328 huic
645 2263 777 2328 cederet
793 2266 904 2328 omnia
928 2265 1051 2348 regalia
1075 2286 1254 2352 omnesque
1278 2267 1419 2350 reditus,

295 2361 425 2447 sibique
454 2370 584 2427 tantum
617 2362 763 2427 decimas
794 2371 825 2426 et
849 2361 1032 2427 oblationes
1063 2366 1234 2448 retineret3
1267 2365 1421 2432 violento

295 2479 427 2544 quoque
450 2461 548 2525 modo
570 2459 694 2547 palatia
718 2459 880 2525 nobilium
905 2471 938 2524 et
954 2459 1193 2546 Cardinalium,
1219 2466 1283 2528 imo
1309 2467 1419 2550 ipsam

295 2581 320 2621 s.
350 2558 438 2622 Petri
472 2558 645 2624 ecclesiam
670 2559 815 2623 infestati
840 2569 925 2624 sunt.
973 2559 1111 2624 Frustra
1133 2561 1258 2626 Lucius
1289 2563 1422 2628 auxilia

295 2655 393 2739 petiit
414 2678 435 2719 a
460 2654 612 2720 Conrado
636 2655 688 2720 ΠΙ
712 2653 913 2720 Germaniae
937 2679 1023 2741 rege,
1054 2669 1152 2744 atque
1176 2661 1291 2723 inanes
1315 2662 1418 2724 ctiam

294 2753 432 2818 fuerunt
454 2754 526 2840 ejus
550 2763 697 2839 conatus,
722 2763 758 2818 ut
773 2777 832 2840 per
850 2775 905 2819 eos
929 2757 985 2840 qui
1010 2758 1073 2841 ipsi
1088 2769 1315 2821 remanserant
1338 2758 1419 2822 fido·

293 2850 341 2914 les
374 2863 598 2939 compesceret
624 2850 761 2917 rebelles
793 2873 915 2937 eosque
949 2875 992 2918 ex
1024 2852 1186 2940 Capitolio
1225 2855 1417 2941 expelleret.

295 2949 408 3015 Refert
431 2949 633 3016 Godefridus
654 2950 882 3032 Viterbiensis,
906 2947 1017 3037 ipsum
1037 2952 1234 3017 Pontificem
1258 2976 1298 3016 ea
1322 2974 1419 3018 occa-

296 3049 388 3112 sione
403 3048 572 3135 lapidibus
588 3051 775 3134 impetitum
800 3071 880 3130 esse,
906 3059 938 3114 et
956 3073 999 3113 ex
1016 3051 1152 3114 vulnere
1169 3061 1300 3136 recepto
1317 3051 1416 3115 brevi

295 3157 369 3232 post
399 3169 470 3212 csse
505 3145 718 3234 mortuum;¹)
748 3148 848 3233 juxto
879 3146 961 3212 alios
992 3159 1142 3213 auctores
1177 3151 1345 3214 aerumnis
1378 3173 1419 3214 ac

294 3244 404 3308 taedio
428 3247 518 3310 vitae
543 3248 588 3309 ita
611 3247 749 3310 affectus
772 3245 836 3310 fnit
858 3246 1023 3328 Pontifex,
1056 3257 1092 3310 ut
1116 3246 1194 3311 inde
1213 3248 1285 3332 jam
1308 3249 1419 3333 prImo

294 3366 382 3409 anno
406 3344 619 3429 pontificatus
643 3345 705 3425 sui,
734 3344 788 3408 die
815 3345 873 3409 15⁰
897 3344 1070 3408 Februarii
1095 3346 1173 3410 anni
1200 3345 1296 3426 1145,
1320 3367 1420 3410 occu-

291 3440 413 3507 buerit.

384 3542 439 3605 92.
468 3542 507 3605 In
532 3541 603 3626 ejus
626 3541 735 3604 locum
754 3540 807 3604 die
833 3540 891 3604 17ο
908 3539 1083 3604 Februarii
1107 3540 1230 3605 electus
1255 3541 1420 3628 estEape-

293 3641 367 3703 aius
390 3640 450 3704 III.
498 3639 531 3703 Is
555 3647 653 3702 antea
669 3637 859 3702 Bernardus
884 3637 991 3701 dictus
1016 3648 1048 3702 et
1072 3639 1216 3723 primum
1237 3639 1418 3705 vicedomi-

294 3759 358 3801 nus
381 3739 531 3819 Pisanus,
557 3735 644 3818 dein,
670 3735 824 3800 omnibus
848 3735 1028 3800 mundanis
1052 3757 1110 3821 pro
1133 3734 1263 3800 Christo
1288 3739 1418 3822 spretis,

296 3835 482 3899 Claravalle
507 3833 689 3899 monachus
713 3834 819 3898 faetus
843 3843 892 3897 est
915 3832 1015 3898 subs.
1032 3832 1202 3898 Bernardo
1227 3833 1359 3914 abbate,
1386 3844 1420 3898 ot

294 3933 506 4019 postmodum
530 3930 573 3997 ab
589 3953 628 3995 eo
653 3933 851 3996 monasterio
866 3929 1071 3996 Cistertiensi
1088 3955 1112 3996 s.
1127 3932 1297 3996 Anastasii
1315 3954 1418 4018 prope

295 4029 410 4093 urbem
427 4031 566 4094 Romam
591 4029 766 4114 praelatus.
807 4029 894 4093 Eum
919 4031 1022 4113 igitur
1035 4028 1238 4111 Cardinales,
1264 4033 1418 4116 quamvis

369 4253 389 4323 ¹)
410 4251 559 4319 Pantheon,
578 4268 620 4320 ap.
641 4251 803 4317 Wattericb,
822 4250 859 4305 11.
879 4253 940 4306 281.
