2850 4834
386 481 426 534 De
445 481 638 535 Minoritarum
658 480 755 534 turbis.
1080 481 1132 535 186

21 623 227 710 locupletioris
260 625 485 710 possessionis,
522 626 622 688 etiam
662 647 682 688 a
722 623 860 688 Nicolao
884 623 936 687 Ill
965 627 1129 690 concinno

23 722 107 786 nodo
131 721 324 808 explicatur.

98 819 149 884 35.
178 820 359 906 Postquam
375 819 524 884 Joanncs
541 820 657 883 XXII
682 817 924 884 Constitutione
948 841 1008 884 sua
1032 842 1129 907 quae·
1144 821 1306 927 w‘fflffi·

20 919 146 981 stionem
184 917 225 982 de
265 927 460 1002 paupertate
491 915 614 981 Christi
654 927 686 980 et
721 915 955 1002 Apostolorum
985 919 1128 1001 diremit,
1148 959 1201 988 sem
1218 948 1292 988 xxu.

19 1017 150 1101 episcopi
163 1037 278 1081 omncs
287 1037 326 1080 ac
338 1013 483 1098 theologi
492 1017 673 1078 universim
684 1014 869 1079 definitioni
877 1018 1128 1102 acquieverunt,

19 1125 47 1175 at
61 1113 198 1178 llichadl
214 1112 391 1204 Caesones,
417 1111 543 1177 Occam
563 1123 597 1177 et
611 1113 738 1199 aliquot
761 1111 817 1176 alii
835 1114 980 1177 Minores
1005 1123 1130 1178 contra·

18 1211 171 1276 dixerunt.
219 1211 287 1276 Eos
311 1210 522 1275 Avenionem
555 1212 712 1275 Pontit'ex
744 1212 933 1292 accersivit,
970 1212 1028 1276 sed
1058 1223 1134 1298 post

18 1309 133 1394 aliquot
156 1331 297 1388 menses,
320 1331 351 1373 a.
379 1308 464 1372 1328
497 1329 610 1372 mense
633 1308 733 1393 Majo,
763 1307 918 1391 Michael,
950 1307 1076 1376 Occam
1100 1319 1133 1374 et
1160 1391 1162 1397 Α

17 1407 48 1471 F.
70 1407 271 1491 Bonagratia
309 1429 329 1470 a
359 1405 532 1488 Bergamo,
572 1404 756 1470 auxiliante
794 1406 967 1471 Ludovico
999 1408 1131 1472 Bavaro

19 1506 218 1589 aufugerunt,
243 1513 277 1566 et
299 1525 334 1568 se
358 1505 439 1589 ipsis
463 1502 619 1589 adjunxit
643 1501 826 1568 Ubertinus
842 1526 862 1567 a
879 1502 1007 1570 Casalis
1031 1528 1132 1592 quon·

19 1601 84 1666 darn
115 1601 346 1687 Spiritualium
380 1610 490 1687 caput.
538 1601 625 1666 Dein
651 1601 866 1666 Monachium
898 1604 941 1668 ad
965 1605 1132 1669 Ludovioi

17 1701 129 1764 Bavari
160 1700 272 1766 aulam
303 1699 468 1766 abierunt.
515 1700 627 1786 Atque
652 1700 740 1786 quod
765 1712 863 1766 antea
881 1702 957 1787 jam
978 1711 1131 1787 coeptum

18 1809 86 1878 erat,
117 1799 151 1863 id
176 1821 219 1863 ex
243 1797 299 1862 illo
321 1809 470 1883 tempore
493 1800 641 1863 maxime
664 1799 790 1863 factum
818 1809 876 1880 est,
908 1798 1065 1863 videlicet
1096 1809 1133 1864 ut

18 1900 144 1962 istorum
168 1897 532 1961 Pseudominoriterum
562 1919 661 1982 opera
687 1899 792 1981 magis
815 1897 884 1961 fera
907 1919 1006 1982 quam
1031 1900 1132 1962 armis

17 1995 172 2059 Ludovici
203 1993 292 2059 lucta
325 1997 428 2080 ipsius
452 2005 567 2059 contra
590 1994 786 2059 Pontificem
812 1993 1066 2080 protraheretur,
1100 2005 1133 2058 et

17 2096 145 2156 societas
179 2091 361 2157 christiana
392 2091 483 2156 haud
515 2113 632 2176 parurn
666 2092 924 2178 perturbaretur.
980 2092 1132 2158 Ducibus

18 2190 373 2256 Pseudominoritarum
397 2189 454 2255 alii
468 2191 604 2276 quidam
629 2190 784 2275 theologi,
810 2193 896 2255 inter
918 2213 1000 2276 quos
1016 2193 1131 2256 Marsi-

16 2287 69 2352 lins
83 2290 270 2353 Patavinus
293 2300 326 2353 et
346 2289 494 2354 Joauues
518 2288 559 2353 de
575 2288 734 2353 Janduno
751 2289 902 2353 doctores
918 2289 1131 2370 Parisienses,

17 2409 43 2450 se
64 2389 322 2474 conjunxerunt,
347 2396 446 2472 atqua
471 2386 503 2450 hi
529 2408 643 2450 omnes
668 2409 743 2450 cum
760 2387 894 2451 asseclis
908 2387 977 2451 suis
993 2409 1131 2450 numero

16 2485 159 2570 plurimis
184 2484 296 2550 verbis
325 2495 357 2548 et
386 2486 517 2570 scriptis
540 2485 682 2548 Romani
706 2484 877 2550 Pontificia
901 2487 1131 2548 auctoritatem

16 2584 194 2648 convellere
226 2583 433 2647 studuerunt.
491 2583 734 2647 Auctoritatem
767 2582 924 2647 videlicet
961 2583 1132 2648 Pontificio

16 2680 225 2746 doctrinalem
250 2681 460 2765 impudenter
483 2683 630 2764 aggressi
654 2689 740 2762 sunt,
765 2680 863 2745 simul
880 2703 958 2745 vero
984 2680 1132 2745 subordi-

16 2781 175 2845 nationem
202 2779 372 2844 Ecclesiae
395 2779 457 2844 sub
481 2779 627 2864 Imperio
650 2779 821 2844 adstruere
845 2780 1053 2846 studuerunt.

91 2879 148 2944 36.
176 2876 322 2952 Michahl
339 2875 504 2941 Caesones
528 2888 643 2942 contra
660 2875 937 2942 Constitutionem
958 2875 1034 2942 Cum
1049 2880 1134 2942 inter

14 2973 178 3040 nonnullos
201 2977 362 3061 scriptum
387 2975 605 3056 elucubravit,
640 2997 705 3062 quo
729 2998 749 3039 a
773 2979 937 3040 sententia
960 2977 1132 3040 Pontificio

15 3071 49 3135 de
70 3082 269 3159 paupertate
295 3071 417 3137 Christi
449 3073 493 3137 ad
512 3072 680 3160 judicium
705 3073 875 3138 Ecclesiae
908 3073 1131 3159 appellavit,¹)

14 3193 150 3257 moxque
167 3171 268 3234 stiam
294 3193 369 3236 cum
387 3170 534 3236 Occamo
559 3193 714 3257 expresse
739 3171 920 3252 contendit,
944 3173 1131 3236 Romanum

15 3267 205 3333 Pontificem
229 3271 263 3331 in
288 3267 387 3332 rebus
401 3268 479 3332 fidei
504 3290 614 3334 errare
637 3289 743 3354 posse,
768 3269 1000 3355 Josnnemque
1018 3271 1133 3335 XXII

14 3389 121 3431 revera
154 3387 296 3447 errasse,
330 3376 429 3453 atque
461 3369 509 3431 sic
540 3366 727 3431 doctrinam
757 3390 795 3431 eo
828 3379 975 3454 tempore
1008 3368 1132 3455 ubique

15 3463 171 3528 valentem
207 3462 248 3527 de
279 3463 517 3528 infallibilitate
541 3466 681 3529 Romani
706 3464 877 3530 Pontificis
910 3467 1132 3550 impugnavit.

15 3559 89 3626 Cum
123 3561 202 3626 aliis
232 3560 398 3636 erroribus
421 3562 594 3627 Michaelis
625 3565 724 3626 etiarn
757 3561 847 3626 bunc
873 3562 1063 3627 solemniter
1085 3587 1132 3628 re·

15 3661 163 3742 probavit
185 3682 218 3724 a.
237 3661 319 3724 1331
346 3659 500 3744 generale
518 3661 685 3724 Minorum
703 3658 895 3745 Capitulum
920 3659 985 3725 illis
1001 3660 1131 3726 verbis:

18 3755 99 3831 Quod
130 3760 292 3822 seminant
320 3759 464 3823 haereses
485 3769 637 3845 patenter
665 3769 803 3844 apparet
830 3780 869 3821 cor
893 3759 1028 3822 diuersis
1050 3761 1132 3824 ache-

15 3855 91 3922 dulia
121 3869 154 3922 ct
186 3855 320 3938 litteris,
356 3881 436 3943 quos
477 3858 659 3920 caeumioori
697 3879 756 3942 per
787 3857 989 3942 quamplures
1021 3879 1132 3922 sacrae

14 3955 178 4042 tleolopiac
203 3953 346 4019 decimes
369 3966 400 4018 et
422 3955 506 4019 alios
529 3957 564 4018 in
588 3953 745 4041 theologia
765 3955 887 4040 peritos
901 3954 1063 4040 fecimuo,·
1093 3979 1134 4020 eor

16 4053 115 4136 perlue
146 4051 326 4117 euidentius
356 4050 548 4138 colliguntur
570 4075 691 4116 errores
708 4053 855 4140 plurima]
886 4053 941 4138 qui
971 4063 1079 4116 nostro
1104 4064 1134 4116 et

79 4193 218 4201 .......--

80 4268 99 4334 ¹)
119 4265 255 4333 Raynald.
275 4281 292 4319 a
321 4267 397 4322 1328.
417 4283 442 4320 n.
463 4264 504 4320 65.
