2814 4840
279 445 334 500 480
471 443 601 498 XXVIII.
621 443 660 498 De
678 449 755 500 statu
773 445 914 502 societatis
933 448 1028 504 christ.
1047 464 1117 503 saec.
1136 449 1213 506 XIII.

281 597 314 652 et
336 598 466 672 praeter
489 588 615 674 aliquot
630 587 713 652 alios
728 590 896 675 praefatus
913 589 1083 656 Gerardus
1106 613 1194 656 anno
1213 591 1296 658 1300
1315 591 1390 654 flam-

281 687 344 751 mis
366 685 509 751 traditus
532 687 605 750 fuit.
630 685 800 752 —Abeo
824 696 973 774 tempore
990 699 1099 752 sectae
1116 701 1216 775 caput
1239 691 1300 754 fuit
1321 687 1399 752 Dal-2

282 786 376 849 cinus
400 784 626 863 Novariensis,
658 807 678 848 a
711 807 776 870 quo
808 787 938 850 sectarii
971 786 1052 851 dicti
1083 797 1161 850 sunt
1188 786 1399 852 Dulcinistaes

280 883 315 947 Is
339 904 414 946 cum
439 903 558 966 magno
583 883 785 947 asseclarum
815 905 953 949 numero
983 883 1399 950 1010111111011151110111011-1

283 983 395 1045 nensis
423 989 455 1042 et
483 979 634 1044 hodierni
670 980 879 1045 Pedemontii
912 1003 1046 1069 asperos
1077 993 1110 1046 et
1140 984 1251 1048 invios
1284 993 1399 1046 montes

282 1089 434 1161 vagatus,
466 1086 498 1140 et
521 1077 645 1163 oppida
669 1088 701 1141 et
725 1099 822 1161 agros
852 1078 1074 1164 depraedatus
1099 1091 1157 1163 est,
1191 1081 1299 1146 donec
1321 1101 1399 1160 anuo,

286 1175 370 1240 1307
405 1196 481 1239 cum
509 1175 690 1260 Margarita
721 1184 828 1240 scorto
859 1175 1001 1262 aliisque
1029 1187 1146 1262 captus
1179 1189 1213 1243 et
1242 1163 1399 1250 Vercellas}

285 1275 414 1353 ductus,
440 1275 603 1338 sententia
634 1275 746 1338 curiae
780 1274 959 1339 saecularis
992 1274 1136 1340 flammis
1166 1279 1310 1342 traditus
1337 1259 1399 1350 fuit-l

284 1371 339 1436 Ab
363 1369 425 1434 boc
449 1380 596 1456 tempore
621 1379 710 1435 secta
734 1370 893 1457 dispersa,
919 1372 997 1437 dein
1020 1375 1185 1439 exstincta
1209 1377 1323 1456 est.“¹)
1398 1453 1399 1466 ,

374 1467 578 1532 Mentionem
612 1490 743 1555 quoque
779 1468 843 1533 hoc
871 1469 943 1534 loco
975 1470 1139 1536 faciamus
1174 1471 1399 1548 Guillelmincul

285 1567 423 1634 stolidae
454 1568 598 1633 feminae
631 1591 673 1632 ex
704 1568 867 1634 Bobemia
899 1569 1079 1651 oriundae,
1111 1594 1197 1657 quoe
1230 1557 1399 1646 Mediolanii

286 1690 401 1732 versus
425 1666 523 1732 finem
549 1666 672 1731 saeculi
688 1667 774 1732 XIII
799 1677 922 1730 sectam
937 1669 1135 1735 efformavit.
1175 1669 1229 1734 Ex
1245 1647 1399 1736 Joachimil

287 1768 429 1851 scriptis,
454 1767 501 1829 uti
527 1767 659 1846 dicitur,
691 1787 806 1830 ansam
838 1767 991 1850 sumpsit,
1026 1775 1062 1830 ut
1094 1768 1200 1852 primo
1232 1768 1309 1851 sibi,
1337 1767 1397 1830 dein

287 1865 361 1930 aliis
384 1865 608 1951 persuaderet,
634 1863 795 1950 Spiritum
818 1864 978 1930 Sanctum
1002 1865 1037 1928 in
1062 1887 1121 1930 sua
1136 1888 1279 1951 persona
1303 1861 1399 1930 humal

287 1985 366 2028 nam
391 1971 543 2026 naturam
568 1963 797 2048 assumpsisse,
829 1960 979 2047 adeoque
1004 1985 1038 2024 se
1062 1985 1133 2026 esse
1156 1963 1321 2048 Spiritum
1344 1939 1399 2028 saul

289 2073 390 2143 ctum,
415 2083 454 2125 ac
479 2061 688 2138 destinatam,
713 2069 750 2123 ut
774 2059 926 2124 infideles
950 2059 1202 2126 etChristiauos
1225 2062 1399 2132 redimeret,

288 2161 481 2245 Antiquatis
506 2169 647 2245 quatuor
670 2159 864 2242 Evangeliis
892 2158 1060 2223 asserebat
1082 2182 1102 2223 a
1126 2182 1160 2222 se
1184 2160 1252 2224 alia
1276 2141 1399 2248 quatuol

289 2259 504 2324 substitutum
528 2259 579 2321 iri.
626 2257 719 2321 Inter.
742 2255 884 2320 asseclas
919 2259 1024 2343 ipsius
1047 2257 1182 2322 fuerunt
1204 2259 1246 2324 fr.
1264 2223 1399 2362 Andreal

290 2367 322 2422 et
346 2377 436 2420 soror
449 2354 633 2440 Mayfreda,
659 2355 811 2420 monialis
828 2377 868 2418 cx
885 2353 1012 2419 Ordine
1027 2355 1308 2438 Humiliatorum3
1332 2357 1399 2522 hosp

290 2457 457 2542 papissam
482 2477 575 2519 suam
601 2455 779 2534 constituit,
813 2465 849 2517 ut
875 2454 1042 2538 abrogatis
1066 2455 1224 2519 Romanis
1251 2453 1395 2520 Pontifiu

292 2555 364 2637 bus,
389 2552 471 2617 haec
495 2554 537 2616 iis
561 2552 763 2618 succederet.
804 2553 903 2616 Anno
922 2552 1008 2616 1300
1025 2551 1176 2617 Andreas
1193 2565 1226 2617 et
1244 2527 1399 2658 Mayfredl

252 2737 254 2742 ι
292 2651 436 2715 flammis
460 2651 572 2714 traditi
597 2660 674 2714 sunt
698 2649 895 2731 Mediolani,
921 2651 1039 2714 effossa
1063 2651 1162 2714 etiam
1181 2650 1399 2806 Guillelminap

288 2749 360 2835 jam
385 2759 532 2812 mortuae
557 2771 630 2812 ossa
654 2757 686 2811 et
710 2749 744 2811 in
769 2748 921 2811 flammas
944 2749 1131 2833 projecta.²)

130 2841 270 2943 ffiffif
385 2848 458 2911 11‘2.
495 2844 637 2929 ,lisdem
661 2845 866 2930 temporibus
891 2855 960 2908 tum
985 2845 1151 2909 erroribus
1174 2855 1244 2910 tum
1275 2823 1399 2910 moribul

150 2931 274 3016 aprunos
293 2947 406 3030 pravis
429 2946 465 3008 in
489 2943 599 3009 Gallia
623 2953 655 3006 ct
678 2941 859 3008 Germania
888 2942 1003 3006 turbas
1026 2965 1145 3028 graves
1169 2946 1360 3008 excimrunt
1383 2913 1399 3012 11

294 3045 350 3128 qui
375 3045 409 3107 111
434 3043 571 3106 historia
587 3042 727 3106 veniunt
751 3041 812 3104 sub
838 3042 971 3104 nomine
992 3041 1228 3126 Bepburdorum
1251 3055 1287 3106 et
1310 3019 1399 3124 Bepul

292 3163 416 3220 namara,
441 3143 552 3226 etqui
578 3141 677 3206 etiam
694 3139 821 3226 fratres
846 3150 876 3202 et
892 3161 1015 3202 sorores
1038 3137 1132 3202 libe-ri
1151 3141 1286 3226 spiritus
1312 3161 1388 3203 voca

294 3248 380 3304 sunt.
428 3236 684 3303 Contendebant
714 3237 776 3318 illi,
809 3237 978 3300 bominem
1009 3237 1043 3300 iu
1075 3239 1240 3322 praesenti
1276 3241 1347 3302 vita
1376 3261 1391 3298 a

284 3335 393 3432 ,talem
426 3338 599 3422 pervenire
631 3357 725 3421 posse
760 3335 973 3420 perfectionis
1003 3334 1161 3418 gradum,
1193 3346 1230 3399 ut
1259 3335 1377 3400 reddat

295 3436 426 3520 penitus
457 3432 683 3520 impeccabilis
715 3444 747 3496 et
777 3431 920 3519 amplius
953 3433 1112 3518 proficere
1145 3435 1179 3498 in
1211 3435 1321 3518 gratia
1354 3453 1399 3534 no,

295 3531 423 3614 valeat3
454 3533 511 3618 qui
544 3531 634 3596 hunc
663 3532 875 3616 perfectionis
908 3531 1049 3615 gradum
1082 3535 1224 3596 assecuti
1255 3534 1334 3612 sint,
1367 3537 1399 3606 111

294 3653 360 3716 que
395 3653 488 3694 orare
523 3651 629 3715 oeque
660 3630 814 3715 jejunare
850 3629 990 3711 debere,
1024 3628 1114 3714 quod
1149 3639 1228 3694 tunc
1263 3611 1399 3694 sensuali

295 3741 346 3792 tas
375 3737 443 3792 tam
476 3729 620 3813 perfecte
653 3740 739 3791 esset
769 3725 920 3811 subjecta
949 3727 1090 3811 spiritui,
1124 3737 1161 3790 ut
1184 3727 1281 3792 bomo
1310 3713 1399 3813 possd

295 3825 398 3890 libere
431 3829 559 3910 corpori
588 3825 769 3890 concedere
798 3824 961 3910 quidquid
995 3823 1155 3909 placeret,
1190 3827 1223 3889 in
1254 3826 1316 3890 isto
1351 3809 1399 3908 pel

296 3925 449 3988 fectionis
472 3935 559 3987 statu
583 3935 760 4010 praecepta
791 3921 962 3986 Ecclesiae
995 3944 1061 3987 non
1086 3943 1156 3988 esse
1180 3921 1354 4002 servanda,
1386 3931 1399 4000 1

372 4158 391 4222 ¹)
410 4157 548 4221 Wouters‚
568 4155 680 4210 Dissert.
701 4154 760 4208 Vol.
779 4153 827 4207 IV.
849 4153 961 4208 Dissert.
980 4151 1081 4211 XLIII.

370 4237 443 4302 111.
464 4237 595 4300 Vasa-otti,
615 4235 648 4288 H.
667 4237 699 4290 Ε.
718 4235 754 4289 11.
777 4236 835 4288 153.
