2814 4848
305 459 359 514 400
500 459 629 513 XXVIII.
651 459 689 514 De
708 464 785 514 statu
802 459 943 513 sectetatis
962 457 1055 513 christ.
1074 473 1143 512 succ.
1162 457 1240 512 XHI.

304 603 462 666 biennium
493 604 642 667 terrendos
665 603 782 666 ibidem
806 603 851 666 ud
872 625 962 666 suum
982 625 1044 689 pro
1068 601 1209 665 subsidio
1234 612 1328 665 terroe
1348 623 1396 664 sicu¹

302 713 381 779 ctae,
406 703 461 765 sed
484 704 519 765 in
541 703 590 765 leis
614 701 713 764 tribuco
730 699 878 764 articulis
892 701 1058 787 manifeste
1075 701 1231 783 deficiens,
1255 701 1289 764 in
1311 721 1396 761 aaron

302 801 526 863 manicationes
550 800 727 885 descriptae
753 800 898 884 laqueum
920 799 1082 862 ultroneus
1101 821 1133 860 se
1147 799 1288 883 ingessit,
1310 821 1396 860 accron

302 899 493 961 manicatum
515 948 524 976 ,
548 921 736 983 quamquam
760 899 867 974 iuuite,
889 897 1016 982 publice
1039 899 1266 977 nuntiavimus,
1291 907 1318 958 et
1337 893 1396 956 nou

302 996 424 1074 domus,
449 995 488 1059 ab
512 995 655 1059 omuibus
680 997 799 1059 arctius
822 996 947 1074 coitari,
967 1017 1029 1080 per
1051 1017 1106 1058 uos
1129 1005 1157 1058 et
1182 995 1264 1058 alios
1287 993 1396 1058 salceid

302 1095 394 1158 sticos
413 1091 580 1180 praelatos
603 1094 707 1179 ipsum
731 1095 1030 1156 eacommuuicatum
1044 1095 1283 1180 praecipientes
1301 1089 1396 1176 pcrblid

299 1193 455 1268 nuntiari,
480 1203 589 1254 contra
613 1193 726 1276 ipsum,
751 1193 780 1254 si
803 1192 1000 1254 contumacia
1024 1195 1091 1280 ejus
1120 1191 1270 1274 caeperit,
1299 1189 1396 1273 pruriat

297 1290 522 1374 processuri.¹)
1395 1291 1396 1324 ¹

132 1393 235 1432 Imm*
254 1403 291 1434 0¹-
393 1387 444 1452 12.
480 1386 526 1451 Ut
549 1408 627 1450 vero
651 1387 692 1450 de
716 1385 768 1450 his
791 1385 967 1450 eventibus
986 1386 1154 1473 judicium
1179 1387 1329 1448 criticum
1352 1377 1396 1467 pri

138 1455 281 1504 mmm*
300 1486 455 1566 ieramus,
488 1484 729 1549 advertendum
755 1495 812 1566 est,
845 1485 955 1570 quoad
988 1485 1082 1570 plura
1106 1506 1192 1570 quae
1216 1483 1396 1570 Fridericud

302 1594 452 1668 spectant
475 1593 600 1647 certum
617 1583 698 1668 quid
715 1582 845 1646 definiri
862 1585 922 1646 vix
938 1605 1043 1668 posse.
1084 1583 1223 1646 Mortem
1239 1581 1396 1646 Hermani

301 1682 506 1766 Thuringiae
539 1683 668 1744 comitis
692 1681 745 1744 vel
769 1683 869 1746 etiam
895 1681 1043 1766 episcopi
1068 1680 1269 1765 Augustani,
1300 1669 1396 1740 veneni

301 1782 476 1866 propinato
500 1779 542 1842 ab
567 1779 769 1863 Imperatore
800 1779 901 1842 fuisse
925 1791 1147 1864 procuratam,
1183 1799 1335 1863 sparsum
1356 1769 1396 1859 qui

302 1877 377 1942 dem
401 1879 465 1942 fuit
486 1875 684 1958 rumoribus,
709 1876 810 1962 idque
835 1876 955 1941 malam
980 1876 1144 1941 Friderici
1169 1875 1261 1961 apud
1287 1859 1396 1938 coaevi

301 1976 425 2040 famam
449 1975 601 2041 ostendit.
655 1973 829 2038 Caeterum
855 1996 934 2038 vero
966 1997 1032 2039 non
1057 1985 1134 2038 sunt
1157 1972 1320 2059 ejusmodi
1350 1967 1396 2034 ieri

301 2076 390 2138 noris
414 2074 539 2138 indicia
563 2071 678 2154 solida,
703 2093 805 2158 quum
822 2072 1050 2157 grassantibus
1074 2073 1116 2136 ob
1141 2071 1269 2135 calores
1286 2069 1396 2160 aestivi

301 2171 424 2236 morbis
449 2170 545 2236 facile
570 2171 632 2255 ipsi
658 2170 875 2235 succumbere
900 2172 1077 2256 potuerint.
1095 2207 1138 2218 —
1156 2169 1338 2234 Contendit
1358 2161 1396 2252 qd

301 2269 376 2333 dem
402 2273 584 2354 Imperator
606 2267 800 2349 identidem,
826 2291 860 2332 sc
885 2269 999 2333 morbo
1017 2279 1186 2348 vexatum,
1212 2277 1245 2332 et
1269 2267 1346 2331 inde
1367 2249 1396 2330 iri

300 2367 450 2452 peditum
473 2367 583 2446 fuisse,
609 2368 720 2430 utiter
735 2369 939 2452 propositum
962 2369 1153 2452 susciperet.
1181 2365 1376 2446 ,Postmodo

301 2465 426 2543 scribit,
452 2474 619 2550 resumpta
643 2465 910 2530 convalescentia
927 2465 1039 2549 galeas
1054 2467 1192 2550 ingressi
1219 2487 1345 2544 sumus,
1367 2459 1396 2530 rt

301 2573 334 2626 et
358 2561 497 2627 dilectus
521 2565 786 2648 consanguineus
810 2573 921 2627 noster
935 2563 1150 2648 lantgravius,
1175 2565 1320 2648 vestigia
1343 2539 1396 2646 prii

302 2660 492 2725 cadentium
517 2663 633 2726 secuti
688 2661 756 2726 Ubi
780 2673 848 2725 tam
873 2661 983 2724 subite
1008 2663 1132 2726 Invasit
1165 2669 1346 2747 utrumque
1366 2661 1396 2722 m

302 2759 403 2838 batia,
437 2760 525 2845 quod
550 2770 665 2824 etuas
689 2762 723 2823 in
747 2762 934 2845 graviorem
959 2759 1139 2824 recidimus
1169 2759 1365 2826 recidivam.
1392 2745 1396 2824 i

301 2857 390 2921 idem
414 2857 620 2943 lantgravius
644 2867 718 2944 post
740 2879 910 2922 accessum
934 2867 1083 2921 nostrum
1103 2855 1192 2942 apud
1210 2829 1396 2940 Hydruntui

302 2954 343 3018 de
368 2955 486 3035 medio,
510 2955 592 3040 proh
617 2954 739 3036 dolore,
764 2965 812 3019 cst
828 2955 1023 3041 ereptus.“²)
1071 2955 1229 3019 Attamen
1262 2939 1396 3038 graviori

301 3053 442 3137 alicujus
466 3052 582 3132 morbi,
607 3074 672 3139 quo
697 3055 880 3138 Imperator
903 3065 1073 3140 correptus
1092 3056 1144 3135 sit,
1170 3051 1301 3118 nullum
1326 3035 1396 3126 essi

301 3149 547 3215 documentum.
593 3151 748 3215 Pontifex
782 3172 859 3215 vero
892 3175 931 3215 ac
956 3151 1069 3216 fideles
1094 3151 1267 3215 Ecclesiae
1302 3145 1396 3215 addici

301 3249 483 3312 universim
515 3259 723 3333 censuerunt,
756 3251 933 3313 confictum
966 3271 1036 3314 esse
1069 3249 1231 3313 FriderIci
1265 3241 1396 3332 morbosi

301 3367 471 3432 quumque
500 3346 686 3432 Imperator
713 3348 782 3428 jam
813 3357 890 3410 aute
921 3349 1017 3410 toties
1048 3369 1156 3411 moras
1188 3349 1360 3427 traxisset,
1389 3343 1396 3424 i

301 3440 389 3505 mala
413 3442 453 3506 dc
477 3443 548 3528 ejus
577 3445 723 3508 moribus
756 3456 789 3508 et
817 3445 884 3509 fide
915 3445 1004 3509 fama
1035 3457 1120 3509 asset
1152 3467 1280 3530 sparsa,
1314 3437 1396 3531 gravi

302 3551 397 3603 eraut
420 3543 554 3623 motiva,
585 3545 691 3607 atita
711 3544 912 3630 judicarent.
965 3543 1078 3623 Quum
1102 3545 1275 3628 negotium
1301 3537 1396 3628 sapei

302 3639 400 3702 tionis
435 3641 601 3704 cruciatae
634 3663 692 3726 pro
728 3651 797 3706 tota
838 3643 995 3706 societate
1033 3641 1215 3706 christiana
1252 3629 1396 3712 habersti

302 3738 421 3800 summi
447 3740 614 3821 momenti,
643 3761 811 3825 quumque
835 3738 918 3803 haec
951 3739 1119 3825 expeditio
1151 3741 1282 3822 ingenti
1318 3725 1396 3804 scitii

301 3833 418 3898 tudine
446 3859 466 3897 a
494 3833 712 3901 Pontificibus
745 3848 830 3901 esset
863 3849 1072 3923 praeparata,
1103 3837 1322 3923 Imperatoris
1354 3843 1396 3902 vet

1395 3940 1396 3982 r

302 3988 515 3996 ——u—

381 4087 398 4140 'i
419 4083 541 4150 Epistola
560 4083 626 4136 irasc
645 4083 710 4136 data
730 4087 772 4137 est
791 4081 834 4136 die
857 4082 903 4136 10⁰
922 4081 1029 4139 Octobr.
1049 4100 1072 4140 a.
1094 4083 1171 4142 luet,
1395 4147 1396 4150 Ἴ

376 4163 397 4230 ¹³)
417 4163 503 4229 Epist.
524 4163 654 4216 Friclerici
673 4163 791 4216 LXXIX
810 4161 843 4215 ad
865 4161 1003 4216 uniuersos
1024 4163 1109 4217 Cruce
1127 4163 1269 4233 signatos;
1301 4179 1344 4231 ap.
1365 4151 1396 4238 Iti

303 4247 374 4308 tene,
393 4242 447 4300 Ser.
467 4242 529 4299 Vct.
549 4241 583 4298 11.
605 4243 681 4299 1194.
1395 4239 1396 4256 ³
