2868 4844
298 409 351 463 cet
530 409 660 464 XXXIII.
681 410 721 464 De
739 426 839 479 magno
857 410 1011 466 Occidentis
1029 411 1182 466 schismate

298 554 332 616 in
350 552 433 616 duas
447 553 653 618 scinderetur
667 551 895 634 Obedientias,
913 575 1053 640 quarum
1066 553 1180 636 altera,
1196 577 1300 642 eaque
1316 555 1402 620 multo

298 649 448 736 amplior,
473 651 625 716 adhaesit
651 651 780 716 Urbano
811 653 862 733 VI,
894 652 1020 717 Romae
1044 652 1184 734 sedenti,
1215 653 1317 718 altera
1337 675 1402 716 vero

298 747 440 812 lloberto
470 770 527 812 seu
555 745 707 814 Clementi
735 750 799 814 VII
826 751 1019 836 antipapae,
1051 753 1109 836 qui
1133 751 1340 816 Avenionem
1366 772 1402 812 rc·

296 866 413 908 versus
437 855 487 909 est
509 845 622 932 ibique
646 848 772 912 curiam
796 869 890 912 suam
915 847 1042 914 habuit
1089 847 1324 914 Obedientiam
1346 846 1405 912 Cle·

297 945 418 1006 mentis
442 943 588 1029 amplexi
613 954 690 1010 sunt
703 967 797 1029 reges
813 943 952 1028 Galliae,
977 947 1183 1032 Ansgoniae
1199 957 1234 1010 et
1247 943 1404 1010 Castaliae.

298 1039 429 1105 Scotiae
442 1050 474 1103 et
482 1041 597 1127 Cypri,
610 1044 632 1108 J
634 1065 744 1108 canna
756 1045 871 1128 regina
882 1043 1040 1130 Neapolis
1049 1045 1209 1110 etComes
1216 1041 1407 1110 sabaudiae:

299 1137 435 1204 Urbano
460 1139 508 1204 VI
540 1162 618 1206 vero
649 1141 763 1206 fideles
794 1152 1048 1226 permanserunt
1070 1140 1209 1225 Anglii,
1246 1141 1407 1206 Britannis

298 1238 415 1313 minor,
441 1235 632 1320 Germania,
657 1238 826 1320 Flandria,
849 1239 947 1304 ltalia
966 1242 993 1304 si
1010 1261 1149 1324 regnum
1162 1237 1407 1324 Neapolitanum

297 1336 455 1420 excipias,
480 1336 665 1416 Lusitania,
697 1337 881 1421 Hungaria‚
914 1336 1061 1419 Polonia,
1092 1337 1223 1420 Sneoia,
1255 1337 1361 1400 Dania
1383 1350 1409 1396 st

297 1443 384 1496 totus
409 1431 528 1498 Oriens
552 1434 745 1499 catholicus.

387 1531 439 1596 25.
487 1531 833 1598 Animadvertendum
867 1555 944 1598 vero
969 1543 1027 1614 est,
1059 1533 1139 1597 dum
1165 1529 1328 1596 Clementi
1360 1551 1409 1614 pro

297 1627 470 1693 validitate
494 1651 572 1694 suae
596 1629 766 1694 electionis
790 1639 823 1694 et
845 1653 904 1718 pro
928 1632 1134 1716 possessione
1149 1628 1300 1712 legitima
1317 1628 1409 1710 digni·

296 1727 373 1790 tatis
402 1747 468 1788 non
499 1725 653 1792 adessent
682 1729 745 1793 nisi
770 1729 914 1792 rationes
938 1729 1099 1810 infirmae,
1133 1749 1177 1792 ex
1204 1727 1328 1814 quibus
1351 1727 1409 1809 ipsc

297 1833 329 1886 et
353 1821 547 1887 Cardinales
581 1825 652 1910 ejus
683 1827 930 1911 persuasionem
961 1825 1025 1890 sibi
1056 1826 1199 1890 formare
1225 1824 1428 1889 ndehonaar

296 1941 339 1984 ex
363 1930 455 2006 parte
482 1921 608 1986 Urbani
632 1923 733 1988 fuisse
756 1923 956 1989 solidissima
979 1934 1185 2008 argumenta,
1210 1946 1252 1988 sc
1276 1923 1410 1986 firmissi-

296 2040 385 2082 mam
404 2021 651 2104 persuasionem
675 2031 709 2086 et
726 2021 858 2108 plenam
880 2023 1099 2086 certitudinem
1122 2031 1191 2086 tum
1217 2023 1328 2106 ipsum
1351 2032 1411 2082 tum

297 2137 501 2180 successores
524 2119 629 2202 ipsius
652 2122 768 2184 merito
793 2121 938 2205 potuisse
953 2119 1086 2198 habere,
1110 2141 1145 2183 se
1159 2141 1232 2184 esse
1255 2117 1412 2203 legitimos

296 2214 484 2297 Pontifices,
510 2237 715 2281 successores
731 2219 820 2281 Petri
844 2229 877 2282 et
900 2239 997 2282 veros
1012 2217 1136 2282 Christi
1155 2217 1321 2280 Vicarios.
1353 2215 1412 2298 Ipsi

297 2313 436 2396 proinde
459 2313 547 2380 haud
573 2315 773 2380 tenebantur
788 2325 922 2401 propter
937 2315 1073 2402 aliquod
1090 2313 1230 2380 dubium
1248 2315 1412 2399 proprium

296 2411 405 2496 quoad
436 2415 665 2478 arroteritatem
696 2435 790 2478 suam
823 2413 1005 2496 legitimam
1039 2411 1234 2478 adlaborare
1270 2411 1414 2476 scissioni

295 2510 569 2594 exstinguendae,
600 2511 657 2576 sed
681 2521 809 2578 tantum
834 2521 968 2596 propter
990 2510 1072 2576 alias
1094 2513 1241 2574 rationes
1263 2532 1352 2595 qnae
1374 2531 1429 2574 sau

296 2607 398 2672 lutam
423 2608 619 2692 spectabant
641 2613 741 2674 totius
766 2609 878 2695 populi
894 2609 1076 2676 christiani.
1093 2645 1137 2656 -
1151 2607 1415 2672 Acceduntvenr

165 2689 264 2718 ‘'mm‘'
296 2708 510 2790 argumentis,
534 2707 656 2793 quibus
679 2707 884 2772 ostendimus
907 2706 1089 2791 legitimam
1105 2706 1207 2772 luisse
1223 2707 1413 2772 electionem

298 2802 426 2867 Urbani
458 2805 616 2890 suffragia
639 2828 703 2870 non
729 2807 841 2890 exigui
866 2805 1032 2890 ponderis,
1066 2805 1239 2890 utriusque
1264 2803 1414 2868 videlicet

297 2925 322 2966 s.
348 2901 559 2984 Catharinae,
584 2903 740 2968 Senensis
764 2927 803 2968 ac
827 2903 995 2970 Snecicae.
1044 2903 1155 2990 Atque
1185 2925 1211 2968 s.
1236 2903 1416 2968 Catharins

297 2999 453 3064 Senensis
491 3022 557 3064 non
597 3012 726 3066 tantum
764 3023 801 3066 eo
840 3013 987 3087 tempore
1010 3003 1045 3066 in
1069 2999 1260 3066 obedientia
1302 2999 1418 3064 mansit

299 3095 437 3179 Urbani,
462 3097 519 3162 sed
544 3100 615 3185 ipsa
639 3121 718 3185 prae
736 3100 874 3164 caeteris
891 3097 1065 3164 Urbanum
1091 3101 1228 3178 monuit,
1254 3111 1294 3162 ut
1309 3099 1417 3162 firmos

297 3206 329 3259 et
363 3207 518 3260 constans
551 3199 586 3262 in
619 3197 728 3262 officio
760 3219 818 3261 sno
849 3206 1043 3274 remaneret,
1075 3199 1269 3282 antipapam
1295 3209 1331 3260 et
1353 3197 1417 3281 eju·

297 3294 492 3360 Cardinales
523 3308 559 3359 ut
589 3295 699 3362 hostes
723 3294 893 3362 Ecclesiae
918 3304 950 3359 et
974 3294 1098 3360 diaboli
1123 3297 1346 3360 instrumenta
1369 3293 1417 3358 de·

297 3394 475 3474 nuntiavit,
500 3415 603 3478 rages,
633 3417 674 3458 ne
697 3396 738 3460 iis
761 3393 990 3475 adhaererent,
1020 3393 1138 3460 litteris
1161 3393 1304 3472 monuit,
1330 3388 1417 3456 alios

297 3513 361 3576 que
384 3493 552 3578 principes
576 3502 608 3555 et
632 3492 733 3556 duces
749 3491 924 3556 adhortata
948 3501 1005 3571 est,
1030 3501 1076 3572 ut,
1099 3489 1254 3556 Pontifici
1271 3488 1417 3574 legitimo

297 3587 525 3670 adhaerentes,
550 3591 652 3654 armis
668 3592 768 3655 etiam
782 3588 952 3682 Ecclesiae
967 3589 1176 3656 adversarios
1191 3587 1418 3672 reprimerent,

386 3688 439 3755 26.
475 3688 552 3753 Jsm
577 3698 653 3752 ante
678 3697 942 3752 consummatum
966 3686 1110 3752 schisma
1134 3688 1206 3774 ipsa
1229 3685 1360 3750 direxit
1379 3684 1418 3746 sd

297 3785 493 3852 Cardinales
517 3786 651 3868 litteras,
676 3785 798 3872 quibus
821 3784 864 3850 ab
889 3786 930 3850 iis
953 3786 1057 3870 petiit,
1083 3795 1119 3850 ut
1140 3807 1162 3848 a
1185 3787 1316 3870 coeptis
1339 3785 1417 3848 dest·

296 3895 430 3952 sterent.
461 3885 542 3948 Post
565 3883 762 3948 electionem
786 3905 864 3948 vero
879 3882 1060 3948 Clementis
1079 3881 1250 3949 Urbanum
1275 3883 1419 3948 exemtis

295 3983 332 4046 5·
360 3981 514 4048 Octobris
538 3983 674 4046 a1378
696 3981 814 4047 litteris
838 3981 881 4046 ad
897 3983 1116 4046 constantiam
1140 3980 1305 4046 adversus
1321 3981 1416 4044 schis-

297 4083 435 4146 maticos
463 4080 737 4166 fundendnmque
767 4102 826 4166 pro
852 4079 976 4144 Christi
1007 4101 1142 4165 corpore
1175 4079 1319 4164 mystico
1353 4101 1417 4142 san·

294 4181 431 4264 guinem
471 4177 659 4260 adhortata,
706 4178 795 4243 hano
833 4179 998 4261 insignem
1036 4175 1167 4242 addidit
1202 4179 1418 4242 sententiam:
