2828 4842
334 428 479 499 Expeditie
497 430 619 486 cruciats
636 437 742 499 quarta.
1065 431 1119 483 297

99 575 146 640 84.
186 573 351 640 Slatntnm
382 584 462 657 erat,
500 584 538 639 ut
568 576 705 639 cruciati
735 595 822 640 anno
857 573 942 638 1202
966 573 1118 638 Venetiis
1141 575 1211 614 Μ·
1225 585 1277 617 ⁶⁸¹³

37 675 228 758 convenirent,
276 673 422 760 indeque
450 673 753 760 proficiscerentur3
803 672 863 736 sed
896 671 1118 736 Flandrerum

35 769 169 834 cluniset
190 771 300 856 plnres
324 770 456 836 Galliae
480 793 633 857 proceres
656 782 771 836 centra
796 770 950 835 condicta
974 769 1040 834 alia
1064 772 1120 834 via

35 867 197 932 Palestinam
224 870 400 954 petierunt.
451 868 535 933 Inde
566 891 706 954 magnae
740 868 953 933 difficultates
986 878 1120 932 exortae

33 977 93 1048 sunt,
107 987 201 1050 quum
215 963 362 1030 Comites
378 976 411 1030 et
426 965 558 1049 milites,
585 969 642 1054 qui
658 968 817 1032 Venetiae
832 975 1005 1046 venerunt,
1030 965 1120 1030 haud

32 1083 82 1124 een
109 1065 319 1148 pecuniarum
352 1084 516 1129 summam
546 1065 721 1146 baberent,
761 1087 861 1151 qnam
885 1064 1023 1128 Venetis
1061 1085 1119 1149 pro

31 1159 142 1224 neribus
164 1171 195 1224 et
217 1163 310 1225 victu
334 1161 511 1244 debebant,
537 1174 637 1249 atque
651 1165 698 1227 ita
714 1161 835 1249 populo
860 1163 913 1226 isti
932 1164 1000 1226 suis
1018 1160 1120 1226 lucris

30 1273 52 1318 et
68 1259 233 1324 commodis
261 1259 403 1324 inhianti
438 1259 604 1325 debitores
635 1262 762 1326 fierent.
811 1261 988 1344 „Termine
1019 1262 1121 1344 igitur

30 1357 183 1438 teneritate,
207 1359 254 1420 ita
280 1357 378 1422 Gesta
401 1359 579 1422 Ierreceotr'i
593 1360 654 1438 III,
679 1381 777 1422 cruce
801 1359 1004 1442 signatorum
1029 1381 1120 1422 exer·

29 1453 147 1518 eiusad
170 1463 279 1540 partes
302 1454 518 1520 Venetiarum
544 1457 696 1538 accessit,
721 1465 789 1519 tam
814 1454 937 1520 multus
960 1466 993 1519 et
1015 1456 1118 1540 fortis,

29 1547 138 1615 deretur
160 1562 193 1616 et
210 1553 394 1635 timoratus,
419 1562 457 1617 ut
472 1552 598 1640 absque
615 1553 718 1618 dubie
735 1553 933 1634 crederetur,
958 1553 1046 1639 qued
1062 1575 1121 1639 per

28 1669 81 1710 eun
95 1649 254 1714 Dominus
276 1653 416 1737 antiqua
439 1651 601 1716 miracula
624 1653 808 1734 innovaret,
832 1673 895 1716 neo
913 1650 1119 1716 solummodo

27 1759 245 1830 recuperaretur
283 1748 587 1834 Hierosolymitana
627 1751 818 1835 provincia,
863 1771 979 1813 verum
1019 1751 1119 1814 etiam

26 1863 135 1926 regnum
172 1845 415 1931 Babylonicum
455 1857 639 1932 caperetur.
698 1847 782 1911 Nam
822 1857 854 1911 et
891 1846 1012 1911 Veneti
1050 1857 1118 1911 tam

27 1943 173 2024 negnifica
196 1945 334 2028 navigia
356 1957 649 2030 praeparaverant,
682 1955 720 2008 ut
751 1967 771 2009 a
794 1943 901 2030 longis
930 1955 1016 2009 retro
1040 1954 1120 2009 tem-

24 2038 132 2120 poribus
153 2041 277 2105 nednm
301 2043 403 2125 visus,
428 2042 486 2106 sed
510 2065 572 2106 nec
595 2042 729 2107 auditus
752 2044 861 2124 fuerit,
886 2052 998 2106 tantus
1017 2065 1119 2107 nava-

24 2133 83 2198 lium
104 2143 309 2224 apparatns.“
337 2178 378 2188 -
404 2141 450 2205 At
466 2162 544 2206 vere
561 2143 805 2226 crucesignati,
830 2142 984 2227 quamvis
1008 2144 1121 2206 omnia

24 2253 87 2316 quae
118 2235 286 2302 habebant
318 2248 551 2322 congererent,
590 2238 681 2304 haud
716 2247 895 2326 potuerunt
930 2238 1119 2325 persolvere

25 2327 134 2396 l‘enetis
161 2357 326 2400 summam
363 2336 404 2400 de
433 2359 499 2423 qua
526 2347 769 2420 convenerant3
803 2337 940 2402 deerant
964 2336 1121 2402 videlieet

24 2429 82 2511 ipsis
102 2434 234 2516 triginta
258 2444 400 2520 quatuor
414 2433 518 2498 millia
535 2457 731 2499 morcarum.
764 2435 860 2500 Tunc
876 2437 1006 2518 Veneti,
1032 2437 1120 2501 Dan-

25 2523 189 2611 deleDnce,
216 2553 294 2596 sene
319 2534 532 2617 magnanime
558 2533 616 2596 sed
633 2535 869 2616 versutissimo,
894 2545 1023 2619 agente,
1048 2558 1122 2600 eam

25 2629 173 2710 emeigeris
196 2652 256 2715 pro
279 2630 342 2695 hoc
367 2630 478 2695 debite
504 2629 663 2696 solvendo
688 2643 931 2717 proposuerunt
961 2632 1120 2697 conditio·

25 2741 87 2796 nen,
108 2741 142 2789 ut
163 2749 219 2792 eos
243 2729 286 2792 ad
310 2729 569 2814 expugnandam
593 2729 752 2795 Jaderam
777 2730 923 2813 (Zaram)
949 2732 1119 2795 civitatem

22 2819 157 2900 jurarent.
188 2826 285 2890 Haec
308 2829 427 2891 civitas
451 2829 617 2892 maritimo
633 2850 653 2891 a
667 2827 860 2892 Venetianis
883 2828 927 2893 ad
942 2829 1121 2912 Hungaros

26 2915 176 3004 defecerat,
212 2924 516 3011 Hungarorumque
553 2927 622 3009 regi
654 2937 724 2990 erat
754 2925 913 3012 subjecta.
962 2925 1119 3010 Cruciati,

25 3035 100 3098 quom
122 3043 185 3085 nen
210 3023 277 3086 nisi
301 3022 364 3087 hac
387 3025 515 3088 ratione
535 3046 569 3088 se
585 3023 831 3109 expeditionem
846 3026 1001 3110 prosequi
1024 3046 1120 3109 posse

25 3115 163 3200 riderent,
204 3119 404 3184 reluctantes
442 3131 607 3207 pestremo
645 3123 887 3208 acquieverunt
915 3122 1119 3186 Venetorum

26 3215 176 3292 postulatis.

90 3313 135 3377 85.
182 3313 222 3380 In
254 3335 378 3378 vanum
404 3337 482 3380 vere
507 3316 625 3381 Petrus
650 3315 838 3382 cardinalis
871 3316 999 3402 legatus
1021 3316 1119 3381 Inno-

25 3411 160 3476 centiilll
182 3413 225 3477 ab
251 3415 313 3477 iste
338 3412 475 3478 consilio
492 3414 638 3479 Venetos
661 3437 832 3479 removere
856 3415 994 3481 studuit.
1040 3413 1119 3496 ,Mi-

25 3503 53 3564 sit
70 3527 135 3593 ergo
157 3511 326 3575 Dominus
341 3510 445 3597 Papa,
470 3511 564 3598 ajunt
591 3511 699 3591 Gesta,
724 3514 858 3576 Petrum
883 3513 968 3576 tituli
993 3536 1016 3580 s.
1035 3514 1119 3576 Mar·

26 3601 78 3666 celi
104 3607 334 3693 Presbyterum
360 3608 571 3674 Cardinalem
596 3610 808 3696 Apostolieae
840 3609 936 3675 Sedis
973 3610 1120 3695 legatum

26 3699 232 3771 adexercitum
251 3706 403 3771 Veneriis
427 3718 674 3793 congregatum,
700 3720 736 3772 ut
755 3707 1020 3794 proficisceretur
1043 3731 1119 3773 cum

28 3793 64 3860 ille
83 3803 112 3866 in
133 3806 267 3868 nemine
289 3805 531 3892 Redemptoris.
578 3805 644 3871 Sed
668 3809 750 3870 Dux
783 3816 815 3870 et
838 3804 1026 3872 consiliarii
1057 3807 1119 3872 Ve-

29 3913 155 3986 urternm,
185 3905 352 3985 timentes,
384 3925 426 3969 ne
460 3904 530 3990 ipse
555 3904 731 3989 impediret
766 3926 878 3969 eorum
905 3908 1119 3991 propositum,

29 3995 92 4073 qued
112 3999 191 4063 male
215 4011 449 4087 conceperant,
475 4000 516 4065 de
540 4001 665 4067 Jadera
690 4003 925 4088 expugnanda,
951 4004 1118 4086 dixerunt,

29 4093 92 4172 qued
112 4098 135 4160 si
154 4097 254 4162 vellet
277 4098 325 4162 ire
349 4120 425 4164 cum
449 4100 508 4181 eis,
531 4121 598 4163 nen
623 4098 859 4185 utlagationis,
885 4100 943 4166 sed
966 4111 1004 4165 ut
1026 4123 1119 4189 prae-

29 4183 168 4260 dicationis
191 4207 362 4261 exerceret
385 4197 544 4278 officium,
581 4197 740 4262 ducerent
764 4197 867 4281 illum,
899 4197 1047 4286 alioquin
1071 4222 1119 4264 re

1159 637 1261 677 Venetia.
1288 647 1291 654 ·
