2832 4844
216 481 254 535 De
273 483 423 536 §eratione
443 484 624 555 Prapiuoticu
642 500 661 538 s.
682 483 813 539 Ludovici
830 485 879 541 IX.
1057 484 1112 538 445

37 619 140 704 iusVlI,
161 627 214 710 qui
229 647 342 690 omnes
365 625 551 692 libertatem
576 637 608 692 et
630 627 806 714 privilegia
829 627 928 714 hujus
952 625 1111 691 ecclesiae

36 721 83 780 niti
102 722 168 800 sint,
191 733 221 786 et
243 723 493 807 invigilaverint
518 728 617 790 etiam
635 726 865 790 exactionibus
893 727 1110 810 pecuniarum

36 813 138 880 :leontis
159 821 233 884 suis.
264 821 299 884 Si
325 821 415 886 hisce
439 823 522 886 forte
546 824 589 887 ad
613 824 778 888 Ludovici
796 823 1006 903 Sanctionem,
1031 833 1111 885 ωηο

34 928 92 977 rorte
107 916 171 1000 jam
195 919 226 982 in
251 918 359 982 lucem
383 920 553 1006 prolatam,
578 921 745 1003 alluditur,
770 932 881 986 tamen
912 920 1038 985 nullum
1063 943 1111 984 ar-

33 1025 186 1078 amentum
209 1019 249 1080 iis
273 1019 462 1082 continetur
484 1041 543 1103 pro
559 1020 629 1104 ejus
641 1019 827 1087 authentia.
851 1057 895 1066 -
919 1019 1111 1084 Universiin

31 1113 202 1178 manifestum
227 1126 286 1192 est,
311 1138 353 1179 ex
376 1119 573 1181 testimoniis
596 1118 661 1182 illis
685 1118 807 1182 saeculi
824 1118 900 1200 XV,
926 1140 1010 1202 quae
1034 1119 1112 1178 eita-

31 1209 126 1290 unus,
168 1224 400 1295 argumentum
437 1212 578 1300 alicujus
617 1217 772 1301 ponderis
809 1238 868 1302 pro
906 1216 1112 1300 genuinitate

29 1307 175 1373 brictionis
198 1314 417 1397 pragmaticae
451 1314 567 1376 confici
601 1336 666 1378 non
696 1337 801 1400 posse.
849 1313 1008 1378 Incidunt
1029 1311 1113 1376 haec

27 1405 192 1488 testimonia,
232 1430 318 1494 quae
348 1420 424 1496 post
454 1410 519 1474 duo
551 1411 683 1476 saecula
716 1413 793 1476 inde
828 1435 848 1476 a
882 1433 906 1478 s.
939 1410 1113 1475 Ludovico

26 1502 137 1580 prinum
161 1517 346 1590 occurrunt,
372 1509 405 1572 in
430 1518 569 1594 tempus,
594 1532 658 1596 quo
676 1511 765 1575 Galli
790 1512 824 1574 in
839 1510 1007 1574 Romanos
1029 1508 1113 1572 Pon·

27 1599 103 1662 uices
124 1603 204 1668 male
229 1607 378 1688 animati,
409 1617 619 1693 praepostero
652 1608 722 1672 zelo
747 1631 822 1673 suas
847 1631 929 1694 quas
957 1605 1114 1670 dicebant

26 1693 161 1764 libertates
190 1702 363 1766 vindicare
392 1704 664 1789 praetendebant,
696 1705 892 1791 illorumque
922 1705 1114 1769 exactiones

25 1813 128 1878 carpere
151 1809 183 1862 et
205 1800 372 1885 repellere.
406 1802 569 1887 Tempore
586 1815 770 1868 conventus
784 1805 1001 1868 Bituricensis
1015 1801 1114 1866 valde

23 1906 213 1975 opportunum
250 1899 357 1963 videri
395 1911 525 1984 poterat
560 1900 695 1987 aliquod
733 1903 969 1966 documentum
1008 1903 1113 1964 saneti

22 1993 84 2064 nais
105 2015 310 2080 componere,
342 2020 407 2083 quo
431 2008 602 2062 tuerentur
633 1999 765 2063 decreta
796 2009 875 2062 tunc
898 2001 932 2062 in
958 1999 1114 2084 injuriam

21 2085 92 2152 Sedis
126 2093 337 2179 Apostolicae
383 2098 543 2162 confecta.
582 2136 624 2144 —
650 2095 844 2178 Censemus,
883 2108 1114 2182 argumentum

21 2186 166 2274 uirltiplex
191 2195 395 2276 negativum,
432 2197 521 2280 quod
545 2194 725 2274 attulimus,
758 2197 783 2258 si
818 2197 929 2258 omnia
953 2197 1024 2280 ejus
1049 2218 1115 2260 mo·

21 2297 102 2350 uenta
126 2293 187 2352 rite
212 2292 471 2376 perpenduntur,
496 2294 561 2357 tale
585 2315 664 2374 esse,
690 2316 754 2379 quo
779 2293 944 2378 probetur,
969 2293 1115 2358 Sanctio·

20 2401 72 2445 nrm
95 2409 117 2452 s.
142 2387 319 2454 Ludovico
344 2391 545 2477 adscriptam
571 2391 660 2456 baud
684 2413 755 2455 esse
779 2390 1048 2477 authenticam.¹)

86 2485 134 2548 13.
168 2485 271 2550 Hisce
287 2489 451 2553 accedunt
466 2502 661 2575 argumenta
685 2492 815 2554 interna
838 2511 881 2552 ex
895 2491 967 2575 ipso
992 2490 1115 2554 decreti

19 2586 86 2644 tntu
109 2583 320 2670 deprompta,
352 2609 436 2672 quae
459 2590 583 2673 pariter
606 2587 702 2652 simul
727 2597 858 2673 sumpta
881 2589 1116 2672 gravissimum

6 2681 175 2746 'conficiunt
200 2700 443 2768 argumentum,
474 2706 538 2770 quo
554 2684 684 2749 Sanctio
709 2685 869 2772 probatur
892 2688 1062 2772 supposita
1086 2697 1118 2750 et

16 2781 183 2856 posterioris
209 2784 365 2867 temporis
388 2783 504 2849 foetus.
554 2781 711 2847 Continet
732 2783 890 2848 videlicet
913 2782 996 2847 haec
1021 2785 1117 2869 Prep-

14 2879 109 2940 aaran
131 2879 295 2944 formulas
318 2883 438 2960 varias,
464 2903 549 2966 quae
573 2882 703 2946 saeculo
720 2881 805 2946 Xlll
831 2883 863 2945 in
881 2880 1118 2967 diplomatibus

14 2971 207 3042 nullomodo
232 2980 265 3043 in
290 3003 352 3044 usu
375 2991 446 3045 erat
468 2993 505 3044 ut
527 2981 775 3045 adhiberentur.
806 2981 1022 3045 Notissimum
1040 3001 1118 3045 vero

14 3086 49 3131 esi
61 3075 151 3139 simul
170 3099 213 3139 ao
229 3080 460 3161 certissimum,
477 3080 587 3164 quoad
605 3081 794 3164 principum
817 3079 906 3164 leges
930 3101 969 3142 ac
987 3076 1119 3142 decreta

11 3169 126 3235 stabiles
165 3183 202 3237 et
241 3175 476 3241 determinatas
515 3177 616 3241 fuisse
655 3179 774 3263 quovis
802 3175 932 3240 saeculo
958 3178 992 3240 in
1016 3177 1119 3239 variis

12 3273 102 3344 regnis
126 3272 308 3355 formulas3
333 3275 491 3361 adeoque,
517 3297 619 3360 quum
636 3277 813 3356 invenitur,
839 3277 874 3339 in
890 3273 1000 3359 aliquo
1018 3271 1120 3357 diplo-

11 3383 90 3448 nate,
115 3391 184 3434 non
210 3393 310 3436 uuam
336 3383 464 3436 tantum
488 3373 545 3437 sed
569 3372 679 3457 plures
703 3372 818 3436 baberi
842 3371 1014 3450 formulas,
1035 3392 1120 3455 quae

12 3485 39 3524 oa
60 3479 164 3531 aetate
192 3471 245 3532 cui
269 3470 469 3534 adscribitur
491 3469 544 3534 vel
568 3468 679 3534 abillo
694 3471 845 3554 principe
860 3471 914 3533 cui
929 3466 1122 3532 attribuitur

12 3559 245 3647 documentum,
277 3589 344 3632 non
376 3567 631 3648 adhibebantur,
664 3568 777 3632 deesse
801 3589 879 3630 vero
907 3565 1065 3630 formulas
1089 3576 1122 3628 et

13 3661 97 3726 verba
120 3677 206 3729 tnnc
233 3677 373 3746 assueta,
407 3668 643 3752 suppositionis
666 3666 807 3730 babetur
837 3667 968 3748 signum
998 3665 1121 3749 perspi·

12 3783 161 3829 euim—
184 3763 355 3849 Imprimis
378 3766 479 3848 igitur
502 3767 679 3850 Inscriptio
704 3764 778 3828 illa:
806 3763 1029 3846 ,Ludovicua
1055 3763 1120 3824 Dei

12 3865 99 3933 pratia
115 3863 327 3927 Francorum
345 3885 413 3945 rex,
439 3863 681 3949 adperpetuom
696 3865 745 3926 rei
759 3864 972 3938 memoriam,“
996 3863 1028 3924 in
1047 3883 1121 3924 can-

12 3956 127 4024 cellaria
151 3983 179 4025 s.
207 3960 373 4025 Ludovici
397 3960 486 4025 nullo
512 3961 608 4024 modo
633 3961 667 4023 in
691 3983 753 4023 usu
777 3969 863 4039 erat,
895 3958 952 4022 sed
981 3958 1123 4021 formula

13 4055 76 4120 ista:
107 4058 263 4122 Omnibus
285 4071 467 4146 praesentes
490 4059 612 4122 litterae
635 4059 823 4145 inspecturis
845 4068 952 4121 aotam
967 4055 1123 4142 facimus,

128 4207 210 4215 ——n

73 4281 90 4346 ¹)
109 4279 164 4332 Cir.
187 4274 281 4338 deria,
301 4273 354 4326 Les
372 4271 441 4326 deux
460 4271 669 4340 Pragmatiques
688 4269 836 4332 Sermione,
856 4267 902 4321 Ch.
922 4266 997 4320 VlII.

1136 2487 1278 2534 Argumenta

1158 2553 1256 2589 interna.
