2964 4838
406 498 447 551 De
465 495 584 550 Concilio
603 495 781 550 Ismraneusi
801 495 834 549 V.
1127 499 1181 551 465

56 643 173 707 audito
195 642 289 727 Papa
312 643 407 727 quasi
432 639 609 704 subridens
632 639 729 718 dixit,
754 638 839 702 velle
861 637 1070 726 aliquantum
1094 642 1181 726 cogi·

60 751 139 822 tare,
163 749 201 803 ut
223 739 379 803 omnibus
402 737 551 816 satisfiat,
583 749 616 800 et
639 740 687 801 sie
711 739 745 800 in
770 738 878 822 prima
901 740 1046 801 sessione
1069 737 1181 802 futura

57 837 258 918 deliberare,
289 835 378 922 quod
409 837 559 899 omnium
591 835 780 900 reformatio
811 834 870 900 fiat
900 845 967 898 tam
998 837 1049 899 sui
1081 858 1181 921 quam

62 936 343 1000 reformator-amr
373 933 465 997 Haec
482 954 573 1010 sane,
590 934 617 996 si
635 943 723 996 recte
739 931 977 1016 intelligantur,
993 955 1058 996 nou
1076 949 1181 998 osten-

56 1033 154 1112 -dunt,
178 1031 324 1096 Leonem
350 1054 371 1093 a
390 1031 624 1094 reformatione
636 1031 721 1094 serio
735 1029 891 1094 facienda
906 1029 1053 1094 alienum
1071 1031 1182 1112 fuisse,

61 1131 117 1194 sed
142 1131 344 1194 contrarium
369 1129 479 1214 potius
502 1129 684 1192 insinuant
1465 1191 1466 1206 ,

149 1227 203 1291 ll).
250 1225 596 1292 Animadvertendum
621 1238 680 1306 est,
710 1247 804 1310 qoam
828 1227 894 1290 trio
916 1225 1113 1290 imminerent
1135 1249 1169 1290 re
1191 1221 1356 1324 fflffl

52 1325 243 1406 scrutando,
268 1335 298 1388 et
313 1323 406 1410 Papo
429 1323 522 1388 uellet
545 1345 641 1411 super
664 1324 765 1388 tribas
787 1323 879 1388 rebus
893 1324 1073 1410 providere,
1098 1323 1180 1388 ride·
1466 1325 1468 1380 l

56 1423 133 1486 licet
156 1445 252 1508 super
273 1421 500 1507 reformatione
524 1443 643 1484 mortim
666 1433 696 1486 et
717 1443 823 1484 reram
845 1421 933 1484 orbis
964 1431 993 1484 et
1024 1421 1123 1504 orbus,
1155 1435 1184 1486 et

55 1543 157 1607 saper
171 1541 256 1606 pace
279 1531 310 1583 et
331 1521 433 1606 quiete
455 1520 490 1582 in
512 1516 675 1605 republica
698 1517 884 1600 christiane,
917 1531 947 1584 et
974 1521 1067 1582 tertio
1090 1543 1186 1608 sepes·

59 1619 225 1681 schismate
256 1615 406 1696 tollendo,
423 1619 447 1698 ¹)
479 1627 545 1680 tres
569 1615 826 1679 Commissiones
857 1619 1053 1680 constitutas
1083 1618 1184 1682 fuisse

60 1715 187 1801 aliquot
202 1712 431 1778 Cardinalium
456 1725 489 1776 et
512 1714 633 1797 viginti
656 1723 799 1799 quatuor
822 1712 1054 1798 praelatorum,
1079 1717 1125 1778 ita
1151 1731 1186 1779 ut

57 1825 134 1877 octo
159 1811 298 1898 praelati
323 1833 381 1900 pro
406 1833 605 1898 unaquaque
620 1813 861 1876 Commissione
885 1810 1094 1896 eligerentur.
1128 1813 1183 1878 Ab

59 1911 117 1974 illa
137 1909 382 1974 reformationis
398 1909 639 1974 Commissione
663 1907 868 1973 elaboratum
893 1909 999 1974 fuerat
1014 1909 1182 1976 decretum

58 2008 102 2071 de
118 2008 364 2088 reformatione,
389 2007 477 2094 quod
498 2007 657 2072 officiales
681 2010 793 2072 curiae
809 2007 979 2072 Romanae
1002 2009 1183 2096 spectabat

62 2105 212 2191 illudque
243 2105 413 2170 decretum
444 2107 615 2169 sanctione
647 2107 754 2186 tertia,
786 2106 820 2170 in
851 2107 996 2170 sessione
1027 2119 1185 2194 sequente

61 2203 326 2268 annuntiabatur
370 2215 484 2289 postea
528 2201 780 2289 publicandum.
832 2203 908 2268 Jam
957 2225 1036 2272 vere
1074 2205 1186 2270 multis

62 2301 243 2386 displicuit,
267 2302 356 2387 quod
371 2313 500 2366 tantum
517 2312 670 2386 ageretur
685 2301 726 2365 de
742 2301 975 2366 reformatione
992 2301 1185 2367 officialium

58 2402 177 2463 euriae
200 2399 381 2478 Romanae,
410 2399 510 2484 idque
535 2400 680 2462 maxime
704 2398 785 2486 ipsis
809 2399 964 2483 praelatis
987 2403 1101 2464 curiae
1125 2399 1186 2465 Ro·

62 2517 183 2561 manae
205 2497 341 2561 videtur
364 2496 453 2560 baud
476 2509 608 2580 gratum
632 2497 748 2576 fuisse,
781 2498 827 2560 ita
852 2507 887 2560 ut
910 2497 1115 2582 postularent
1138 2521 1185 2562 re·

57 2593 293 2658 formationem
330 2593 518 2678 generalem
558 2594 660 2658 totius
698 2591 878 2658 Ecclesiae.
931 2595 981 2660 Eo
1020 2599 1187 2684 pertinent

59 2691 167 2756 verba
190 2693 294 2777 ipsius
317 2691 450 2756 Paridis
474 2691 516 2755 de
539 2691 681 2772 Grassis,
714 2693 770 2778 qui
795 2703 866 2755 erat
888 2691 1048 2776 Magister
1078 2717 1187 2758 caere-

59 2791 249 2854 moniarum
282 2790 488 2875 pontificius,
528 2790 677 2875 adeoque
716 2811 760 2853 ex
794 2788 993 2854 officialibus
1029 2789 1189 2878 praelatis

62 2889 188 2952 euriae.
234 2886 438 2972 Suffragium
462 2909 558 2951 suum
583 2908 695 2951 eoram
710 2887 834 2952 Leone·
848 2887 941 2953 dedit
964 2911 1085 2974 magua
1109 2913 1187 2954 cum

58 2985 214 3051 libertate
238 2995 271 3049 et
294 2981 415 3068 ve‘rbis,
447 2985 569 3073 quibus
593 2988 696 3072 longit
715 2984 886 3072 praelatos
918 2997 948 3049 et
985 2985 1186 3066 Gordinales‚

57 3087 117 3169 qui
131 3083 303 3148 decretum
326 3084 571 3148 reformationis
594 3105 653 3169 pro
678 3080 762 3166 aliis,
787 3105 854 3148 nou
870 3105 948 3149 vero
973 3107 1031 3171 pro
1048 3108 1082 3148 se
1106 3085 1188 3170 ipsis

59 3182 221 3246 fecerant
269 3181 359 3246 Dum
383 3185 472 3246 enim
497 3183 596 3246 dicit:
631 3181 765 3264 ,Placet
794 3181 883 3268 quod
915 3182 1104 3247 reformatio
1130 3185 1188 3248 liat

60 3278 271 3359 universalis,
285 3290 318 3342 et
329 3279 417 3365 quod
429 3279 919 3361 reformatoresreformentur“,
936 3281 1071 3344 nomine
1086 3277 1186 3366 refor-

60 3387 220 3440 matorum
243 3375 396 3460 designat
411 3376 606 3444 Cardinales
630 3387 664 3441 et
686 3376 850 3462 praelatos
867 3377 1128 3460 Commissionis,
1154 3388 1187 3441 et

61 3474 225 3538 indirecto
236 3475 337 3537 etiam
351 3485 455 3540 totum
469 3487 600 3540 coctum
609 3477 759 3540 Petrum.
776 3474 830 3539 Ad
844 3473 948 3538 verba
962 3477 1189 3540 succensentis

62 3571 214 3657 Magistri
226 3573 508 3637 caeremoniarum
517 3573 587 3637 Leo
597 3595 656 3658 pro
669 3572 779 3637 indole
788 3593 848 3635 sua
857 3571 998 3651 subrisit,
1010 3581 1043 3636 et
1051 3574 1190 3638 comiter

60 3667 243 3754 respondit,
281 3691 316 3732 se
349 3667 434 3734 vello
458 3671 604 3756 cogitare
629 3679 665 3733 ut
687 3668 844 3734 omnibus
867 3669 1007 3734 satisfiat
1030 3681 1062 3734 et
1086 3672 1187 3734 otiam

57 3769 112 3830 aui
137 3777 173 3830 et
193 3767 444 3834 reformatorum
469 3767 657 3831 reformatio
681 3767 749 3832 liat.
782 3765 876 3830 Haeo
892 3789 972 3831 sane
988 3769 1190 3832 couvenien-

63 3866 189 3928 lissime
213 3863 256 3929 ab
280 3867 352 3950 ipso
376 3864 467 3929 dieta
490 3865 610 3951 sont.¹)

65 4027 278 4035 ---—-—

139 4121 162 4191 ¹)
181 4122 214 4178 V.
233 4121 366 4189 Reynsld.
385 4121 420 4176 ad
438 4138 464 4179 a.
487 4123 600 4176 151311.
619 4125 663 4175 st.

138 4199 161 4270 ¹)
179 4201 253 4256 Haeo
272 4202 417 4269 explicatio
436 4202 579 4256 verborum
597 4201 696 4256 Leonis
715 4202 748 4268 X,
775 4203 821 4270 qui
846 4202 880 4257 ob
905 4218 938 4257 es
963 4203 1072 4270 prolate
1090 4204 1191 4271 passim

59 4281 140 4350 carpi
167 4283 242 4349 solet,
268 4298 357 4337 rerum
386 4283 523 4351 adjunctis
548 4283 669 4351 apprime
694 4284 845 4352 respondet.
883 4283 1088 4338 Adverteudum
1107 4284 1192 4338 etiam

119 4381 262 4430 Juugmnun,
278 4383 467 4423 Dissertstlones.
482 4383 547 4422 rom.
559 4383 598 4422 vl.
995 4372 1031 4426 30
