2822 4838
311 496 365 550 292
580 495 680 560 XXVI.
700 495 741 548 De
759 494 925 549 Pontificatn
945 496 1098 551 Innocentii
1117 495 1168 550 ΠΙ.

312 662 406 725 quam
436 638 644 726 ablipationes
676 661 730 702 sau
762 641 933 713 cautiones,
971 662 1178 725 quaecumque
1207 664 1269 726 pra
1291 645 1350 726 ipsa
1366 643 1394 720 nl

312 737 350 800 dc
373 738 447 823 ipsa
470 747 543 802 sunt
557 737 681 824 factae,
705 737 871 801 irritantes
889 739 1019 822 penitus
1043 747 1073 800 at
1094 749 1267 817 cassantes,
1290 750 1320 803 ut
1337 735 1394 818 nulli

311 859 450 921 uuquam
473 847 608 922 tempore
633 835 774 921 aliquam
796 834 931 899 babeant
945 835 1140 918 firmitatem.
1393 823 1394 854 ¹

146 981 303 1034 mansan·
404 968 454 1033 lt.
488 967 627 1054 Scripsit
650 967 766 1032 eodem
789 977 937 1054 tempore
956 968 1171 1034 Innocentius
1195 968 1354 1055 epistolam
1372 955 1394 1082 ap

189 1045 249 1098 ’ω’
314 1065 463 1147 barones,
488 1089 555 1152 qua
577 1087 632 1129 eos
655 1067 802 1148 graviter
825 1077 946 1148 monet,
971 1076 1007 1131 ut
1030 1067 1189 1131 recedant
1212 1065 1394 1131 abillaeum

313 1165 475 1249 positione
500 1166 596 1249 turpi,
626 1162 745 1228 illicita
768 1175 797 1227 et
820 1165 941 1250 iniqua,
974 1176 1004 1228 ct
1026 1167 1136 1229 marita
1161 1165 1201 1228 ab
1225 1164 1355 1228 omuibus
1373 1181 1394 1264 'i

307 1261 480 1349 probanda
503 1262 637 1324 maxime
657 1272 791 1347 propter
806 1262 942 1342 modum,
967 1281 1068 1349 utque
1084 1263 1307 1327 satisfactione
1322 1283 1380 1344 rege

313 1359 453 1445 placent,
477 1369 513 1424 ut
535 1361 675 1446 ipseper
690 1382 721 1423 sa
735 1361 840 1445 ipsum
854 1361 1003 1440 amendat,
1027 1362 1182 1448 quidquid
1197 1362 1317 1449 dejure
1327 1359 1376 1446 foe
1393 1427 1394 1446 ,

313 1457 549 1522 concedendum.
597 1457 652 1521 Ad
681 1458 764 1543 quod
795 1460 890 1521 stiam
921 1468 951 1522 et
980 1481 1038 1523 nas
1070 1461 1173 1546 ipsum
1197 1459 1357 1545 ffcacitcr
1374 1449 1394 1570 ip

313 1557 468 1621 ducemus.
520 1554 677 1628 Quoniam
700 1556 782 1619 sicut
803 1555 957 1635 nolumus,
982 1567 1017 1620 ut
1030 1557 1098 1642 ipsc
1122 1580 1177 1620 sua
1194 1561 1271 1646 jure
1280 1557 1372 1643 prium

312 1656 362 1718 ita
391 1654 543 1730 uolumus,
582 1663 617 1716 ut
646 1655 713 1740 ipsc
747 1677 768 1716 a
799 1665 901 1718 uestra
931 1655 1114 1739 precamine
1138 1655 1282 1733 desistat,
1319 1675 1384 1736 nep

313 1751 553 1817 consuetudines
563 1775 688 1837 pravas
711 1763 740 1816 et
764 1754 945 1816 cuacmanss
958 1754 1086 1839 iniquas
1104 1753 1159 1817 sub
1173 1764 1282 1816 nostro
1298 1725 1394 1832 donriui

312 1873 440 1936 raptum
463 1847 600 1934 Amplius
633 1851 842 1936 opprimatur.
882 1900 922 1915 ..
949 1900 956 1914 .
998 1847 1103 1923 Quare
1142 1850 1217 1914 dum
1255 1849 1339 1937 apud
1369 1835 1394 1928 ni

314 1949 566 2036 archiepiscopus
600 1959 629 2011 at
662 1949 803 2034 episcopi
831 1946 968 2035 Ampliaa
995 1959 1181 2034 praesentes
1213 1931 1394 2048 extiterintp*

317 2045 457 2113 Concilio
495 2045 647 2130 pancrati,
687 2045 770 2131 quad
810 2045 855 2108 ad
885 2047 1106 2132 acccipiendum
1142 2042 1251 2110 Crucis
1283 2044 1389 2128 nepotis

309 2143 526 2232 principalius
556 2141 751 2206 intendemus
782 2143 949 2222 celebrare,
975 2154 1202 2230 procuratores
1231 2141 1356 2206 idoneos

312 2252 455 2306 nostram
468 2241 684 2326 praesentiam
708 2239 882 2320 destinatis,
908 2264 1012 2305 secura
1032 2264 1087 2305 vos
1109 2252 1216 2305 uestro
1242 2236 1390 2327 beneplan'

313 2339 545 2419 committentes,
569 2339 645 2424 quia
667 2361 725 2402 nas
747 2362 794 2416 aa,
826 2337 962 2424 fauente
984 2339 1132 2420 Domino,
1162 2350 1341 2416 statuamus,
1370 2347 1394 2442 pp

312 2459 392 2523 quac
414 2435 650 2521 precaminibus
674 2446 703 2498 et
728 2435 876 2500 abusibus
901 2437 939 2499 da
961 2459 1056 2522 repna
1072 2435 1209 2521 Anpliac
1227 2457 1358 2524 prorsus

313 2535 418 2612 clusis,
456 2555 514 2598 reu·
546 2556 600 2597 sua
625 2534 667 2596 sit
683 2537 758 2623 jura
783 2535 948 2598 ethonore
973 2545 1144 2612 contentus,
1183 2545 1212 2598 et
1243 2545 1307 2599 tam
1336 2447 1394 2616 clei

314 2655 407 2718 quam
426 2630 567 2718 papulus
589 2633 753 2696 uniuersus
777 2631 884 2696 debita
905 2655 985 2718 pace
1017 2656 1054 2696 ac
1085 2632 1231 2696 libertate
1263 2633 1385 2697 lactetur

406 2799 459 2864 80.
505 2797 572 2863 Sed
595 2799 737 2864 barones
772 2810 804 2863 et
839 2801 923 2864 varii
960 2800 1127 2885 praesules
1156 2799 1315 2883 Angliae,
1351 2729 1394 2870 ini

313 2919 397 2984 quos
421 2898 521 2960 etiam
554 2907 624 2961 erat
647 2897 835 2992 Stephanus
859 2897 1077 2983 Langtonius,
1108 2900 1255 2982 acceptis
1278 2881 1394 2962 Innocsl

314 2998 352 3060 tii
376 2995 427 3059 ΠΙ
450 2994 576 3076 litteris,
609 2997 778 3082 acceptis
802 3018 868 3060 non
892 2995 1099 3077 destiterunt,
1132 3006 1167 3060 at
1197 2997 1300 3059 armis
1327 3011 1392 3074 rege

314 3115 431 3178 cogere
465 3095 574 3156 eonati
605 3103 696 3174 sunt,
737 3102 773 3156 ut
805 3093 948 3177 Magnae
979 3093 1122 3158 Chartae
1157 3091 1327 3157 libertates
1356 3091 1383 3173 ip

314 3200 470 3257 servaret.
501 3190 649 3256 loannes
674 3193 798 3276 pariter
821 3193 922 3255 armis
946 3213 1016 3254 sese
1041 3201 1155 3255 cantra
1170 3191 1259 3272 istos,
1284 3208 1389 3253 succes

315 3291 394 3354 satis
428 3287 517 3352 felici
556 3288 614 3352 sed
649 3288 734 3353 bello
763 3289 925 3370 ferociori,
958 3289 1126 3371 defendit3
1165 3287 1322 3352 Pontifex
1358 3293 1394 3384 ve}

315 3387 413 3474 paulo
436 3396 510 3472 post
533 3409 552 3450 a
576 3389 808 3450 communione
823 3386 994 3451 Ecclesiae
1017 3386 1088 3473 ejus
1103 3386 1313 3450 adversarios
1336 3387 1394 3464 sent

315 3488 374 3568 vit,
398 3486 752 3548 excommunicationis
775 3487 938 3549 sententia
961 3487 1105 3570 primum
1131 3485 1166 3548 in
1182 3481 1322 3546 rebelles
1344 3483 1394 3570 get

314 3585 423 3664 ratim,
448 3581 525 3646 dein
549 3583 583 3645 in
608 3580 754 3666 singulos
777 3584 974 3647 nominatim
997 3583 1220 3668 pronuntiata.
1267 3577 1394 3664 Etiam}

315 3680 523 3766 Stephanum
552 3677 826 3744 cantuariensem
856 3679 1144 3766 archiepiscopum
1175 3687 1209 3743 et
1237 3677 1321 3743 alios
1348 3671 1394 3762 prs]

315 3778 403 3843 sulse
441 3779 510 3863 regi
548 3777 706 3841 adversos
741 3779 889 3842 censuris
927 3776 1159 3842 ecclesiasticis
1190 3765 1394 3841 animadrsri

317 3877 497 3942 Civitatem
530 3896 608 3939 vera
632 3875 891 3957 Londinensem,
923 3897 1008 3960 quae
1035 3898 1056 3939 a
1080 3875 1231 3961 principe
1261 3871 1394 3938 defecet

317 3987 351 4039 et
374 3996 488 4038 omnes
505 3971 665 4037 baronum
681 3982 785 4037 terras
799 3973 1015 4037 Innocentius
1034 3972 1209 4037 interdicta
1226 3971 1394 4059 subjecit*

393 4277 413 4341 ¹)
433 4275 501 4329 Vide
520 4273 680 4328 documenta
697 4288 740 4340 ap.
760 4271 857 4326 Matth.
877 4271 963 4336 Paris,
982 4288 1007 4329 a.
1030 4272 1105 4326 tals.
