2828 4842
276 473 424 528 Dissidinm
443 489 503 528 cum
520 472 628 528 Joanne
645 472 764 541 angliae
782 487 855 542 rege
1070 474 1125 530 289

21 639 122 703 penne
146 619 316 704 coadiprroa
340 617 516 706 srahjiecrct,
546 615 597 680 vel
627 638 648 678 a
677 637 772 700 rapae
798 639 934 703 proram
961 617 1123 704 capellana

21 716 168 779 amariam
209 717 385 804 apraomiaia
417 716 469 780 sai
499 713 792 800 interpretationem
828 715 953 778 omaiao
986 715 1124 802 efficeret

19 815 70 876 riae
98 816 222 884 terrast)
270 813 434 895 Quamvis
459 814 569 876 minus
598 819 689 875 recta
721 811 804 876 forte
828 812 952 878 fuerint
974 813 1123 900 Philippi

18 913 138 976 consilia
161 922 192 975 et
215 912 390 994 desideria,
422 911 506 975 haec
529 931 608 974 sane
633 907 820 988 ostendunt,
846 931 912 995 qua
934 912 1062 977 ratione
1086 915 1122 978 in

16 1031 42 1070 se
62 1021 250 1096 praeparata
274 1009 330 1074 illa
354 1011 389 1073 in
412 1009 578 1075 Joannem
603 1006 771 1092 expeditio
795 1029 865 1071 sese
889 1007 1053 1075 habuerit.
1077 1049 1121 1060 -

16 1107 132 1172 Exarsit
154 1119 264 1172 tamen
288 1106 412 1172 bellum
428 1108 515 1171 inter
531 1103 662 1169 Galliae
684 1112 718 1167 et
731 1103 873 1189 Anglias
889 1128 992 1190 reges,
1017 1131 1120 1195 quum
1177 1109 1180 1116 ’

14 1203 144 1270 loannes
166 1205 391 1271 Normanniae
423 1204 563 1290 aliisquo
587 1203 622 1266 in
646 1199 757 1266 Gallia
780 1204 963 1288 provinciis
986 1229 1120 1293 recupe-

13 1303 107 1367 randis
131 1303 283 1386 inhiaret,
307 1302 483 1390 Philippus
507 1322 586 1365 vero
611 1299 872 1365 dominationem
896 1324 991 1367 suam
1007 1314 1119 1371 exten-

13 1399 74 1464 dere
102 1411 275 1487 satageret.
327 1401 429 1466 Vario
460 1400 567 1464 Marte
603 1398 798 1462 dimicatum
832 1409 898 1481 est,
937 1402 994 1466 sed
1026 1405 1119 1469 exitu

11 1499 116 1564 loanni
140 1499 266 1564 infelici
290 1521 406 1564 versus
431 1497 532 1563 finem
555 1497 635 1561 anni
664 1495 751 1560 1214
773 1517 841 1582 pax
865 1497 1021 1564 conclusa
1043 1501 1117 1570 fuit.

1141 1623 1279 1666 Paettsatto

83 1633 133 1700 76.
181 1633 320 1698 Interim
343 1641 418 1717 post
440 1629 587 1716 aliquam
616 1627 866 1693 haesitationem
891 1631 1039 1698 Joannes
1063 1657 1117 1698 cu·
1141 1686 1166 1725 ,n
1179 1686 1274 1738 mm

10 1741 133 1810 raserat,
170 1741 208 1796 ut
237 1731 384 1816 episcopi
410 1723 524 1792 exules
553 1729 588 1790 in
615 1725 772 1810 Angliam
804 1727 959 1812 redirent,
998 1753 1038 1796 ac
1063 1732 1117 1798 die

12 1826 56 1889 15⁰
75 1827 157 1892 Julii
189 1851 219 1895 a.
246 1829 331 1893 1213
356 1825 545 1913 Stephanus
570 1823 818 1890 Cantuariensis
848 1826 1118 1916 archiepiscopus

9 1940 32 1984 et
50 1924 165 2013 reliqui
187 1926 357 2013 praesules
385 1927 419 1990 in
432 1921 591 2007 Angliam
614 1921 755 2008 appulsi,
781 1945 801 1987 a
823 1946 900 2008 rege
926 1947 1002 1990 cum
1025 1949 1116 1993 reve·

8 2025 114 2088 rudae
152 2036 187 2090 et
224 2026 392 2088 amicitiae
430 2022 534 2106 signis
571 2023 696 2106 recepti
734 2020 877 2086 fuerunt
929 2023 1025 2089 Tunc
1061 2025 1117 2092 die

7 2119 53 2182 '20⁶
80 2122 182 2206 Julii,
216 2133 390 2209 postquam
422 2120 583 2205 promissa
615 2127 648 2182 et
677 2128 775 2204 pacta
804 2121 923 2184 iterum
953 2121 1118 2220 firmasset

6 2215 145 2302 loannes,
174 2219 220 2284 ab
249 2218 593 2285 excommunicatione
617 2215 742 2280 solutus
766 2226 823 2284 est.
870 2218 1044 2284 Interdicti
1067 2244 1115 2286 re-

7 2319 117 2381 vocatio
147 2317 262 2383 adhuc
292 2316 533 2403 aliquantisper
561 2323 727 2401 protracta
760 2315 831 2380 fuit.
879 2315 992 2396 Quum
1024 2322 1114 2386 enim

5 2425 85 2477 antea
106 2439 126 2478 a
150 2437 230 2501 rege
244 2416 333 2480 bona
346 2413 571 2479 ecclesiastiea
586 2412 800 2495 restituenda,
825 2422 858 2477 et
871 2437 937 2480 non
954 2417 1113 2482 mediocri

6 2515 147 2590 pecuniae
178 2515 215 2576 vi
239 2513 362 2578 damna
385 2511 476 2576 illata
499 2510 710 2575 resarcienda
743 2522 861 2594 essent,
893 2516 1113 2601 interregem

8 2624 30 2666 tt
54 2611 219 2694 praesules
243 2609 455 2676 difficultates
486 2608 650 2695 quaedam
679 2621 813 2672 exortae
837 2621 922 2676 sunt.
969 2613 1113 2679 Pandul·

7 2703 72 2786 phos
94 2720 126 2772 et
149 2708 311 2774 Nicolaus
335 2705 522 2772 Cardinalis
546 2704 755 2770 Tusculanus
779 2705 822 2770 ab
845 2709 1040 2776 Innocentio
1060 2713 1113 2778 III

8 2807 113 2887 nisam,
137 2807 206 2874 hac
229 2811 264 2872 in
287 2829 332 2887 re,
358 2814 520 2890 quantum
544 2803 615 2868 fieri
631 2812 768 2889 poterat,
793 2808 863 2889 regi
878 2809 989 2892 potius
1005 2820 1113 2896 patro-

6 2899 86 2966 cinati
108 2915 197 2971 sunt.
230 2904 400 2969 Postremo
423 2903 639 2967 Innocentius
654 2902 703 2966 III
730 2907 956 2989 quaestionem
979 2929 1112 2974 omnem

8 2995 125 3084 diremit,
160 3013 195 3066 et
219 3025 303 3089 quae
327 3025 347 3066 a
371 3023 447 3086 rege
471 3000 670 3086 praestanda
693 3010 788 3065 erant
811 3005 934 3070 statuit.
981 3006 1111 3071 Praeci-

7 3113 71 3176 puae
93 3099 308 3165 dil'ficultates
332 3109 467 3163 exortae
491 3107 567 3162 sunt
590 3096 632 3162 ob
648 3099 859 3163 resarcienda
876 3100 999 3166 damna
1022 3104 1109 3171 clero

7 3197 213 3263 exmonachis
237 3197 338 3263 illata.
369 3195 588 3261 Postulabunt
612 3197 700 3260 enim
725 3196 830 3276 multi,
856 3207 892 3262 ut
915 3201 1109 3285 singillatim

7 3297 94 3358 onnia
116 3305 392 3382 computarentur
413 3303 447 3358 et
468 3296 612 3380 pecunia
635 3294 741 3359 soluta
764 3299 1009 3366 resarcirentur.
1042 3301 1109 3367 Sed

7 3387 128 3458 loannes
151 3415 318 3460 summam
343 3403 476 3457 centum
500 3391 641 3456 millium
666 3415 852 3458 marearum
868 3394 1029 3478 globatim
1053 3399 1109 3464 ob·

8 3485 71 3561 ollis,
98 3503 133 3554 nt
162 3503 321 3580 prorata
353 3492 517 3576 episeopis
547 3489 687 3577 aliisque
717 3494 860 3577 pecunia
891 3493 974 3559 haec
1001 3497 1109 3564 distri-

10 3581 147 3672 bueretur,
172 3599 273 3676 atque
286 3590 501 3654 Innocentius
517 3589 569 3654 111
593 3590 829 3657 determinavit
851 3596 1014 3670 sententia
1037 3619 1106 3682 sua,

9 3699 36 3740 ea
53 3689 172 3752 ratione
198 3687 323 3752 damna
345 3686 531 3774 reparanda
555 3689 664 3770 essel)
710 3688 878 3756 Mandatis
908 3692 980 3777 ejus
1008 3717 1028 3758 a
1051 3696 1107 3762 lo·

10 3797 74 3845 auca
82 3786 254 3872 susceptis,
266 3785 478 3850 interdictum
489 3784 542 3850 die
550 3785 712 3851 29⁰Junii
721 3809 751 3852 a.
763 3789 848 3852 1214
864 3788 1031 3856 sublatum
1046 3803 1104 3863 ost.

33 3949 196 3964 h*—

63 4065 79 4110 ¹l
97 4066 180 4122 Gesta
199 4067 270 4122 Phil.
289 4069 362 4138 Aug.
381 4085 405 4122 a
427 4069 504 4124 1213.

65 4154 213 4218 ‘iterabit
230 4155 281 4210 hoc
299 4154 356 4210 loeo
374 4173 461 4225 pauca
488 4155 521 4212 de
547 4157 662 4226 pecunia
692 4158 803 4228 ejusque
830 4163 922 4220 valore
952 4165 1104 4227 advertere.

14 4223 81 4284 luca
96 4249 146 4288 una
164 4235 277 4305 argenti
296 4237 503 4305 computabatur
515 4237 584 4292 XIII
602 4237 695 4293 solidis
714 4239 860 4313 (shillings)
880 4248 908 4298 et
926 4243 967 4299 1v
985 4246 1105 4304 denariis

36 4333 154 4396 hunus,
169 4345 439 4386 eramusmaerore.
455 4344 482 4386 v.
972 4345 1005 4398 19
