2868 4844
324 459 378 512 266
563 457 693 513 XXXIII.
714 458 754 512 De
772 473 871 528 magno
890 459 1044 514 Occidentis
1062 457 1217 516 schismate.

193 612 301 674 “ndum
324 611 384 681 est,
416 601 504 688 quod
530 599 724 668 Gardiuales
747 604 896 684 reticent,
933 601 1196 670 ultramontanos
1219 607 1302 670 inter
1322 627 1354 670 ee
1372 605 1414 668 dis·

325 699 441 764 cordes
472 700 588 779 luisse,
628 699 778 786 adeoque
810 699 969 766 facillime
1008 702 1166 786 suffragia
1199 701 1281 768 Italo
1317 703 1415 788 aoqoiri

325 799 479 882 potuisse.
512 797 699 864 Romanam
716 819 813 883 porro
838 798 961 882 eligere
985 798 1171 884 uoluerunt,
1198 809 1268 866 tum
1284 803 1356 888 quin
1375 823 1414 864 ua

326 894 514 960 Cardinalis
538 917 562 960 s.
584 897 683 976 Petri,
709 917 811 962 senex
836 897 1000 978 infirmus,
1024 920 1087 964 noo
1111 897 1300 964 Cardinalis
1322 899 1415 966 Ursini.

319 993 435 1079 junior
457 1005 489 1058 ct
512 994 719 1076 ambitiosus,
751 994 1006 1076 conveniebant,
1040 1007 1112 1060 tum
1139 998 1220 1082 quia
1243 997 1363 1062 deferre
1380 1017 1414 1081 po-

324 1092 401 1178 pulo
436 1092 605 1171 nolebant,
647 1115 689 1158 ne
720 1093 856 1158 libertas
897 1096 1044 1180 ipsorum
1082 1095 1239 1180 adempta
1270 1094 1415 1160 videretur.

323 1190 451 1256 Eleatio
483 1193 584 1277 igitur
611 1191 766 1256 Berensis
799 1193 945 1256 maximo
975 1203 1163 1278 opportune
1190 1205 1224 1256 et
1246 1195 1416 1258 conveniens

323 1292 403 1375 ipsis
427 1301 507 1372 erat,
539 1313 573 1354 eo
597 1289 647 1354 acl
669 1291 779 1378 mapie,
804 1291 887 1376 quod
909 1291 1101 1377 repetebant
1125 1291 1220 1356 edam
1242 1293 1344 1379 iprum
1365 1289 1414 1356 Car

323 1388 449 1453 diaulea
478 1399 628 1472 tanquam
652 1387 923 1452 ultramontanum
947 1398 976 1452 ot
998 1390 1141 1474 ipsoram
1161 1390 1303 1455 moribus
1326 1389 1414 1474 confir

322 1511 410 1568 mem,
435 1509 475 1550 ece
494 1509 529 1550 eo
553 1485 636 1571 qaod
651 1485 768 1570 fumat
782 1483 880 1550 multo
897 1495 1035 1572 tempore
1047 1497 1189 1552 moratae
1204 1499 1235 1552 et
1248 1497 1418 1552 cortomma

322 1607 390 1649 ram
421 1587 467 1649 eis
496 1587 530 1648 ia
554 1584 715 1648 Aoeaioae
745 1585 780 1646 ia
804 1584 951 1648 Romana
982 1586 1113 1666 comest)
1160 1585 1344 1671 Pmpositio
1364 1587 1415 1646 ttr-

323 1683 444 1748 dinalis
484 1683 596 1747 Ursini
633 1680 778 1746 ostendit
814 1681 967 1768 quidem,
1007 1681 1153 1768 aliquam
1192 1683 1415 1748 commotiones

323 1782 509 1846 animorum
525 1779 681 1859 adfuisse,
706 1779 764 1844 sed
782 1801 848 1846 non
864 1782 1040 1864 estmagni
1058 1783 1228 1861 momenti,
1254 1779 1413 1866 praesertin

322 1881 349 1944 si
381 1877 587 1958 attendatur,
619 1877 759 1944 testibus
782 1877 912 1944 Thema
944 1877 985 1944 de
1008 1879 1140 1944 Aoerno
1169 1891 1206 1943 et
1227 1879 1414 1944 Theodorias.

322 1981 431 2063 ipsum
463 1977 642 2062 appetiisse
666 1978 797 2042 tiaram.
835 2013 876 2026 -
913 1975 1041 2042 Electio
1072 1977 1142 2062 jam
1178 1999 1296 2042 versus
1331 1975 1412 2040 hortu

321 2097 444 2141 ironam
468 2077 557 2140 facta
580 2085 646 2154 est3
672 2075 749 2140 dein
767 2095 809 2138 ex
823 2075 935 2140 vorbis
951 2075 1152 2160 quibusdam
1170 2076 1256 2140 malo
1272 2073 1415 2140 intellecti-

322 2195 435 2240 rumor
457 2183 562 2254 ortus,
595 2172 809 2238 Cardinalem
834 2195 858 2238 s.
883 2173 972 2238 Petri
997 2172 1139 2238 electum
1163 2195 1246 2238 osee.
1294 2169 1422 2256 Berensis

323 2293 400 2336 vero
425 2281 458 2336 ot
479 2271 536 2335 alii
560 2271 707 2356 episcopi
732 2272 884 2335 accersiti
909 2282 1073 2338 venerunt
1087 2274 1159 2336 sine
1175 2265 1414 2338 incommodari

322 2369 482 2456 palatium
507 2369 725 2450 Vaticanum,
757 2377 856 2454 atque
887 2367 934 2432 ibi
958 2381 1028 2434 tum
1054 2371 1118 2454 ipsi
1142 2379 1213 2434 tum
1239 2363 1413 2434 Cardiuala¹

321 2471 498 2554 separatim
531 2479 653 2547 tamon,
688 2465 863 2552 prandium
897 2479 1118 2552 sumpserunt
1166 2467 1245 2532 Post
1269 2463 1421 2556 praediun

320 2591 340 2630 a
373 2565 623 2648 Cardinalibus,
661 2567 810 2651 exceptis
846 2564 966 2646 tribus,
1006 2564 1159 2630 reeleotio
1195 2566 1284 2630 facts
1315 2573 1360 2628 eut
1387 2557 1413 2620 al

321 2663 454 2750 plenam
486 2665 708 2744 securitatem,
740 2673 772 2726 et
799 2673 873 2747 post
904 2661 1001 2740 hano,
1033 2663 1116 2728 forte
1146 2671 1260 2726 tamen
1285 2664 1345 2726 ritu
1370 2677 1414 2720 nol

320 2762 417 2848 plene
448 2761 609 2842 absoluto,
641 2762 726 2824 varii
759 2762 904 2845 primum
936 2781 995 2845 par
1017 2769 1206 2846 aperturam
1240 2761 1355 2826 facum
1375 2771 1415 2840 pn

320 2859 530 2946 asportandis
563 2860 652 2923 vasis
693 2860 910 2925 intraverunt.
966 2859 1053 2924 Dein
1093 2857 1289 2924 Cardinalea
1325 2859 1414 2920 timon

320 2959 462 3046 correpti
485 2959 699 3022 adduxerunt
720 2955 930 3022 cardinalem
956 2981 979 3023 a.
1006 2957 1104 3038 Petri,
1129 2967 1166 3020 ut
1188 2955 1374 3022 Pontificem
1393 2969 1416 3008 a>

320 3059 469 3142 lingeret.
494 3095 537 3106 -—
561 3056 674 3121 Refert
698 3054 925 3120 Theodorious
949 3058 1048 3122 etiam
1073 3054 1172 3120 aliam
1197 3073 1331 3118 cansam
1353 3069 1416 3112 con·

321 3157 487 3236 motionis,
510 3175 597 3241 quae
622 3175 737 3218 versus
760 3163 892 3239 tempus
917 3154 1048 3239 prandii
1074 3155 1108 3218 in
1134 3153 1345 3218 multitudine
1365 3161 1419 3210 orn]

320 3267 379 3320 cst.
427 3255 563 3320 Scilicet
585 3254 741 3340 aliquem,
766 3255 823 3335 ait,
848 3253 891 3318 de
915 3252 1038 3339 palatio
1063 3251 1243 3318 clamasse:
1269 3247 1419 3328 „Bareusia

320 3354 503 3418 esteleotus
517 3355 549 3417 in
559 3354 727 3438 Papam“;
752 3351 910 3438 populum
926 3373 1118 3437 veroquam
1137 3371 1253 3436 purum
1270 3363 1413 3430 cognosce

319 3463 369 3517 ret
400 3451 688 3537 archiepiscopum
722 3451 918 3531 Barensem,
959 3448 1160 3514 intellexisse
1199 3445 1336 3512 electum
1365 3461 1415 3504 css

319 3551 485 3616 Joannem
517 3550 559 3614 de
583 3550 678 3629 Bere,
709 3546 855 3629 Gallum,
887 3547 1128 3612 cubicularium
1160 3543 1335 3632 quemdam
1357 3538 1413 3604 an»

319 3649 403 3734 gorii
428 3648 496 3726 XI,
537 3648 706 3712 hominem
745 3646 925 3732 superbum
965 3653 997 3712 et
1036 3644 1147 3710 multis
1182 3641 1356 3708 exosum.'·

318 3751 358 3811 4⁰
388 3747 484 3811 Ratio
512 3746 611 3830 fugae
641 3746 768 3830 aliquot
798 3743 1027 3809 Cardiualinm
1067 3765 1204 3828 vespere
1237 3749 1306 3804 erat
1339 3705 1418 3800 tinal

319 3865 443 3928 eorum,
468 3867 510 3910 ue
534 3843 675 3908 Romani
700 3852 834 3928 propter
857 3842 1023 3906 liotiouem
1047 3851 1081 3905 et
1103 3839 1293 3905 electionem
1312 3837 1373 3900 Neu

319 3941 414 4008 litani
432 3963 488 4006 eos
505 3941 589 4006 male
605 3951 803 4022 tractarent3
830 3940 916 4005 unde
930 3942 1048 4004 iterum
1062 3951 1208 4024 apparet,
1223 3938 1254 4001 in
1273 3933 1400 4000 mention

319 4041 476 4106 Berensis
515 4061 570 4104 eos
613 4039 756 4105 noluisse
795 4038 931 4123 obsequi
971 4035 1172 4102 clamoribus
1207 4027 1393 4098 multitudin'

395 4176 414 4238 ¹)
433 4175 551 4227 ditatam
572 4173 676 4228 Urbani
696 4190 740 4241 ap,
759 4171 892 4240 Rnynald.
912 4187 936 4226 a.
959 4169 1034 4228 1378,
1055 4185 1080 4224 n.
1100 4169 1144 4226 80.

392 4253 414 4323 ²)
434 4253 473 4306 De
492 4253 641 4308 schismate
660 4255 689 4306 L.
711 4255 732 4307 l.
752 4269 773 4306 o.
793 4257 819 4308 ⁶2.
