3000 4838
439 492 481 547 De
498 491 714 561 expeditionibus
734 493 869 549 cruciatis.
1195 501 1213 552 9

98 658 218 703 morum
245 635 400 722 exempla
424 635 644 722 praebebant,
677 635 877 702 christianae
900 636 1052 724 religioni
1076 641 1213 727 ejusque

97 732 271 800 cultoribus
294 732 470 798 ethorum
493 735 589 798 terris
618 733 779 798 adversus
811 733 962 800 infideles
995 736 1214 802 defendendis

97 833 257 917 egregiam
281 853 419 916 operam
444 832 666 917 praestabant,
697 854 892 919 pauperum,
917 833 1135 916 infirmorum,
1159 857 1214 921 cp·

96 951 287 1017 ptumorum,
311 928 536 1014 orphanorum
560 939 593 1004 et
614 929 792 994 viduarum
816 931 953 995 tutelam
977 931 1214 1018 suscipiebant.

96 1029 175 1094 Inde
196 1037 255 1109 est,
287 1037 324 1090 ut
347 1025 395 1090 illi
420 1026 563 1093 Ordines
594 1026 753 1092 militares
787 1027 948 1094 nobilium
977 1031 1215 1094 constituerent

97 1126 195 1190 veluti
217 1125 418 1190 fermentum
442 1125 608 1210 quoddam
635 1119 915 1210 efficacissimum,
945 1149 1009 1212 quo
1033 1127 1148 1209 fiebat,
1177 1138 1215 1192 ut

96 1228 127 1290 in
149 1225 305 1288 universo
329 1243 502 1308 procerum
526 1245 566 1288 ac
589 1221 753 1288 nobilium
782 1246 916 1309 genere,
949 1248 1041 1290 arma
1071 1237 1104 1290 et
1127 1227 1215 1290 vires

96 1322 222 1387 validae
246 1319 451 1385 haberentur
469 1321 546 1406 jure
570 1320 715 1386 obnoxia
738 1322 853 1406 pletuti
878 1346 918 1387 ac
942 1323 1127 1388 defensioni
1151 1325 1216 1389 nir·

94 1422 178 1501 tutis,
202 1419 327 1504 illaque
351 1428 436 1483 esset
459 1419 493 1482 in
509 1417 633 1484 honore
649 1419 807 1484 fortitudo
824 1443 909 1507 quac
925 1421 1008 1504 Dec,
1032 1421 1214 1505 Ecclesiae,

95 1518 255 1599 fidelibus,
280 1518 466 1582 iuserviret.

180 1619 234 1680 11.
280 1614 355 1678 Non
380 1613 558 1680 defuerunt
581 1613 743 1679 bellorum
767 1637 937 1682 sacrorum
965 1638 1023 1680 seu
1049 1614 1217 1681 Oruciata·
1239 1647 1376 1688 saeuus.

94 1736 162 1779 rum
186 1713 433 1792 detrectatores,
457 1713 514 1797 qui
538 1710 716 1777 fanatismo
740 1723 773 1777 et
794 1714 905 1778 animo
922 1713 1116 1779 dominandi
1133 1713 1215 1779 Pon·
1282 1728 1332 1759 ¹²⁰·-

94 1813 216 1876 tificum
249 1808 336 1874 bella
366 1811 429 1873 ista
459 1810 716 1896 adscripserunt,
752 1812 876 1897 injusta
905 1833 943 1876 ea
966 1812 1068 1878 fuisse
1093 1812 1216 1898 procla·

95 1918 235 1989 mar-unt,
258 1927 299 1970 ac
322 1905 519 1993 multiplicia
542 1907 639 1990 mala,
668 1907 759 1972 haud
783 1930 862 1973 vero
886 1908 984 1990 bona,
1017 1931 1058 1974 cx
1082 1912 1123 1974 iis
1146 1931 1217 1996 prc-

95 2011 222 2073 venisse
247 2005 500 2070 contenderunt.
545 2005 621 2072 Jam
648 2005 779 2071 saeculo
803 2007 855 2072 XI
879 2017 911 2071 et
927 2007 994 2072 XII
1019 2007 1217 2092 Albigenses

95 2121 123 2170 et
145 2103 363 2183 Waldenses,
388 2101 547 2167 haeretici
570 2103 690 2168 falsum
714 2103 988 2189 spiritualismum
1011 2127 1091 2190 prae
1115 2127 1150 2175 ss
1173 2106 1217 2170 fe·

96 2213 209 2282 renus,
237 2209 403 2284 negarunt
426 2201 505 2276 istas
528 2201 757 2286 expeditiones
775 2202 884 2288 justas
908 2225 994 2282 csse;
1021 2202 1114 2268 multi
1139 2202 1217 2267 dein

95 2325 129 2366 ex
148 2296 418 2366 protestantibus
442 2309 539 2362 etex
564 2298 753 2382 incredulis,
779 2300 859 2365 dum
883 2300 1058 2365 fanatismo
1082 2299 1217 2364 cuidam

97 2399 245 2484 religioso
269 2393 419 2460 sabella
443 2395 603 2478 tribuunt,
632 2396 798 2482 justitiam
830 2420 943 2463 eorum
967 2397 1106 2464 inficiati
1130 2407 1216 2480 sunt,

97 2497 274 2582 sulgrave
298 2491 438 2556 dubium
463 2494 503 2558 dc
527 2493 591 2558 hac
609 2494 742 2580 justitia
766 2497 892 2560 moveri
924 2517 1018 2581 posse
1042 2495 1217 2561 contende·

93 2605 173 2659 rnnt.
226 2589 333 2655 Simul
356 2590 523 2656 Romanos
546 2592 725 2658 Pontifices
756 2593 874 2658 horum
898 2593 1059 2658 bellorum
1090 2615 1216 2680 promo·

93 2705 173 2756 tores
197 2691 270 2755 suis
294 2689 447 2778 insectati
472 2699 549 2754 sunt
572 2691 768 2775 invectivis,
800 2703 832 2755 et
862 2691 982 2756 multas
1004 2690 1217 2756 'calamitates
1276 2737 1277 2740 κ

93 2804 122 2852 et
149 2785 241 2854 mala
275 2797 346 2850 tum
365 2783 528 2852 ‘societati
558 2787 650 2851 civili
681 2799 752 2854 tum
776 2788 946 2854 Ecclesiae
976 2811 1018 2852 ex
1052 2788 1217 2855 Cruciatis

94 2887 286 2972 provenisse
323 2881 550 2951 clamitarunt.
605 2886 717 2951 Etiam
749 2909 791 2952 ex
824 2886 996 2952 catholicis
1026 2885 1218 2950 auctoribus

94 2987 230 3051 deictis
253 2979 349 3046 bellis
375 2984 546 3069 conquesti
570 2994 647 3049 sunt
670 2984 817 3070 quidam,
843 2987 898 3071 qui
916 2985 1037 3048 veteris
1061 2985 1217 3048 severite-

94 3086 131 3148 tis
154 3087 190 3150 in
215 3078 390 3146 Ecclesiae
427 3080 605 3166 disciplina
635 3092 798 3146 amatores
826 3092 858 3146 ct
880 3084 1085 3146 restitutores
1109 3082 1217 3146 videri

94 3183 299 3264 affectarunt,
325 3177 373 3244 uti
399 3175 447 3244 CI.
471 3177 593 3263 Fleury
620 3188 653 3243 et
675 3178 782 3262 Eibel,
814 3191 929 3244 auctor
951 3178 1054 3244 libelli
1079 3179 1215 3252 fumosi:

97 3277 180 3351 Quid
203 3289 251 3343 eat
276 3280 378 3367 Papa.

181 3378 234 3443 12.
281 3373 622 3441 Paucisret‘ellamus
653 3376 733 3438 istas
757 3377 995 3441 accusationes.
1033 3413 1077 3422 —
1117 3375 1215 3456 Quod
1231 3403 1378 3444 nonaru-

95 3475 191 3558 igitur
214 3473 259 3538 ad
281 3475 400 3538 metim
423 3473 549 3553 attinet,
575 3472 617 3536 ch
635 3495 719 3558 quae
743 3473 830 3538 bella
854 3495 948 3538 sacra
972 3486 1125 3559 suscepta
1148 3475 1214 3538 fue·
1227 3466 1389 3571 'mam'

94 3583 176 3652 runt,
207 3571 328 3636 falsum
352 3581 410 3653 est,
441 3569 617 3635 fanatismo
642 3587 675 3634 et
697 3571 856 3656 profanae
891 3571 1041 3656 cupidini
1066 3569 1138 3635 illas
1162 3593 1216 3634 ex·

94 3667 276 3752 peditioncs
299 3690 370 3733 esse
394 3667 598 3734 tribuendas.
647 3668 758 3748 Quum
791 3691 830 3733 eu
862 3680 970 3734 aetate
993 3668 1107 3754 religio
1132 3667 1215 3734 chri·

97 3767 199 3832 stiana
222 3768 257 3832 in
279 3766 462 3834 Occidente
486 3766 569 3831 mire
591 3765 732 3849 floreret,
769 3767 887 3831 eadem
911 3766 1056 3830 maxime
1080 3767 1216 3850 ingenia

97 3874 126 3924 st
153 3865 256 3929 animi
281 3863 458 3928 multorum
483 3861 616 3928 exculta
650 3872 759 3928 essent
782 3876 816 3927 et
839 3862 983 3945 imbuta,
1017 3861 1095 3932 fidei
1120 3865 1216 3948 vigor

98 3971 177 4024 esset
205 3983 415 4046 permagnus,
448 3969 481 4024 et
504 3961 605 4024 etiam
628 3963 662 4024 in
692 3959 781 4024 lucta
815 3970 930 4025 contra
953 3960 1214 4026 dominationem

99 4069 127 4119 ct
148 4060 334 4144 superbiam
359 4059 529 4145 potcstatis
553 4055 731 4121 saecularis
755 4067 887 4122 strenue
911 4057 1017 4122 sancti
1035 4059 1098 4121 viri
1121 4057 1215 4122 dimi-

101 4174 220 4234 carent,
246 4159 384 4244 jamque
414 4151 601 4240 triumphos
627 4155 765 4220 referret
786 4154 957 4220 Ecclesia:
994 4154 1216 4220 intolerabilia

101 4248 190 4333 plene
214 4253 413 4320 videbantur
428 4249 616 4338 opprobria,
640 4254 825 4338 ignominia
842 4262 875 4316 et
889 4255 1067 4339 oppressIo,
1092 4254 1215 4339 quibus
1257 4281 1260 4288 ·
