2822 4838
298 463 353 518 268
569 463 668 518 XXVI.
689 464 729 520 De
747 463 913 520 Pontificstu
932 463 1084 518 iunocentii
1104 463 1154 518 111.

296 629 325 672 s.
340 606 489 671 Thomas
505 605 753 672 Cantuariensis
775 607 871 694 plura
894 607 1051 688 diximus,
1076 629 1119 672 ex
1134 607 1297 674 Eleonora
1316 629 1396 670 uxore

300 715 441 791 quatuor
464 716 654 790 susceperat
677 705 772 787 filios,
806 705 1002 789 Henricurn,
1039 703 1251 788 Gaufridum,
1286 704 1402 774 Richar]

299 804 380 868 dum
405 813 437 868 et
452 803 627 872 Joannem.
658 803 853 885 Henricum,
878 813 957 868 natu
983 805 1152 889 majorem,
1176 805 1271 887 regni
1287 802 1402 884 Anglici}

297 912 332 966 et
356 901 496 965 ducatus
520 902 735 966 Normannici
759 901 936 968 haeredem
961 901 1057 985 dixit,
1090 900 1296 968 Richardum
1318 901 1402 986 Aqui-¹

298 1001 419 1080 taniae,
445 997 646 1064 Gaufridum
669 1001 806 1065 minoris
825 999 1019 1066 Britanniae
1043 1021 1143 1086 quam
1167 1002 1202 1064 in
1225 1009 1402 1085 potestaten,

298 1096 484 1180 redegerat,
518 1095 609 1160 nulla
638 1096 761 1162 J-oauni
793 1097 908 1162 relicta
939 1099 1127 1183 provincia,
1160 1099 1217 1184 qui
1248 1107 1402 1184 proptereq

297 1197 365 1259 sine
399 1206 485 1259 temo
516 1205 727 1280 nuncupatus
759 1206 817 1262 est
865 1195 989 1260 Ultimo
1029 1204 1175 1280 tempore
1214 1197 1304 1260 vitae
1340 1215 1402 1290 susq

298 1292 465 1356 Henricus
487 1292 522 1357 II
555 1292 657 1358 multa
680 1315 854 1379 perpessus
878 1305 993 1358 estex
1017 1292 1160 1358 filiorum
1184 1293 1358 1358 rebellione
1378 1293 1402 1392 iq

298 1393 424 1477 ipsum3
456 1393 497 1455 iis
521 1389 652 1456 Galliae
676 1413 769 1476 reges
793 1392 987 1456 Ludovicus
1011 1392 1079 1456 Vll
1101 1402 1134 1456 et
1156 1391 1330 1477 Philippus
1353 1391 1402 1488 hup

296 1499 412 1574 gustus
435 1511 493 1554 suo
518 1488 712 1574 plerumque
735 1489 878 1554 aderant·
896 1489 1043 1555 auxilio..
1080 1489 1144 1554 Ars
1175 1512 1253 1554 sane
1288 1489 1402 1586 politicq

296 1585 396 1652 hosce
413 1589 579 1673 principes
603 1586 751 1670 urgebat,
776 1597 814 1651 ut
836 1587 1092 1652 adversarentur
1114 1587 1248 1672 regibus
1268 1586 1402 1678 Angliaq

296 1687 355 1770 qui
386 1684 606 1771 amplissimas
638 1687 827 1770 provincias
859 1685 987 1750 Galliae
1024 1695 1060 1749 ut
1095 1685 1272 1751 feudatarii
1306 1683 1402 1774 regutq

296 1783 502 1848 Francorum
526 1783 751 1868 possidebant.
799 1784 870 1849 Has
894 1796 931 1848 ut
954 1783 1116 1870 paulatim
1140 1784 1182 1848 ad
1207 1807 1304 1848 suam
1329 1785 1402 1872 ditiq

296 1903 373 1945 nem
397 1879 625 1967 adjungerent,
657 1904 750 1967 reges
774 1881 903 1948 Galliae
932 1881 1180 1968 percupiebant,
1212 1883 1304 1947 unde
1328 1879 1402 1972 pron}

295 1990 400 2059 erant,
438 1989 475 2042 ut
509 1997 623 2044 contra
655 2001 748 2064 reges
781 1980 924 2064 Angliae
963 1980 1097 2045 foedera
1135 1981 1268 2045 inirent.
1318 1981 1402 2070 Regq

295 2075 438 2160 Angliae
462 2099 504 2140 ex
528 2077 668 2142 adverso
692 2079 914 2164 possessiones
945 2101 1021 2143 suas
1056 2081 1089 2142 in
1115 2077 1224 2143 Gallia
1258 2079 1402 2166 ampliarq

297 2185 332 2238 et
356 2173 494 2240 dilatsre
516 2175 716 2242 nitebantur.

122 2291 252 2334 nioman
266 2295 285 2334 1.
386 2272 437 2336 51.
487 2272 653 2338 Henricus
672 2275 787 2360 junior
811 2283 959 2338 mortuus
983 2284 1033 2337 est
1055 2281 1148 2358 patre
1172 2274 1311 2338 vivente
1336 2289 1402 2360 aaut

299 2369 514 2452 11833211110
541 2373 626 2436 1186
652 2373 750 2436 etiam
769 2371 953 2436 Gaufridus
978 2393 1087 2434 comes
1102 2370 1310 2452 Britanniae,
1337 2372 1402 2434 Heu

293 2468 355 2531 rici
386 2467 421 2531 Π
452 2467 549 2551 filius,
583 2469 720 2535 Parisiis
750 2470 793 2534 ab
824 2492 907 2555 equo
940 2467 1087 2555 dejectus
1115 2477 1148 2532 et
1170 2471 1306 2534 attritus
1331 2469 1402 2548 obiit

294 2563 461 2630 Henricus
476 2566 511 2630 ΙΙ
535 2589 612 2632 vero
638 2577 788 2632 mortuus
812 2578 861 2631 est
884 2589 971 2631 anno
999 2567 1084 2631 1189
1109 2568 1143 2630 in
1158 2578 1280 2631 octava
1306 2591 1349 2632 ss.
1367 2568 1402 2652 Pe

293 2664 336 2726 tri
360 2673 393 2726 et
414 2664 521 2746 Pauli,
546 2688 649 2751 quum
673 2665 759 2730 ultra
782 2668 919 2751 triginta
943 2675 1085 2750 quatuor
1106 2685 1213 2728 annos
1236 2669 1402 2754 regnasse(

293 2760 460 2826 Successit
483 2765 512 2826 ei
538 2764 719 2828 Richardus
742 2765 768 2842 I,
793 2765 847 2827 cui
864 2762 929 2829 Cor
944 2763 1067 2828 Leonis
1091 2783 1148 2826 seu
1165 2761 1402 2844 Thymeleontl

293 2881 476 2944 cognomen
502 2871 581 2943 erat,
606 2864 762 2949 princeps
785 2865 901 2946 vigore
925 2862 1071 2947 corporis
1096 2869 1129 2924 et
1143 2858 1288 2924 audacia
1302 2851 1402 2945 belliq

292 2956 382 3043 apud
407 2980 547 3023 coaevos
571 2969 604 3024 et
626 2971 772 3045 posteros
796 2959 941 3024 illustris.
990 2957 1165 3023 Caeterum
1190 2977 1269 3021 vero
1295 2955 1402 3046 ingeni

292 3053 462 3120 ferocioris
487 3067 566 3138 erat,
598 3068 631 3121 et
654 3058 847 3144 proceribus
870 3057 1072 3142 reliquisque
1096 3054 1238 3120 subditis
1263 3055 1402 3138 molestq

292 3161 326 3215 et
348 3155 470 3236 gravis,
503 3153 546 3218 ob
571 3159 787 3240 pecuniarum
812 3156 932 3242 quibus
957 3155 1129 3241 indigebat
1151 3156 1349 3239 frequentes
1374 3167 1402 3224 et

290 3252 447 3318 actiones.
497 3251 609 3332 Quum
646 3276 733 3318 anno
775 3256 860 3319 1193
900 3253 1088 3318 Richardus
1126 3252 1168 3316 ab
1204 3253 1402 3337 expedition

291 3350 441 3413 cruciata
468 3361 636 3414 revertens
659 3375 679 3415 a
703 3352 871 3437 Leopoldo
896 3351 1072 3416 Austriaco
1107 3359 1224 3434 captus
1256 3349 1402 3434 detineri

292 3455 354 3527 tur,
395 3447 500 3512 donec
532 3450 699 3532 ingentem
734 3451 797 3515 150
828 3449 918 3514 mille
951 3470 1136 3515 marcarum
1168 3469 1343 3514 summam
1369 3469 1402 3536 pt

291 3543 519 3630 redemptione
546 3545 697 3630 solveret,
730 3547 905 3634 Philippus
930 3546 1060 3611 Galliae
1091 3567 1152 3610 rex
1174 3544 1402 3636 Normanniat

291 3641 471 3723 infestavit,
495 3642 642 3709 Joannes
666 3667 754 3726 vcro,
779 3645 937 3711 Richardi
961 3645 1072 3726 frater,
1098 3664 1198 3728 regno
1223 3641 1371 3710 inhians
1396 3645 1402 3712 l

291 3739 415 3826 Anglia
437 3740 551 3807 turbas
575 3745 746 3807 excitavit.
793 3741 859 3808 Sed
891 3755 964 3830 post
986 3742 1131 3807 reditum
1159 3763 1256 3805 suum
1284 3741 1402 3826 Richaj

291 3838 354 3902 dus
388 3861 474 3905 anno
509 3840 594 3904 1196
629 3863 743 3926 pacem
775 3865 850 3906 curn
883 3841 1037 3928 Philippo
1077 3839 1278 3924 composuit,
1325 3857 1402 3929 atqu

289 3936 438 4000 Joannes
462 3939 561 4000 etiam
586 3941 726 4022 gratiam
751 3939 861 4004 fratris
878 3940 1099 4025 recuperavit,
1125 3936 1269 4020 indeque
1285 3939 1402 4018 fidele

289 4055 360 4098 sese
376 4036 405 4098 ei
423 4033 575 4100 ostendit.
601 4035 640 4100 ln
656 4035 828 4102 obsidione
845 4036 957 4102 Calaci
975 4035 1138 4118 (Chalus),
1163 4033 1251 4120 quod
1269 4051 1402 4104 castrul

289 4140 340 4196 est
363 4133 397 4196 in
411 4131 611 4216 Lemovicia,
637 4136 757 4218 sagitta
780 4137 815 4200 in
831 4135 967 4201 brachio
986 4153 1172 4221 percussus,
1198 4133 1287 4198 male
1308 4129 1402 4202 cural

291 4227 438 4312 vulnere,
463 4231 652 4296 Richardus
675 4234 692 4296 I
715 4255 803 4298 anno
830 4235 916 4299 1199
940 4233 1107 4301 occubuit.
