3000 4838
409 453 450 506 De
469 450 685 520 expeditionibus
702 451 838 512 crucietis,
1163 454 1198 508 19

81 623 139 665 non
168 600 387 677 observantes,
428 597 536 660 merito
566 617 670 658 rerum
696 617 963 681 personarumque
995 595 1198 683 dispendium

82 699 270 785 deportasse,
308 717 373 760 non
413 695 473 758 erit
510 717 530 757 a
566 689 746 756 rationibus
784 691 833 756 ocl
868 695 1007 779 antiquis
1045 691 1198 781 exemplis
1308 691 1314 701 ¹

80 794 279 881 dissonum.¹)
383 796 387 802 ’

164 973 218 1037 24.
265 970 298 1037 S.
330 967 522 1035 Bernsrdus
559 967 695 1033 brevem
735 967 921 1054 apologiam
957 991 1016 1055 pro
1051 991 1085 1034 se
1125 971 1369 1056 ipsoessmrou·

80 1073 159 1134 texit
189 1071 228 1135 de
262 1069 523 1136 Consideratione
553 1067 590 1132 L.
614 1067 657 1130 ΙΙ.
683 1090 708 1130 c.
733 1069 764 1144 l,
799 1066 1016 1153 eamdemque
1044 1069 1199 1154 proponit
1224 1048 1266 1090 ¹¹⁸⁰
1280 1049 1308 1089 ‘¹⁰
1322 1058 1355 1089 η

79 1171 285 1234 sententium.
332 1165 520 1244 Incidimus,
555 1165 677 1250 inquit,
711 1166 747 1228 in
778 1175 899 1250 tempus
920 1187 1030 1251 pravo,
1062 1165 1146 1251 quod
1169 1177 1199 1230 ct

79 1267 139 1351 ipsi
154 1289 261 1352 paene
284 1263 414 1328 uiuendi
426 1263 499 1326 usui
513 1260 679 1326 videbatur
694 1261 833 1326 indicere
848 1265 1061 1343 cessationem,
1084 1263 1199 1328 nedum

78 1363 208 1442 studiis;
232 1385 302 1426 cum
315 1359 435 1425 scilicet
448 1359 605 1424 Dominus
622 1369 815 1446 provocatus
831 1361 1109 1445 peccatisnostris
1126 1372 1199 1426 ante

79 1475 194 1548 tempus
216 1457 448 1546 qseodammodo
472 1459 558 1520 uisus
580 1458 624 1520 sit
646 1455 813 1544 judicasse
843 1456 947 1521 orbem
977 1468 1089 1523 terrae.
1123 1509 1130 1524 .
1157 1511 1164 1526 .
1190 1509 1197 1524 .

79 1557 235 1621 Ecclesiae
256 1555 328 1640 filii
356 1566 386 1620 et
416 1555 471 1640 qui
498 1555 669 1618 christiano
693 1565 857 1618 censentur
889 1558 1013 1620 nomine
1039 1559 1200 1644 prostrati

77 1667 147 1718 sunt
162 1657 197 1719 in
212 1655 348 1732 deserto,
374 1664 431 1716 aut
444 1651 604 1740 interfecti
616 1651 736 1738 plodio,
761 1661 816 1715 cut
831 1651 924 1738 same
947 1657 1131 1741 consumpti.
1146 1704 1153 1719 .
1170 1710 1175 1722 .
1190 1704 1197 1719 .

83 1749 179 1824 Quam
203 1752 332 1837 confusi
355 1750 458 1837 pedes
488 1751 747 1814 annuntiantium
772 1773 901 1836 paoem,
941 1755 1201 1818 annuntiantium

80 1849 166 1916 iona.
215 1851 367 1914 Ds'aeimus
391 1848 471 1926 Pau,
496 1858 612 1912 etnam
635 1858 785 1933 estpcae:
817 1849 1023 1934 promisimus
1046 1851 1138 1929 bona,
1170 1863 1200 1916 ct

79 1969 139 2011 socc
152 1947 305 2011 turbatio.
358 1943 460 2018 Quasi
481 1967 553 2010 cero
578 1946 753 2009 temeritate
776 1948 810 2008 in
834 1967 926 2032 opere
949 1949 1021 2027 isto,
1046 1960 1102 2012 aut
1126 1947 1199 2012 leoi-
1252 1993 1255 2001 ι

81 2057 137 2108 tate
160 2047 215 2110 usi
238 2046 344 2109 simus.
396 2042 596 2109 Cucurrimus
620 2041 722 2130 plane
752 2044 788 2107 in
812 2066 857 2122 eo,
892 2067 956 2108 non
978 2048 1072 2131 quasi
1093 2048 1128 2111 in
1151 2049 1196 2111 in·

79 2155 199 2224 certum,
234 2141 290 2206 sed
305 2141 437 2231 jstbente
461 2151 499 2220 te,
534 2143 597 2204 imo
617 2165 678 2228 per
701 2152 730 2204 te
753 2141 834 2206 Deo.
859 2190 867 2205 .
892 2191 900 2206 .
927 2193 933 2207 .
958 2143 1123 2208 Judicium
1145 2145 1199 2208 doc

83 2243 206 2328 abyssm
243 2251 351 2320 tanto,
389 2250 425 2302 ut
458 2239 570 2303 oidear
606 2239 683 2303 miii
713 2262 777 2303 non
806 2240 959 2303 immerito
984 2243 1199 2326 pronuntiare

85 2337 207 2416 deatum
241 2337 296 2424 qui
319 2360 383 2400 non
397 2335 505 2422 fuerit
528 2335 765 2402 scandalizatus
788 2339 823 2401 in
847 2361 891 2402 eo.
922 2387 929 2402 .
956 2388 962 2402 .
989 2388 996 2403 .
1025 2339 1105 2403 Rem
1128 2340 1199 2404 dico

84 2439 214 2522 unomen
239 2437 375 2513 nemini,
407 2446 436 2498 ct
465 2459 547 2499 nunc
570 2437 690 2499 nemini
717 2446 835 2500 uotam.
884 2435 1009 2522 Moyses
1032 2436 1199 2502 educturus

78 2535 228 2622 populum
258 2533 298 2597 de
322 2543 410 2596 terra
431 2532 577 2619 Aeqypti,
607 2532 766 2596 meliorem
795 2532 863 2597 iilis
879 2532 1048 2620 pollicitus
1071 2545 1117 2597 cst
1140 2545 1199 2598 ter-

80 2657 151 2696 ram.
190 2632 337 2709 Eccum
359 2628 488 2694 eductos
504 2632 658 2694 tamenin
674 2641 792 2695 terram
814 2654 907 2716 quom
927 2634 1120 2717 promiserat
1135 2656 1200 2697 non

80 2731 266 2795 introduxit.
315 2728 385 2792 Nec
413 2737 468 2807 eet,
503 2728 588 2814 quod
617 2729 705 2792 dume
736 2729 908 2792 temeritati
929 2731 1084 2815 imputari
1106 2743 1200 2817 queat

80 2831 177 2892 tristis
211 2838 242 2892 et
272 2827 460 2913 inopinatus
487 2837 620 2890 eventus.
672 2826 787 2890 Omnia
807 2825 956 2912 faciebat
979 2827 1115 2894 Domino
1144 2830 1201 2893 tm·

75 2939 220 3010 perante,
245 2936 378 3010 etopus
402 2923 602 3008 conflrmante
625 2923 825 3008 sequentibus
838 2925 946 3010 siquis.
977 2925 1041 2990 Sed
1060 2926 1200 3014 populus
1227 2984 1231 3002 ,

81 3023 140 3104 ilie,
177 3025 296 3110 inquis,
335 3021 435 3086 durae
466 3023 594 3086 ceruicis
619 3019 702 3106 fuit,
741 3044 862 3108 semper
888 3025 1077 3088 contentiose
1106 3047 1201 3111 aqeus

80 3133 185 3186 contra
210 3122 381 3186 Dominum
411 3129 440 3182 et
464 3121 597 3206 Moysen
619 3141 741 3184 sernum
771 3124 847 3208 ejus.
894 3121 994 3200 Bene,
1024 3121 1078 3185 illi
1100 3124 1199 3187 incre-

81 3221 146 3284 duli
169 3231 200 3284 st
223 3215 376 3296 rebelles,-
402 3217 436 3279 tn·
458 3227 560 3280 autem
583 3218 680 3302 quid?
709 3219 801 3304 Ipsos
823 3217 994 3305 interroqa.
1045 3217 1131 3292 Quid
1154 3243 1199 3284 mc

82 3317 181 3381 dicere
204 3341 285 3404 opus
308 3327 372 3393 est,
407 3315 490 3400 quod
514 3314 661 3398 fatentur
683 3316 758 3402 ipsi.
784 3364 791 3379 .
818 3365 826 3380 .
851 3364 858 3379 .
885 3317 1049 3402 Numquid
1072 3317 1200 3382 illorum

81 3437 169 3478 casus
200 3415 352 3478 adversm
376 3415 540 3497 promissa
566 3413 654 3476 Dett
699 3413 783 3499 Iirqo
815 3435 871 3476 nec
900 3415 1041 3478 istorum.
1090 3415 1200 3502 Neque

82 3513 160 3575 enim
175 3510 350 3597 aliquando
360 3511 588 3596 promissiones
599 3510 664 3573 Dei
671 3510 820 3598 justitiae
831 3510 896 3573 Dei
906 3512 1143 3602 praejudicant.
1156 3551 1200 3561 -

85 3609 244 3688 Quemvis
268 3607 404 3672 difficile
428 3609 471 3672 sit
494 3608 724 3694 dispositiones
753 3619 785 3672 et
809 3607 946 3673 consilis
969 3609 1200 3695 providentioe

85 3705 215 3770 divinae
245 3707 433 3771 accuratius
456 3708 597 3794 assequi,
626 3717 772 3770 ettamen
796 3707 877 3771 dum
901 3707 942 3771 de
965 3706 1125 3772 bellorum
1150 3729 1199 3771 se-

86 3825 210 3868 ctorum
234 3805 325 3869 exitu
348 3805 466 3888 egitur,
500 3804 583 3869 hsec
606 3803 730 3889 negligi
754 3827 821 3869 non
845 3815 992 3890 possunt.
1038 3805 1129 3869 Nutu
1153 3804 1200 3869 di·

87 3902 160 3965 vino
184 3903 270 3964 enim
294 3902 523 3988 expeditiones
547 3901 621 3967 illue
650 3908 766 3966 merito
791 3901 992 3966 videbantur
1016 3911 1198 3988 susceptae,

158 4220 178 4278 ¹i
199 4220 280 4278 Citst.
299 4223 328 4276 in
347 4221 420 4276 notis
439 4221 544 4278 Horstii
563 4231 592 4278 et
609 4223 761 4279 iisbiiionii
780 4224 814 4278 oti
826 4222 886 4280 Lib.
901 4222 938 4277 11.
958 4222 998 4277 De
1017 4221 1115 4277 consid.
1136 4237 1162 4278 ιι.
1174 4225 1199 4278 1.

987 4317 1020 4371 2*
