2832 4844
399 434 457 488 RR.
477 433 638 488 Pontificum
656 434 748 489 series.
1080 431 1136 489 485

38 581 61 642 in
81 577 243 644 Orientem
274 579 374 642 etiam
403 579 519 642 unioni
551 576 755 644 Graecorum
790 598 866 640 cum
895 576 1047 641 Ecclesia
1074 578 1137 643 Ro·

35 698 116 740 mana
139 675 353 758 adlaboravit,
378 678 533 761 quamvis
550 675 713 761 ejusmodi
740 676 909 759 negotium
933 674 976 739 ad
991 676 1136 740 faustum

35 777 143 838 exitum
156 787 231 838 tunc
243 796 310 839 non
323 773 424 838 fuerit
435 774 643 860 perductum.
660 812 702 821 —
720 773 783 837 Pro
807 772 936 837 viribus
960 783 992 836 et
1017 795 1138 858 magna

34 895 92 936 cum
116 871 335 936 sollicitudine
359 893 438 936 sane
453 870 648 936 Alexander
662 869 833 935 Ecclesiae
856 869 1136 936 administrationi

32 991 61 1030 se
81 969 165 1034 bono
187 969 342 1056 providit.
389 969 507 1033 Parem
541 969 624 1033 forte
649 966 959 1054 praedecessoribus
988 970 1136 1053 vigorem

31 1090 83 1130 non
106 1067 230 1150 babuit,
254 1089 397 1152 eumque
413 1089 530 1131 revera
543 1066 741 1131 consiliariis
756 1067 866 1130 minus
883 1065 993 1150 dignis
1008 1067 1137 1130 aditum

31 1165 169 1230 tribuisse
199 1175 276 1230 sunt
309 1166 366 1251 qui
402 1167 603 1232 existimant.
618 1166 643 1245 ¹)
698 1163 785 1228 Illud
814 1166 894 1228 satis
925 1165 1046 1228 mirum
1078 1173 1136 1246 est,

29 1263 102 1348 quod
126 1262 321 1329 Cardinales
352 1261 459 1328 nullos
491 1255 664 1346 creaverit,
698 1264 745 1326 ita
769 1271 815 1344 ut,
850 1264 920 1347 ipso
945 1263 1136 1342 decedente,

29 1373 88 1424 octo
110 1373 239 1426 tantum
262 1361 386 1426 fuerint
411 1360 616 1440 Cardinales,
653 1361 810 1446 Episcopi
841 1359 917 1442 duo,
947 1360 1138 1444 Presbyteri

28 1459 90 1539 duo,
123 1460 267 1524 Diaconi
293 1469 442 1545 quatuor,
475 1481 517 1523 ex
541 1458 663 1545 quibus
688 1456 923 1524 cardinalibus
946 1469 1040 1523 erant
1062 1457 1138 1523 Itali

28 1569 164 1642 quatuor,
188 1555 245 1622 alii
271 1567 412 1643 quatuor
435 1556 622 1638 Sabaudus,
647 1555 786 1639 Anglus‚
812 1553 928 1620 Gallus
952 1567 984 1620 et
1004 1556 1139 1638 Hunga·
1355 1561 1360 1594 ¹

28 1679 79 1719 rus
126 1654 298 1719 Seditione
322 1655 446 1718 Romae
471 1657 625 1736 excitata,
660 1652 853 1718 Alexander
876 1655 923 1718 IV
951 1654 1138 1719 Viterbium
1408 1641 1414 1658 ⁸

28 1777 53 1816 se
72 1765 250 1839 receperat,
275 1752 351 1816 dein
368 1753 571 1836 Anagniam,
595 1752 654 1816 ubi
680 1753 802 1816 mansit
825 1774 930 1816 annos
954 1752 1047 1818 duos.
1083 1752 1139 1815 Vi-

26 1851 155 1915 terbium
187 1872 351 1931 reversus,
390 1861 428 1914 ut
458 1849 599 1916 concilio
632 1850 797 1914 celebrato
826 1872 943 1936 pacem
968 1851 1053 1914 inter
1076 1847 1139 1914 Ge·

26 1971 155 2014 menses
179 1959 212 2014 et
237 1949 381 2012 Venetos
405 1947 606 2031 conciliaret,
638 1948 763 2013 ibidem
787 1947 872 2011 obiit
895 1948 949 2013 die
973 1949 1033 2013 25⁰
1056 1948 1138 2033 Maji

24 2050 89 2111 anni
116 2047 214 2112 1261.

101 2181 176 2246 ll'l.
227 2179 305 2242 Post
327 2187 466 2242 mortem
491 2177 662 2242 Pontificis
691 2179 825 2242 comitia
847 2179 891 2242 ad
916 2200 1138 2244 successorem
1150 2193 1253 2234 vrb-nu·
1267 2191 1307 2232 Ν.

24 2275 203 2362 eligendum
233 2275 348 2340 habita
372 2287 449 2340 sunt
472 2275 626 2356 Viterbii,
659 2297 779 2359 magno
812 2287 884 2341 octo
910 2276 1139 2342 Cardiualium

24 2379 204 2440 certamine.
234 2372 310 2440 Cam
333 2377 417 2437 inter
440 2396 501 2452 eos,
526 2373 642 2438 scribit
665 2385 781 2438 auctor
797 2395 950 2456 coaevus,
975 2377 1140 2462 vertips‘ais

23 2479 125 2560 spiritu
151 2487 183 2538 et
206 2471 348 2536 incidiae
373 2472 471 2536 livore
500 2471 629 2558 suffuso,
660 2495 725 2535 noc
748 2484 881 2558 possent
914 2475 949 2537 in
973 2471 1079 2559 aliquo
1103 2474 1141 2538 de

22 2575 124 2656 premio
150 2572 327 2648 coanenire,
352 2571 493 2655 contigit,
517 2570 601 2654 quod
622 2569 931 2656 Hierosolymitanes
950 2573 1141 2658 patriarcba

23 2671 173 2736 «lacobus
187 2667 384 2748 Pantaleon)
410 2670 538 2731 nodone
552 2667 754 2752 Burpuadus,
778 2669 833 2754 qai
857 2679 929 2732 tunc
953 2669 997 2732 ad
1020 2671 1140 2733 curiam

21 2771 111 2854 ipsam
147 2791 214 2855 pro
249 2765 397 2830 ecclesiae
428 2787 505 2828 saue
533 2765 758 2850 promovendis
790 2767 924 2850 negotiis
956 2778 1139 2846 accesserat,

20 2867 211 2930 mucorditer
234 2863 279 2927 ad
302 2865 422 2950 apicem
435 2862 638 2949 Apostolicae
662 2863 830 2948 dignitatis
853 2876 1033 2951 assumptus
1056 2867 1139 2948 aial)

20 2963 138 3028 Nomen
158 2965 232 3049 ipse
253 2961 399 3026 Urbanus
415 2963 436 3024 I
439 2961 468 3025 V
487 2960 676 3046 assumpsit.
708 2963 748 3025 In
764 2961 973 3027 Tricassibus
988 2964 1139 3048 (Troyes)

19 3065 100 3126 anni
124 3062 200 3126 loco
226 3069 326 3140 ortus,
360 3059 418 3124 sed
442 3061 575 3144 ingenio
606 3069 639 3122 et
667 3061 788 3124 virtute
812 3061 962 3144 insignis,
995 3062 1140 3147 primum
1204 3125 1207 3138 ,

19 3163 194 3226 canonicus
218 3157 404 3240 Troesmis,
429 3156 552 3221 deinde
576 3155 833 3222 archidiaconus
856 3157 1061 3240 Leodiensis,
1085 3156 1140 3224 Se·

19 3259 62 3322 dis
93 3255 310 3344 Apostolicae
346 3257 381 3319 in
415 3254 608 3340 regionibus
640 3254 856 3320 orientalibus
888 3255 1024 3341 legatus,
1058 3257 1141 3341 epis·

19 3379 112 3442 copus
136 3353 380 3434 Verdunensis,
414 3351 491 3416 dein
515 3352 706 3437 patriarcha
729 3352 1062 3437 Hierosolymitanus,
1088 3353 1141 3417 de·

21 3475 100 3518 mum
132 3453 190 3518 die
222 3451 283 3516 29⁰
305 3451 448 3535 Augusti
479 3452 558 3514 anni
592 3450 675 3515 1261
709 3451 865 3522 Pontifex
904 3461 1033 3515 creatus
1066 3451 1139 3517 fuit.

20 3551 120 3639 Hujus
145 3549 362 3638 pontificatus
386 3549 480 3613 initio
505 3570 658 3612 eversum
679 3558 728 3612 est
751 3549 928 3635 imperium
946 3549 1141 3613 Latinorum

25 3729 230 3738 --—-.---

84 3819 105 3883 ¹)
124 3813 338 3886 nergenrcthsr
355 3814 390 3870 K
410 3813 442 3871 G.
455 3813 477 3867 1.
490 3813 551 3870 814.

83 3897 208 3964 ¹)Sicul.
231 3911 319 3950 rerum
339 3901 411 3949 auct.
432 3910 557 3964 anonym.
576 3911 618 3962 ap.
639 3893 773 3962 Raynald.
792 3909 816 3949 a.
838 3893 915 3950 1261.
934 3909 960 3948 n.
981 3894 1005 3948 7.
1025 3893 1143 3948 -Dis-

21 3989 172 4048 tsptatnrus
196 3985 259 4033 erat
284 3975 444 4030 Petriarcba
469 3991 529 4029 cnm
553 3974 771 4042 Hospitaliariis‚
799 3973 897 4042 quibus
922 3973 1077 4028 Alexander
1099 3973 1141 4028 IV

21 4060 209 4114 monaterinm
235 4073 256 4112 s.
275 4056 374 4110 Lazari
392 4056 552 4121 Bethaniae
576 4055 684 4110 Ordinis
694 4055 872 4118 Benedictini‚
892 4054 1067 4117 concesserat,
1086 4069 1140 4107 nou

21 4141 70 4194 sine
88 4138 172 4210 gravi
192 4137 321 4194 ecclesiae
339 4137 603 4204 Hierosolymitanae
621 4135 800 4204 incommodo;
828 4151 898 4203 qnae
917 4134 1027 4188 donatio
1045 4143 1144 4202 postea

22 4219 49 4270 st
66 4219 176 4274 Urbano
195 4215 386 4287 pontificatum
405 4217 502 4285 adepto
522 4218 634 4271 rescisse
652 4221 702 4271 est.
