2836 4848
296 446 349 500 388
458 443 572 498 XXVII
593 443 632 496 De
650 416 753 498 haeres.
774 442 939 510 repressione
958 459 990 497 ac
1009 445 1041 498 de
1061 445 1255 502 Decretelibus.

297 590 464 673 magister,
489 609 591 673 quum
616 586 717 650 seed
742 585 852 650 studia
876 609 900 650 s.
919 585 1109 673 Scripturas
1134 593 1293 674 vertisset,
1317 615 1394 656 nora·

296 709 369 752 rum
401 694 434 750 et
465 684 683 768 singularium
714 686 908 770 opinionum
939 707 1056 750 amans
1087 698 1119 750 et
1141 699 1257 770 tenax,
1289 701 1395 776 praeter

296 785 378 849 alios
401 805 526 848 errores
550 782 795 869 pentheismum
829 781 869 845 de
894 785 1042 847 omnium
1071 786 1197 850 entium
1230 809 1272 851 ex
1295 811 1353 851 una
1372 804 1396 850 ct

296 885 404 970 prima
428 881 622 960 substantia,
647 882 773 962 (omnia
790 901 860 944 esse
879 880 986 944 Deum
1012 893 1045 945 et
1060 882 1171 948 Deum
1194 907 1266 950 esse
1282 889 1385 964 omnia,

295 980 461 1067 professus
490 989 548 1044 est.
603 978 702 1042 Anno
730 978 815 1042 1204
839 1000 858 1042 a
882 1001 907 1042 s.
933 979 1103 1044 Facultate
1125 982 1303 1049 Parisiensi
1326 985 1397 1048 dam·

296 1091 403 1162 nutus,
435 1078 523 1165 quod
552 1087 719 1160 assereret,
750 1076 932 1162 quemlibet
956 1077 1183 1144 Christianum
1215 1081 1277 1146 sub
1304 1081 1398 1145 salutis

296 1175 441 1264 periculo
467 1175 599 1240 credere
624 1174 755 1256 debere,
780 1197 814 1238 se
838 1195 908 1238 esse
932 1175 1118 1240 membrum
1136 1176 1271 1260 Christi,
1295 1182 1398 1264 etqui·

296 1277 371 1340 dem
404 1297 443 1338 ea
474 1273 539 1339 fide
568 1296 634 1360 qua
663 1275 822 1337 nativitas
854 1271 976 1338 Christi
1017 1274 1140 1361 aliique
1177 1275 1255 1341 fidei
1289 1277 1398 1340 articuli

296 1372 453 1438 credendi
478 1384 563 1454 sunt,
595 1370 785 1436 Almurieus
813 1370 996 1457 appellavit
1025 1373 1068 1437 ud
1099 1376 1329 1439 Innocentium
1352 1377 1398 1438 III.

297 1471 453 1536 Pontifex
483 1471 569 1534 lecta
591 1470 752 1535 Almariei
778 1468 930 1534 doctrina
960 1482 993 1534 et
1017 1472 1198 1536 b'aeultatis
1221 1473 1400 1538 Parisieusis

297 1569 567 1650 contradictione,
597 1579 711 1632 eontra
735 1567 828 1633 illum
853 1570 1051 1632 sententiam
1082 1569 1178 1635 dixit.
1231 1572 1401 1636 Almaricus

296 1691 330 1732 se
353 1667 523 1733 Pontifioie
547 1667 728 1731 sententiae
744 1666 908 1748 submisit,
932 1687 1076 1731 errorem
1100 1691 1195 1732 suum
1210 1671 1357 1755 ejuravit,
1378 1686 1400 1732 et

296 1765 492 1852 paulopost
523 1787 602 1852 prae
632 1765 766 1829 tristitia
799 1764 892 1829 obiit.
948 1764 1143 1830 Doctrinam
1173 1768 1245 1853 ejus
1277 1768 1402 1832 breviter

298 1863 483 1928 Concilium
508 1863 733 1926 Lateranense
757 1863 959 1948 perstrinxit.
968 1862 991 1948 ¹)

127 1975 286 2017 emcrendis·
386 1963 437 2027 87.
486 1960 606 2041 Quoad
640 1961 759 2024 multos
790 1982 932 2024 canones
968 1961 1198 2047 disciplinares
1235 1977 1400 2028 memoratu

142 2039 271 2089 ⁰¹p¹¹¹²‘'⁹'‘'
297 2062 435 2146 dignum
459 2069 517 2139 est,
541 2058 816 2144 impedimentum
843 2059 1085 2123 matrimoniale
1110 2061 1400 2144 consanguinitatis.

295 2158 384 2246 quod
408 2168 483 2223 ante
507 2157 550 2222 ad
574 2159 751 2242 septimum
782 2157 923 2240 gradum
947 2158 1199 2240 extendebatur,
1233 2169 1268 2223 et
1291 2162 1335 2223 ita
1356 2147 1406 2228 scel

296 2267 434 2345 quanter
457 2277 572 2320 ansam
595 2255 777 2342 praebebat
800 2255 1062 2337 difficultatibus,
1094 2266 1297 2322 coarctatum
1320 2257 1401 2320 fuisse

296 2357 339 2421 ad
362 2355 503 2440 gradum
528 2363 698 2440 quartum3
723 2363 925 2417 coarctatum
946 2356 1070 2439 pariter
1093 2365 1142 2419 est
1166 2357 1337 2420 affinitatis
1359 2357 1401 2417 im·

294 2453 533 2541 pedimentum.
558 2489 601 2499 -
625 2450 868 2516 Celeberrimus
892 2473 988 2537 porro
1014 2460 1063 2516 est
1078 2475 1186 2517 canon
1211 2455 1284 2518 21³⁸
1307 2455 1345 2518 de
1359 2475 1402 2516 an·

296 2575 363 2616 nus
387 2550 592 2616 confessione
615 2559 648 2614 et
670 2551 903 2614 communione
920 2550 1134 2632 instituenda,
1160 2573 1225 2637 quo
1248 2553 1402 2616 statuitur:

301 2651 410 2715 Omnis
433 2650 593 2735 utriusque
618 2670 710 2710 cemus
729 2645 847 2731 fidelis,
872 2659 1042 2734 postquam
1065 2649 1110 2712 ad
1133 2673 1234 2714 annos
1259 2651 1402 2715 discretio·

296 2751 357 2826 nis,
378 2747 566 2832 peruenerit,
592 2746 697 2809 omnia
721 2769 779 2810 ma
803 2743 888 2808 colus
907 2758 1042 2832 peccata
1065 2748 1251 2831 confiteancr
1265 2749 1402 2832 fideliter.

297 2845 408 2910 saltem
437 2844 530 2908 semel
560 2845 593 2907 in
618 2865 716 2922 anno,
744 2846 881 2930 proprio
911 2845 1079 2924 sacerdoti,
1109 2857 1139 2908 et
1160 2847 1334 2935 injunctam
1355 2845 1405 2906 sibi

291 2945 522 3030 poeniteutiam
545 2942 671 3006 studeat
688 2963 750 3026 pro
774 2943 895 3006 uiribus
922 2941 1107 3028 adimplere,
1141 2945 1315 3030 mentiens
1338 2965 1402 3006 rcu-

296 3052 401 3106 center·
433 3041 477 3104 ad
500 3041 602 3104 minus
629 3043 664 3103 in
681 3041 805 3126 pascha
828 3042 1050 3106 Eucharistiae
1081 3053 1320 3109 sacromentum.
1365 3043 1402 3104 Dc

297 3139 433 3205 canonis
468 3159 566 3202 seusu
598 3139 673 3202 aliis
706 3140 740 3202 in
765 3138 951 3224 disciplinis
982 3141 1062 3204 satis
1092 3142 1220 3226 agitur3
1254 3143 1317 3207 boe
1345 3140 1405 3228 locol

297 3237 439 3301 sufficiet
461 3235 644 3318 advertere,
675 3258 836 3300 canonem
863 3236 967 3301 latum
997 3237 1108 3319 fuisse,
1142 3239 1231 3326 quod
1265 3235 1405 3325 permulti

298 3334 412 3400 fideles
435 3333 479 3398 ad
503 3337 768 3399 communionem
793 3357 921 3400 sacram
945 3336 1113 3400 rarissime
1136 3337 1340 3402 accederent.
1373 3335 1400 3398 ln

181 3458 183 3467 ·
297 3432 434 3500 Oriente
458 3431 593 3518 quidem
613 3433 683 3517 jam
708 3432 839 3498 saeculo
864 3443 980 3520 quarto
1005 3433 1185 3499 invaluisse
1209 3435 1348 3502 videtur.
1375 3441 1401 3494 ut

298 3531 393 3595 multi
424 3531 555 3596 nonnisi
585 3530 685 3594 semel
714 3533 749 3594 in
772 3553 859 3595 anno
883 3533 1090 3617 susciperent
1120 3555 1244 3598 sacram
1272 3531 1401 3598 euchari·

298 3629 436 3710 stiam‚²)
469 3628 526 3692 sed
559 3630 594 3692 in
625 3629 808 3693 Occidente
840 3651 943 3715 usque
974 3629 1016 3694 ad
1048 3629 1218 3695 saeculum
1250 3631 1400 3696 decimum

372 3826 393 3894 1)
412 3825 444 3877 V.
466 3825 602 3888 Wouters
630 3824 663 3878 H.
684 3825 714 3878 Ε.
744 3824 796 3878 vol.
815 3823 852 3880 Il.
880 3841 906 3892 p.
930 3825 990 3878 261.
1023 3853 1057 3864 -
1088 3824 1201 3878 Dissert.
1228 3824 1259 3878 V.
1284 3823 1330 3878 lI'.
1355 3821 1400 3874 Dis·

296 3913 363 3961 sert.
382 3905 484 3960 XLIII.

370 3985 393 4054 ¹)
411 3983 549 4054 vulgatus
561 3984 717 4039 Ambrosius
736 3984 768 4038 de
787 3984 903 4039 Sacram.
923 3983 953 4036 L.
967 3984 1000 4038 V.
1020 3999 1042 4040 c.
1061 3986 1086 4036 4.
1105 3983 1160 4038 ait:
1181 3983 1225 4050 „Si
1244 3983 1404 4050 quotidianus

297 4071 341 4120 cst
359 4065 444 4132 panis,
463 4080 510 4118 cur
527 4071 590 4133 post
602 4081 702 4119 annum
712 4064 788 4118 illum
800 4063 890 4128 sumis,
909 4065 1138 4132 quencudcuodum
1150 4063 1252 4118 Graeci
1264 4067 1294 4117 iu
1306 4055 1404 4128 Ou'euu}

298 4147 392 4212 fucere
415 4147 637 4200 cocceueneruut?
675 4145 773 4213 Accipe
792 4143 919 4211 quotidie,
948 4145 1018 4210 qnod
1037 4143 1157 4211 quotidie
1175 4143 1227 4198 tibi
1244 4143 1335 4212 prosit.
1367 4137 1404 4192 Sici

298 4225 370 4290 vise,
389 4233 421 4279 ut
439 4225 560 4292 quotidie
577 4226 705 4280 merearis
724 4225 871 4292 accipere.“
