2850 4834
331 452 519 520 Depositiones
536 451 756 520 Tctnplan'orum.
1080 457 1131 510 tau

40 597 127 676 posuit
149 617 244 660 unam
269 616 405 660 manum
429 595 472 659 ad
496 594 663 660 cultellum
687 617 864 675 armorum,
895 619 994 682 quem
1025 609 1132 684 porta·

40 691 89 770 bat
117 707 147 756 ct
168 693 264 758 aliam
290 715 426 757 manum
451 696 561 778 posuit
584 715 683 778 super
706 693 843 779 spatulis
868 694 948 758 dicti
972 697 1075 776 testis,
1100 708 1133 760 et

37 790 86 852 fuit
104 794 327 872 comminatus,
358 791 447 877 quod
466 791 636 876 jugularet
665 803 697 854 et
729 793 903 878 projiceret
931 815 1007 857 eum
1032 795 1064 856 in
1089 793 1133 875 la·

36 889 146 968 trinam,
170 911 253 975 quac
269 899 340 953 erat
357 889 456 974 juxta
469 889 593 953 dictam
606 911 781 968 cameram,
807 891 869 954 nisi
887 891 1019 972 iaceret,
1044 891 1130 977 quod

36 984 86 1048 >ibi
115 985 320 1072 injungebat,
356 997 389 1051 et
412 997 491 1050 tunc
523 987 631 1051 dietus
664 990 756 1051 testis
784 989 900 1052 timore
932 991 1058 1067 mortis,
1099 1003 1135 1052 ut

37 1083 112 1164 dixit,
136 1085 234 1149 dixit:
260 1085 439 1149 Consentio
463 1086 504 1148 iis
528 1107 612 1170 quae
637 1084 747 1166 vultis,
773 1096 806 1148 et
828 1087 874 1151 ita
890 1086 977 1150 dixit
992 1097 1027 1150 ut
1043 1089 1133 1151 satis·

35 1181 137 1246 faceret
158 1195 190 1246 et
213 1205 278 1248 non
303 1183 412 1264 corde,
437 1194 470 1246 et
493 1184 583 1268 spuit
606 1205 671 1246 nou
697 1205 796 1268 super
819 1206 950 1248 crucem
976 1184 1133 1264 mantelii,

34 1279 78 1341 sed
100 1279 139 1344 ad
163 1291 281 1368 terram
299 1281 409 1366 juxta.
440 1279 656 1344 Postmodum
681 1280 767 1344 dixit
782 1283 823 1363 ei,
848 1282 935 1368 quod
952 1283 1133 1368 oportebat,

34 1377 105 1460 quod
128 1378 329 1443 oscularetur
352 1400 426 1442 eum
450 1389 536 1442 retro
561 1381 594 1441 in
620 1380 715 1463 spina
739 1378 826 1442 dorsi
852 1395 884 1443 ct
907 1382 941 1444 in
965 1379 1134 1460 umbilico,

34 1474 129 1538 dicens
152 1477 240 1562 quod
264 1475 328 1541 boe
351 1498 416 1540 nou
441 1475 543 1540 fiebat
566 1498 623 1561 pro
649 1475 751 1556 male,
783 1477 840 1541 sed
865 1479 910 1541 ita
941 1477 1136 1542 servabatur

35 1573 60 1634 iu
80 1574 199 1639 ordine.
231 1575 275 1638 Et
297 1596 400 1660 quum
424 1575 494 1658 ipse
518 1576 610 1637 testis
635 1573 737 1656 fleret,
761 1585 793 1638 et
808 1575 942 1658 diceret,
966 1575 1055 1660 quod
1073 1575 1135 1639 boe

35 1692 86 1734 nou
107 1672 237 1752 faceret,
273 1672 382 1736 dictus
412 1672 514 1735 frater
537 1671 700 1756 Georgius
736 1672 822 1735 dixit
844 1672 1014 1757 praedicto
1042 1675 1135 1737 fratri

34 1765 157 1834 Garine:
182 1771 369 1834 Dimittatis
393 1791 479 1850 eum,
505 1771 583 1855 quia
602 1775 684 1833 bene
701 1769 782 1832 facit
805 1769 893 1855 quod
918 1792 978 1854 ego
995 1770 1079 1852 volo,
1104 1781 1138 1835 et

35 1880 96 1929 tuuc
117 1869 218 1931 traxit
242 1870 349 1952 ipsum
374 1880 490 1932 testem
515 1866 557 1931 ad
581 1865 740 1951 angulum
765 1888 915 1931 camerae
936 1867 1135 1952 praedictae,

34 1977 58 2024 et
82 1962 202 2029 levavit
233 1965 320 2030 idem
352 1966 453 2029 frater
476 1963 639 2048 Georgius
670 1963 913 2050 aliquantulum
943 1965 1136 2030 mantellum

34 2075 57 2122 ot
76 2066 227 2146 tunicam,
252 2075 285 2127 et
308 2064 394 2128 dixit
417 2064 524 2127 eidem
549 2065 634 2143 testi,
659 2063 747 2148 quod
772 2063 910 2148 fingeret
933 2085 967 2127 se
984 2063 1136 2142 osculari,

33 2171 57 2220 ot
76 2159 204 2250 diceret,
241 2184 275 2225 se
303 2161 486 2226 osculatum
521 2162 623 2226 fuisse
647 2183 732 2226 eum.
769 2213 775 2226 .
803 2209 842 2228 ..
875 2161 1067 2226 Praedictos
1090 2184 1135 2225 er·

33 2277 104 2320 rores
133 2259 303 2323 consessus
335 2259 443 2322 fuerat
467 2259 601 2340 Romae,
635 2259 669 2322 in
702 2257 844 2322 eeclesia
874 2282 899 2323 s.
916 2259 1064 2351 ¹Joannis
1096 2259 1137 2323 de

34 2351 178 2420 Laterano
203 2357 337 2420 cuidam
361 2357 453 2420 fratri
479 2356 615 2421 Ordinis
640 2381 663 2422 e.
689 2357 869 2439 Augustini
898 2357 993 2442 cujus
1017 2378 1136 2422 nomeu

35 2453 152 2536 imorat,
186 2454 332 2538 generali
358 2457 609 2540 poenitentiario
634 2455 761 2519 domiui
784 2455 905 2539 Papae,
940 2465 973 2518 et
995 2455 1139 2519 absolvit

34 2573 102 2623 osiris,
132 2565 164 2616 et
194 2553 280 2616 dixit
308 2555 338 2617 ei
369 2553 459 2639 quod
492 2553 660 2638 praedicta
692 2551 854 2616 revelaret
883 2552 971 2616 dicto
1004 2552 1138 2618 domino

36 2647 197 2714 Benedicta
220 2652 343 2736 Papae,
368 2661 400 2714 et
423 2653 493 2736 ipse
516 2651 697 2736 respondit,
721 2649 810 2736 quod
826 2671 892 2714 non
908 2651 1054 2732 auderet,
1076 2673 1138 2715 nec

35 2747 187 2828 revelavit,
221 2759 254 2812 et
284 2751 431 2834 injunxit
461 2751 490 2813 ei
525 2749 775 2834 poenitentiam,
809 2748 897 2834 qued
922 2748 1048 2813 diceret
1072 2749 1138 2813 VII

35 2845 168 2928 psalmos,
194 2845 294 2910 Pater
317 2857 427 2910 noster
450 2856 483 2911 et
507 2847 609 2911 multa
632 2845 698 2910 alia
722 2845 863 2926 talia.“¹)

105 2955 157 3020 45.
207 2955 323 3018 Frater
346 2954 517 3019 Jobannes
548 2954 589 3018 de
613 2954 802 3034 Buffavent,
828 2943 985 3017 ⁸serviens
1015 2952 1059 3018 35
1082 2975 1137 3018 an·
1164 2957 1292 3060 ffiggf

35 3072 133 3116 norum
163 3054 229 3118 fuit
259 3065 411 3138 receptus
439 3064 516 3116 ante
542 3054 583 3115 12
607 3073 711 3116 annos
734 3072 794 3136 per
816 3051 950 3115 fratrem
975 3050 1137 3116 Anricum
1290 3047 1295 3057 '

37 3147 148 3214 [tornar
171 3173 249 3213 cum
273 3149 391 3214 ritibus
415 3151 658 3214 ecclesiasticis.
690 3148 796 3233 ,Cum
813 3161 923 3214 autem
947 3149 1141 3215 recederent

34 3261 58 3306 et
77 3257 180 3312 esseut
205 3251 299 3334 quasi
324 3251 359 3312 in
383 3248 492 3312 medie
516 3248 675 3313 ecclesiae
695 3248 802 3313 dietus
826 3257 975 3332 receptor
997 3249 1082 3311 dixit
1098 3250 1139 3330 ei,

33 3345 106 3426 quod
128 3345 241 3410 adhuc
265 3346 411 3411 habebat
433 3349 462 3410 ei
488 3346 615 3433 aliquid
631 3346 750 3427 dicere,
775 3357 808 3409 et
824 3347 895 3430 ipso
912 3357 994 3408 teste
1008 3368 1140 3431 respon·

34 3440 115 3506 deute
138 3465 235 3530 quae,
266 3445 352 3508 dixit
375 3457 534 3530 receptor,
568 3443 656 3530 quod
680 3443 853 3528 oportebat
875 3465 950 3506 eum
975 3443 1141 3526 abnegare

37 3537 127 3605 Deum
151 3553 185 3606 et
209 3564 326 3628 spuere
351 3564 450 3629 super
473 3565 624 3617 crucem;
650 3553 781 3606 etcum
805 3544 876 3626 ipse
900 3542 991 3604 testis
1016 3541 1142 3605 diceret

36 3639 106 3719 quod
130 3640 194 3704 boc
218 3639 308 3705 nullo
324 3641 421 3705 modo
437 3641 570 3721 faceret,
594 3640 695 3728 freter
708 3639 913 3723 Raynaudus
930 3637 1016 3702 dixit
1032 3638 1141 3702 eidem

37 3733 174 3803 ridendo:
200 3737 274 3802 Non
290 3761 395 3820 cures,
421 3738 577 3824 quiahoc
600 3759 666 3801 non
691 3748 740 3800 est
763 3738 827 3800 nisi
851 3736 1015 3822 quaedam
1030 3737 1139 3802 truffa.

37 3829 98 3897 Post
132 3859 218 3922 quac
257 3836 301 3900 ad
347 3847 560 3922 praeceptum
600 3836 679 3900 dieti
718 3837 906 3919 receptoris,
946 3855 1048 3920 quum
1084 3833 1141 3896 aii-

36 3935 213 4014 quantulum
238 3944 463 4021 repugnasset,
492 3933 636 4000 finaliter
658 3932 838 4016 abnegavit
862 3932 970 3996 Deum
995 3953 1050 3996 ore
1074 3953 1142 3996 non

38 4031 127 4096 eorde.
165 4034 284 4098 Postea
308 4035 540 4119 praecepitei,
569 4031 657 4118 quod
682 4041 814 4116 spueret
838 4051 937 4115 supra
960 4029 1140 4115 quemdam

40 4157 232 4170 ⁸·——u———nn

94 4229 113 4297 ἱ)
132 4229 228 4283 Preces
247 4233 299 4284 eto.
336 4227 358 4282 Ι.
380 4243 404 4296 p.
424 4229 478 4282 424
496 4243 552 4295 sqq.

79 4336 214 4388 Jougnann,
229 4337 418 4377 Dissertattenes.
432 4338 497 4376 Tem.
514 4334 552 4376 Vl.
965 4323 982 4375 9
