2832 4844
388 451 446 506 ΒΕ.
467 453 628 510 Pontificum
646 455 737 510 series.
1073 455 1126 508 191

30 589 167 654 rationem
189 589 299 656 adhuc
323 598 511 660 accuratius
535 597 767 677 determinant,
799 606 832 662 et
854 599 949 662 varia
973 599 1126 662 sanciun-

29 702 74 764 tur,
96 687 212 772 quibus
236 701 432 757 statutorum
458 693 644 761 observatio
670 697 839 760 efficacius
863 694 1058 760 inculcatur.

98 785 170 850 124.
214 787 357 853 Rediens
380 801 454 876 post
476 790 662 857 Concilium
688 795 722 857 in
745 794 887 875 Italiam,
912 793 1126 880 Rudolphum

26 879 237 966 inperatorem
269 885 411 952 electum
441 887 621 976 Gregorius
653 894 685 956 X
724 892 862 956 obvium
893 891 1019 957 habuit
1041 892 1127 956 Lau-

26 1001 138 1057 ssunae,
171 982 226 1046 ubi
257 984 367 1048 fausta
395 987 574 1053 concordia
598 989 638 1053 de
662 989 842 1078 Ecclesiae
857 999 890 1054 et
913 989 1048 1074 Imperii
1072 1010 1126 1053 ne·

23 1080 102 1149 aotiis
124 1090 315 1149 tractarunt.
352 1084 592 1170 Transgressus
607 1088 709 1172 Alpes
733 1089 873 1152 accessit
888 1085 1126 1164 Mediolanum,

22 1175 83 1238 iude
96 1176 309 1262 Placentiam,
334 1192 432 1268 atque
455 1183 542 1262 dein,
567 1185 816 1270 praetervolans
833 1185 1047 1266 Florentiam,
1072 1186 1125 1248 cui

20 1273 51 1334 ob
79 1296 144 1340 non
166 1289 314 1342 servatas
346 1279 434 1366 leges
465 1285 557 1367 pacis
588 1305 664 1347 cum
689 1283 870 1349 Gibellinis
908 1282 1127 1348 interdixerat

21 1391 104 1452 uera,
137 1379 290 1459 pervenit
318 1380 479 1447 Aretium.
527 1379 579 1446 Ibi
609 1383 894 1467 recuperationem
917 1380 1126 1446 Palaestinae

18 1470 188 1537 volventem
221 1476 344 1556 animo,
379 1499 482 1563 eoque
513 1502 547 1543 se
571 1502 648 1544 eum
672 1481 821 1546 exercitu
852 1479 1001 1544 conferre
1025 1478 1126 1542 medi·

18 1580 136 1655 tantem,
161 1572 337 1660 intercepit
372 1598 459 1640 mors
494 1577 548 1640 die
583 1579 641 1643 10⁰
664 1579 816 1644 danuarii
856 1579 935 1642 anni
963 1577 1058 1641 1276.
1082 1614 1126 1624 ·-

16 1663 149 1752 Sepultus
172 1683 220 1736 est
242 1671 347 1737 aretii
369 1697 489 1739 summu
516 1699 584 1740 cum
614 1678 823 1758 veneratione,
854 1675 1011 1760 multaque
1041 1677 1125 1738 circo

16 1761 88 1830 illius
109 1792 226 1854 corpas
247 1770 404 1836 miracula
420 1773 623 1859 postmodam
639 1774 802 1839 subsecuto
816 1773 916 1857 fidem
928 1778 995 1862 ejus
1011 1775 1125 1837 suaed-

15 1869 75 1928 tetia
106 1869 276 1932 indubiam
306 1870 492 1955 presbetero.
504 1869 528 1956 ¹)
583 1870 781 1937 Solemniter
817 1895 836 1936 a
873 1870 1042 1936 Clemente
1073 1871 1125 1935 XI

13 1985 84 2027 anno
110 1967 198 2032 1713
224 1965 404 2052 Gregorius
427 1969 460 2032 X
485 1971 571 2034 inter
593 1971 713 2035 Beatos
735 1970 858 2034 relatus
882 1981 939 2036 est.
1225 2013 1229 2024 ·

88 2066 164 2132 125.
211 2066 291 2131 Post
314 2066 468 2151 Gregorii
492 2069 527 2132 X
559 2068 717 2155 obsequia
735 2069 824 2154 juste
857 2066 1023 2154 persoluta
1047 2064 1122 2130 Can
1207 2091 1247 2120 n·

14 2157 135 2248 dinales,
177 2167 213 2228 in
247 2163 398 2228 conclavi
433 2166 551 2230 inclusi
583 2167 767 2231 seeundum
796 2166 903 2249 legem
928 2167 962 2229 in
987 2165 1121 2248 Synodo
1146 2152 1187 2182 ⁰⁰¹³
1208 2153 1235 2182 '¹⁸

12 2257 216 2340 lugdunensi
234 2261 346 2344 latam,
364 2263 533 2348 elegerunt
547 2266 581 2328 in
597 2287 763 2330 summum
779 2264 974 2328 Pontificem
987 2264 1122 2327 Petrum

12 2356 40 2422 le
54 2361 251 2425 Tarantasio
270 2359 482 2426 Cardinalem
499 2363 705 2448 Episcopum
722 2361 919 2442 Ostiensem,
944 2383 984 2424 ex
996 2360 1122 2426 Ordine

9 2459 229 2539 alteminioi,
255 2459 364 2522 virum
388 2461 478 2524 vitae
501 2462 691 2544 integritate
715 2469 748 2523 et
770 2459 956 2524 eruditione
980 2457 1123 2544 praecel-

8 2549 81 2627 huri,
106 2579 211 2644 quam
238 2559 309 2642 ejus
333 2579 432 2642 opera
455 2568 627 2638 testantur,
654 2558 916 2622 celeberrimum.
955 2557 1122 2620 Isnomen

8 2651 175 2718 innocentii
213 2655 242 2717 V
275 2656 417 2739 accepit,
458 2665 490 2720 et
520 2655 673 2740 Gregorii
701 2657 734 2720 X
774 2657 923 2740 vestigiis
958 2656 1122 2735 insistens,

9 2769 111 2838 nagna
158 2775 237 2816 cum
277 2751 499 2817 sollicitudine
537 2754 722 2818 Ecclesiam
771 2755 880 2838 coepit
925 2751 1120 2836 gubernare.

7 2845 170 2916 Praeclara
195 2873 256 2937 pro
272 2853 320 2914 rei
345 2851 545 2915 christianae
569 2853 842 2937 amplificatione,
867 2851 1059 2915 defensione
1083 2871 1123 2912 ac

8 2965 107 3015 truatu
134 2949 365 3014 meditabatur
388 2951 539 3033 egregius
555 2950 721 3032 Pontifex,
747 2971 849 3034 quum
874 2971 948 3035 spes
973 2950 1122 3031 ingentes

8 3049 192 3113 rfidelibus
230 3047 272 3111 de
296 3047 367 3132 ejus
391 3048 551 3132 regimine
576 3059 752 3132 conceptas
777 3069 865 3111 mors
888 3045 1009 3110 acerba
1032 3066 1123 3130 prae-

8 3145 71 3208 ridit
108 3167 202 3211 anno
243 3147 314 3230 ipso
356 3146 442 3210 1276
480 3145 534 3209 die
565 3147 626 3209 21ο
648 3146 754 3227 Junii,
795 3155 887 3208 sexto
912 3143 1123 3229 pontificatus

7 3263 112 3311 nense.
138 3283 186 3292 -
211 3242 418 3310 Substitutus
441 3253 491 3308 est
514 3245 543 3307 ei
568 3265 646 3307 mox
670 3242 858 3309 Ottobonus
881 3242 1020 3322 Fliscus,
1047 3239 1124 3304 Car·

6 3337 110 3406 linalis
137 3341 341 3422 Genuensis,
366 3342 552 3406 Innocentii
577 3341 626 3405 IV
652 3364 763 3426 nepos,
793 3342 850 3427 qui
876 3340 1067 3404 Hadrianus
1097 3339 1129 3402 V
1165 3352 1261 3391 Hadri*-

7 3440 179 3526 tppellatus
195 3450 255 3503 est.
294 3438 474 3502 Feruorem
494 3460 553 3524 pro
571 3439 746 3503 liberanda
762 3450 848 3504 terra
873 3447 988 3502 sancta
1011 3439 1122 3501 statim
1171 3424 1214 3452 ”¹¹⁸
1228 3413 1257 3454 ι

6 3551 126 3604 ceratus
152 3549 205 3602 est
231 3538 330 3600 missa
353 3538 515 3622 pecuniae
543 3536 654 3621 ampla
677 3559 807 3600 summa
831 3536 874 3600 ad
899 3533 1123 3620 patriarcham

5 3635 349 3720 Hierosolymitanum,
381 3644 417 3698 ut
446 3644 631 3699 armaturas
665 3645 881 3720 compararet.
929 3632 994 3697 Sed
1020 3641 1123 3696 morte

5 3747 187 3822 praereptus
211 3742 263 3796 est
274 3731 466 3797 Hadrianus
482 3733 523 3814 V,
548 3743 724 3818 postquam
749 3731 791 3796 ab
809 3731 969 3796 electione
993 3739 1123 3793 tantum

4 3835 124 3918 triginta
150 3853 276 3896 novem
302 3830 372 3894 dies
396 3832 604 3910 transierant,
630 3830 685 3894 die
700 3831 758 3894 16υ
771 3831 914 3913 Augusti
930 3830 1010 3892 anni
1026 3828 1122 3909 1276,

4 3952 88 4016 quum
114 3929 272 3998 nondum
298 3927 450 3992 sacerdos
473 3938 558 3992 esset
581 3937 801 3993 consecratus.
848 3928 926 3993 dam
943 3948 1019 3990 cum
1037 3946 1123 3990 crea·

4 4044 85 4111 retur,
111 4029 254 4095 infirma
276 4026 457 4091 admodum
481 4025 673 4090 valetudine
698 4025 861 4108 utebatur,
887 4027 934 4088 ita
957 4035 994 4087 ut
1017 4022 1123 4087 affini·

89 4181 107 4184 ..
124 4175 209 4184 ...e-

63 4245 128 4312 ²18.
150 4240 285 4296 Antonin
306 4239 395 4294 Chron
423 4239 473 4292 111.
492 4239 538 4293 tit.
560 4241 602 4293 20.
622 4255 644 4292 c.
664 4241 689 4291 2.
710 4238 734 4308 ξ.
754 4239 779 4292 4.
