2828 4842
379 448 420 504 De
438 448 543 503 haeresi
561 449 760 518 Albigensium.
1081 450 1132 506 321

40 589 141 673 legatus
168 591 381 677 Apostolicus
417 591 461 656 ad
492 590 778 678 archiepiscopum
813 591 1133 676 Rothomagensem:

39 688 285 772 Haeresiarclcam,
309 713 397 776 quem
412 690 562 754 baeretici
576 689 761 778 Albiqences
777 713 902 776 papam
926 713 1014 754 mam
1026 691 1134 778 appel·

37 785 96 866 lost,
116 787 308 853 habitantem
331 787 490 871 infinibus
507 787 719 874 Belgas-orum
738 785 887 852 Oroatiae
904 798 934 852 et
947 787 1133 854 Dalmatiae

29 887 106 968 jacta
125 886 353 971 Huaqororum
375 887 548 949 nationem.
573 885 626 950 Ad
649 909 717 949 eum
741 885 899 972 confluunt
914 887 1064 950 baeretici
1077 886 1133 950 Al·

35 979 163 1064 tipeases,
194 994 231 1046 ut
264 984 308 1047 od
342 1007 448 1048 eorum
476 983 620 1048 consulta
653 982 876 1069 respondeat.
902 1033 910 1048 .
935 984 1061 1047 Etenim
1095 984 1133 1048 de

35 1075 205 1144 tbrcuasone
230 1082 393 1162 oriundus,
419 1083 501 1146 vices
519 1081 610 1146 illius
632 1083 808 1168 antipapae
835 1103 945 1168 perena
967 1060 1133 1146 Bartholo-

34 1197 116 1238 maeus
143 1178 373 1242 baereticorum
403 1181 579 1266 episcopus,
606 1231 612 1246 .
638 1227 645 1243 .
670 1228 678 1244 .
703 1181 787 1244 inter
819 1178 903 1243 alias
932 1181 1133 1244 enormitates

31 1285 97 1336 creat
111 1278 286 1363 episcopos,
303 1287 333 1339 ot
348 1276 493 1341 ecclesias
503 1277 626 1364 perfide
642 1276 793 1340 ordinare
810 1277 979 1342 contendit.
988 1276 1012 1364 ¹)
1040 1277 1133 1342 Haec

31 1373 190 1454 respiciunt
214 1376 312 1438 initia
336 1373 459 1438 saeculi
476 1375 598 1439 decimi
615 1376 714 1439 tertii.
752 1373 817 1438 Sed
837 1375 909 1460 jam
933 1396 1020 1440 anno
1048 1376 1131 1440 1167

30 1463 228 1535 Catharornm
253 1472 345 1558 Papa
369 1473 532 1559 Niquinta
555 1471 609 1536 vel
633 1473 761 1552 Niceta,
787 1473 952 1557 praesedit
977 1470 1132 1538 Catharo-

28 1587 85 1630 rum
107 1569 236 1652 synodo
260 1568 304 1634 ad
328 1570 361 1636 S.
386 1570 533 1636 Felicem
565 1570 606 1635 de
631 1571 796 1634 Caraman
824 1572 859 1633 in
883 1571 1016 1654 regione
1039 1571 1133 1637 Tolo-

27 1685 90 1728 saua
111 1665 259 1749 habitae,
291 1669 465 1755 episcopos
490 1669 659 1734 ordinavit
688 1679 721 1732 et
744 1667 899 1732 ecclesias
923 1668 1003 1754 ipsis
1028 1669 1133 1734 distri-

27 1759 120 1844 bunt)

96 1881 126 1947 9.
158 1881 263 1961 Quod
287 1881 329 1946 ad
353 1883 461 1967 officia
485 1905 578 1946 sacra
602 1881 822 1947 Gatharorum
846 1883 973 1964 attinet,
998 1885 1032 1948 in
1057 1906 1130 1949 con·
1148 1900 1297 1940 &stratorum

25 1977 162 2043 rentibus
196 1981 267 2042 suis
299 1978 457 2043 lectiones
482 2003 523 2043 ex
555 2001 641 2045 novo
666 1979 876 2044 Testamento
909 1979 1079 2046 habebant
1102 1994 1135 2047 et
1192 1965 1251 2004 ‘¹²¹²'

22 2077 194 2159 conciones,
228 2079 411 2142 orationem
442 2077 644 2142 dominicam
668 2077 855 2141 recitabant
877 2086 910 2140 et
932 2078 1134 2145 benedictio·

21 2193 83 2236 uem
106 2173 325 2261 recipiebant.
374 2174 555 2239 Credentes
582 2177 735 2260 gravium
763 2177 939 2239 criminum
964 2179 1011 2242 rei
1036 2179 1135 2242 etiam

21 2275 250 2338 confessionem
275 2273 452 2359 specialem
473 2273 651 2353 iaciebant,
676 2272 795 2358 reliqui
812 2273 1011 2356 generalem,
1037 2287 1136 2362 atque

21 2371 158 2454 imposito
183 2383 264 2436 ante
289 2373 368 2436 novi
392 2372 597 2436 Testamenti
622 2369 721 2452 libro,
756 2380 788 2433 et
818 2372 956 2435 recitata
988 2375 1136 2438 oratione

20 2467 183 2548 dominica,
209 2467 452 2533 absolutionem
479 2469 696 2554 recipiebant.
744 2465 810 2532 Sed
835 2472 1050 2534 sacramentis
1074 2471 1136 2536 Ec-

20 2565 121 2630 clesiae
155 2569 308 2654 rejectis,
344 2568 514 2652 proprium
549 2569 629 2652 ipsis
662 2576 906 2630 sacramentum
943 2579 1013 2632 erat
1043 2568 1135 2651 illud,

19 2665 91 2748 quod
119 2665 397 2732 Consolomentum
422 2663 650 2746 nominabant,
676 2662 729 2728 vel
754 2663 957 2748 baptismum
990 2668 1135 2751 spiritus.

19 2761 92 2826 Huic
116 2765 198 2830 ritui
225 2763 461 2827 adscribebant
484 2762 715 2827 liberationem
741 2762 922 2848 perfectam
938 2787 958 2827 a
974 2773 1135 2849 potestate

16 2863 164 2948 principis
190 2859 404 2925 tenebrarum
429 2875 462 2925 et
486 2863 653 2942 materiae,
678 2882 717 2924 ac
741 2861 969 2924 remissionem
994 2860 1135 2946 comple-

18 2972 71 3022 tam
93 2961 239 3046 peccati,
271 2961 342 3022 sinc
370 2959 437 3022 alia
471 2959 706 3023 satisfactione.
766 2959 844 3022 Post
875 2959 975 3022 trium
1007 2959 1135 3023 dicrum

12 3057 126 3140 jejunia
151 3080 194 3122 ac
220 3059 450 3142 poenitentias,
482 3054 564 3120 illud
589 3055 871 3120 consolamentum
905 3055 1137 3121 conferebatur
1246 3099 1253 3113 .

15 3156 216 3240 impositione
243 3176 400 3218 manuum
426 3164 457 3217 et
481 3156 628 3218 oratioue
654 3154 831 3234 dominica,
857 3163 957 3239 atque
981 3153 1044 3218 hoc
1068 3155 1146 3218 ritux

11 3255 135 3338 perfecti
159 3253 461 3318 constituebantur.
515 3251 573 3316 Isti
602 3249 749 3337 perfecti,
774 3252 821 3313 uti
847 3250 1004 3334 diximus,
1030 3251 1136 3316 vitam

15 3372 149 3416 severam
176 3351 401 3416 abstinentiae
429 3351 596 3433 rigorosas
621 3346 798 3414 ducebant.
855 3345 1034 3412 Credentes
1067 3350 1136 3435 qui-

15 3449 77 3512 «tan
102 3449 357 3532 promittebant,
382 3471 415 3510 sc
434 3446 515 3512 illud
540 3445 821 3510 consolamentum
846 3457 1037 3530 recepturos
1054 3470 1135 3540 esse,

15 3547 60 3610 sel
83 3549 123 3612 ob
149 3569 275 3632 graves
300 3545 527 3630 obligationes,
552 3567 635 3630 quas
652 3566 764 3607 secum
785 3543 921 3621 ferebat,
947 3542 987 3607 ob
1013 3547 1135 3610 incom-

16 3645 98 3707 moda
131 3659 164 3708 et
198 3646 496 3728 transgressionum
530 3641 687 3727 pericula,
722 3639 843 3726 quibus
876 3641 973 3726 plane
1005 3644 1135 3708 irritum

16 3739 117 3822 fiebat,
154 3741 443 3806 consolamentum
477 3741 672 3826 plerumque
703 3739 919 3802 differebatur
955 3763 1059 3826 usque
1091 3743 1135 3806 ad

17 3843 113 3904 rurrtis
129 3841 418 3926 propinquitatem
435 3840 487 3903 vel
505 3838 698 3924 periculum.
730 3839 856 3900 Passim
872 3849 981 3902 autem
998 3842 1134 3925 aegroti,

16 3937 34 3997 si
57 3937 105 4002 illo
130 3947 275 4022 accepto
301 3937 532 4001 convalescere
553 3935 761 4016 videbantur,
787 3936 898 3999 inedia
916 3948 1054 4000 mortem
1071 3936 1134 4000 sibi

96 4077 104 4082 ..
110 4077 217 4084 φη...μ

75 4143 91 4202 't
111 4142 217 4208 script.
241 4155 293 4195 rer.
314 4141 401 4194 Franc
429 4149 451 4195 t.
470 4139 545 4196 XIV.
565 4155 589 4207 p,
609 4141 662 4192 448
691 4145 748 4196 not.
769 4157 794 4192 a.

75 4225 93 4286 ’ᾖ
110 4221 231 4276 Ibidem.

58 4329 198 4379 Jusgmsnn,
216 4329 406 4368 Dissertationes.
423 4328 487 4368 rom.
501 4329 527 4368 V.
