<?xml version="1.0" encoding="UTF-8"?>
<!DOCTYPE html PUBLIC "-//W3C//DTD XHTML 1.0 Transitional//EN"
    "http://www.w3.org/TR/xhtml1/DTD/xhtml1-transitional.dtd">
<html xmlns="http://www.w3.org/1999/xhtml" xml:lang="en" lang="en">
 <head>
  <title>
</title>
<meta http-equiv="Content-Type" content="text/html;charset=utf-8" />
  <meta name='ocr-system' content='tesseract 3.04.00' />
  <meta name='ocr-capabilities' content='ocr_page ocr_carea ocr_par ocr_line ocrx_word'/>
</head>
<body>
  <div class='ocr_page' id='page_1' title='image "./dissertationess00junggoog_0485.png"; bbox 0 0 2814 4840; ppageno 0'>
   <div class='ocr_carea' id='block_1_1' title="bbox 288 407 1227 465">
    <p class='ocr_par' dir='ltr' id='par_1_1' title="bbox 288 407 1227 465">
     <span class='ocr_line' id='line_1_1' title="bbox 288 407 1227 465; baseline 0.004 -5"><span class='ocrx_word' id='word_1_1' title='bbox 288 409 343 464; x_wconf 81' lang='lat'><strong>470</strong></span> <span class='ocrx_word' id='word_1_2' title='bbox 487 407 616 464; x_wconf 84' lang='lat' dir='ltr'>XXVIII.</span> <span class='ocrx_word' id='word_1_3' title='bbox 637 409 677 462; x_wconf 89' lang='lat' dir='ltr'><strong>De</strong></span> <span class='ocrx_word' id='word_1_4' title='bbox 695 413 773 463; x_wconf 86' lang='lat' dir='ltr'><strong>statu</strong></span> <span class='ocrx_word' id='word_1_5' title='bbox 791 409 931 465; x_wconf 85' lang='lat' dir='ltr'><strong>societatis</strong></span> <span class='ocrx_word' id='word_1_6' title='bbox 950 408 1042 464; x_wconf 78' lang='lat' dir='ltr'>christ.</span> <span class='ocrx_word' id='word_1_7' title='bbox 1062 423 1131 464; x_wconf 82' lang='lat' dir='ltr'><strong>saec</strong></span> <span class='ocrx_word' id='word_1_8' title='bbox 1150 407 1227 464; x_wconf 84' lang='lat' dir='ltr'>XIII.</span> 
     </span>
    </p>
   </div>
   <div class='ocr_carea' id='block_1_2' title="bbox 114 550 1399 3671">
    <p class='ocr_par' dir='ltr' id='par_1_2' title="bbox 285 550 1397 639">
     <span class='ocr_line' id='line_1_2' title="bbox 285 550 1397 639; baseline 0 -27"><span class='ocrx_word' id='word_1_9' title='bbox 285 550 543 633; x_wconf 83' lang='lat' dir='ltr'><strong>vindicarunt.¹)</strong></span> <span class='ocrx_word' id='word_1_10' title='bbox 592 551 780 618; x_wconf 88' lang='lat' dir='ltr'><strong>Gulielmus</strong></span> <span class='ocrx_word' id='word_1_11' title='bbox 804 553 875 639; x_wconf 90' lang='lat' dir='ltr'><strong>ipse</strong></span> <span class='ocrx_word' id='word_1_12' title='bbox 898 551 1070 617; x_wconf 84' lang='lat' dir='ltr'><strong>beneficiis</strong></span> <span class='ocrx_word' id='word_1_13' title='bbox 1104 553 1173 616; x_wconf 88' lang='lat' dir='ltr'><strong>suis</strong></span> <span class='ocrx_word' id='word_1_14' title='bbox 1200 551 1342 636; x_wconf 76' lang='lat' dir='ltr'><strong>privatus</strong></span> <span class='ocrx_word' id='word_1_15' title='bbox 1367 559 1397 612; x_wconf 89' lang='lat' dir='ltr'><strong>ct</strong></span> 
     </span>
    </p>

    <p class='ocr_par' dir='ltr' id='par_1_3' title="bbox 114 649 1399 3671">
     <span class='ocr_line' id='line_1_3' title="bbox 185 649 744 734; baseline 0.004 -21"><span class='ocrx_word' id='word_1_16' title='bbox 185 675 199 688; x_wconf 59' lang='lat'><strong>„</strong></span> <span class='ocrx_word' id='word_1_17' title='bbox 285 671 302 712; x_wconf 91' lang='lat' dir='ltr'><strong>e</strong></span> <span class='ocrx_word' id='word_1_18' title='bbox 325 649 469 714; x_wconf 80' lang='lat' dir='ltr'><strong>Francia</strong></span> <span class='ocrx_word' id='word_1_19' title='bbox 492 649 649 734; x_wconf 85' lang='lat' dir='ltr'><strong>expulsus</strong></span> <span class='ocrx_word' id='word_1_20' title='bbox 671 650 744 715; x_wconf 87' lang='lat' dir='ltr'><strong>fuit.</strong></span> 
     </span>
     <span class='ocr_line' id='line_1_4' title="bbox 114 744 1393 833; baseline -0.003 -23"><span class='ocrx_word' id='word_1_21' title='bbox 114 747 275 818; x_wconf 66' lang='lat' dir='ltr'><strong>cortamin-</strong></span> <span class='ocrx_word' id='word_1_22' title='bbox 356 745 428 812; x_wconf 91' lang='lat'>100.</span> <span class='ocrx_word' id='word_1_23' title='bbox 457 745 537 811; x_wconf 83' lang='lat' dir='ltr'>Post</span> <span class='ocrx_word' id='word_1_24' title='bbox 559 747 806 812; x_wconf 81' lang='lat' dir='ltr'><strong>damnationem</strong></span> <span class='ocrx_word' id='word_1_25' title='bbox 831 745 919 810; x_wconf 89' lang='lat' dir='ltr'><strong>illius</strong></span> <span class='ocrx_word' id='word_1_26' title='bbox 943 745 1019 812; x_wconf 87' lang='lat' dir='ltr'><strong>libri</strong></span> <span class='ocrx_word' id='word_1_27' title='bbox 1046 746 1161 832; x_wconf 86' lang='lat' dir='ltr'><strong>plures</strong></span> <span class='ocrx_word' id='word_1_28' title='bbox 1184 744 1316 833; x_wconf 87' lang='lat' dir='ltr'><strong>quidem</strong></span> <span class='ocrx_word' id='word_1_29' title='bbox 1337 766 1393 828; x_wconf 87' lang='lat' dir='ltr'><strong>pro·</strong></span> 
     </span>
     <span class='ocr_line' id='line_1_5' title="bbox 137 813 1393 930; baseline -0.006 -20"><span class='ocrx_word' id='word_1_30' title='bbox 137 813 252 918; x_wconf 55' lang='lat' dir='ltr'><strong>:iiiiii</strong></span> <span class='ocrx_word' id='word_1_31' title='bbox 286 844 425 908; x_wconf 79' lang='lat' dir='ltr'>sessores</span> <span class='ocrx_word' id='word_1_32' title='bbox 450 843 608 910; x_wconf 86' lang='lat' dir='ltr'><strong>Gulielmi</strong></span> <span class='ocrx_word' id='word_1_33' title='bbox 634 847 815 910; x_wconf 87' lang='lat' dir='ltr'><strong>sententias</strong></span> <span class='ocrx_word' id='word_1_34' title='bbox 839 844 1046 922; x_wconf 88' lang='lat' dir='ltr'><strong>dimiserunt,</strong></span> <span class='ocrx_word' id='word_1_35' title='bbox 1076 853 1108 906; x_wconf 88' lang='lat' dir='ltr'><strong>et</strong></span> <span class='ocrx_word' id='word_1_36' title='bbox 1127 843 1257 930; x_wconf 91' lang='lat' dir='ltr'><strong>judicio</strong></span> <span class='ocrx_word' id='word_1_37' title='bbox 1281 841 1393 905; x_wconf 89' lang='lat' dir='ltr'><strong>Pontiti·</strong></span> 
     </span>
     <span class='ocr_line' id='line_1_6' title="bbox 287 939 1393 1028; baseline -0.005 -21"><span class='ocrx_word' id='word_1_38' title='bbox 287 945 335 1008; x_wconf 92' lang='lat' dir='ltr'><strong>cis</strong></span> <span class='ocrx_word' id='word_1_39' title='bbox 359 965 393 1007; x_wconf 89' lang='lat' dir='ltr'><strong>se</strong></span> <span class='ocrx_word' id='word_1_40' title='bbox 426 942 668 1023; x_wconf 84' lang='lat' dir='ltr'>submittentes,</span> <span class='ocrx_word' id='word_1_41' title='bbox 703 965 819 1028; x_wconf 87' lang='lat' dir='ltr'><strong>pacem</strong></span> <span class='ocrx_word' id='word_1_42' title='bbox 849 953 883 1007; x_wconf 87' lang='lat' dir='ltr'><strong>et</strong></span> <span class='ocrx_word' id='word_1_43' title='bbox 912 942 1125 1006; x_wconf 81' lang='lat' dir='ltr'><strong>concordiam</strong></span> <span class='ocrx_word' id='word_1_44' title='bbox 1157 963 1234 1006; x_wconf 88' lang='lat' dir='ltr'><strong>cum</strong></span> <span class='ocrx_word' id='word_1_45' title='bbox 1265 939 1393 1004; x_wconf 90' lang='lat' dir='ltr'><strong>Domini-</strong></span> 
     </span>
     <span class='ocr_line' id='line_1_7' title="bbox 287 1038 1393 1127; baseline -0.007 -21"><span class='ocrx_word' id='word_1_46' title='bbox 287 1043 379 1106; x_wconf 89' lang='lat' dir='ltr'><strong>eanis</strong></span> <span class='ocrx_word' id='word_1_47' title='bbox 396 1043 552 1108; x_wconf 87' lang='lat' dir='ltr'><strong>inierunt.</strong></span> <span class='ocrx_word' id='word_1_48' title='bbox 588 1041 774 1106; x_wconf 86' lang='lat' dir='ltr'><strong>Gulielmus</strong></span> <span class='ocrx_word' id='word_1_49' title='bbox 791 1063 921 1127; x_wconf 88' lang='lat' dir='ltr'><strong>quoque</strong></span> <span class='ocrx_word' id='word_1_50' title='bbox 943 1041 1109 1126; x_wconf 86' lang='lat' dir='ltr'><strong>professus</strong></span> <span class='ocrx_word' id='word_1_51' title='bbox 1125 1049 1175 1103; x_wconf 90' lang='lat' dir='ltr'><strong>est</strong></span> <span class='ocrx_word' id='word_1_52' title='bbox 1189 1038 1393 1103; x_wconf 81' lang='lat' dir='ltr'><strong>obedientiam</strong></span> 
     </span>
     <span class='ocr_line' id='line_1_8' title="bbox 288 1134 1393 1224; baseline -0.005 -22"><span class='ocrx_word' id='word_1_53' title='bbox 288 1140 322 1202; x_wconf 93' lang='lat' dir='ltr'><strong>in</strong></span> <span class='ocrx_word' id='word_1_54' title='bbox 347 1161 372 1203; x_wconf 89' lang='lat' dir='ltr'><strong>s.</strong></span> <span class='ocrx_word' id='word_1_55' title='bbox 397 1137 528 1218; x_wconf 87' lang='lat' dir='ltr'><strong>Sedem,</strong></span> <span class='ocrx_word' id='word_1_56' title='bbox 553 1161 747 1203; x_wconf 83' lang='lat' dir='ltr'><strong>asseverans</strong></span> <span class='ocrx_word' id='word_1_57' title='bbox 772 1161 806 1202; x_wconf 88' lang='lat' dir='ltr'><strong>se</strong></span> <span class='ocrx_word' id='word_1_58' title='bbox 830 1139 965 1224; x_wconf 85' lang='lat' dir='ltr'><strong>rejicere</strong></span> <span class='ocrx_word' id='word_1_59' title='bbox 991 1137 1083 1202; x_wconf 88' lang='lat' dir='ltr'><strong>illum</strong></span> <span class='ocrx_word' id='word_1_60' title='bbox 1105 1149 1234 1202; x_wconf 84' lang='lat' dir='ltr'><strong>textum</strong></span> <span class='ocrx_word' id='word_1_61' title='bbox 1260 1134 1393 1220; x_wconf 84' lang='lat' dir='ltr'><strong>compila-</strong></span> 
     </span>
     <span class='ocr_line' id='line_1_9' title="bbox 287 1231 1393 1323; baseline -0.007 -22"><span class='ocrx_word' id='word_1_62' title='bbox 287 1238 387 1301; x_wconf 79' lang='lat' dir='ltr'><strong>tionis</strong></span> <span class='ocrx_word' id='word_1_63' title='bbox 419 1237 462 1301; x_wconf 93' lang='lat' dir='ltr'><strong>ab</strong></span> <span class='ocrx_word' id='word_1_64' title='bbox 488 1239 559 1323; x_wconf 91' lang='lat' dir='ltr'><strong>ipso</strong></span> <span class='ocrx_word' id='word_1_65' title='bbox 588 1236 727 1323; x_wconf 90' lang='lat' dir='ltr'><strong>aliisque</strong></span> <span class='ocrx_word' id='word_1_66' title='bbox 761 1237 945 1317; x_wconf 89' lang='lat' dir='ltr'><strong>confectae,</strong></span> <span class='ocrx_word' id='word_1_67' title='bbox 977 1238 1032 1322; x_wconf 88' lang='lat' dir='ltr'><strong>qui</strong></span> <span class='ocrx_word' id='word_1_68' title='bbox 1065 1259 1085 1300; x_wconf 91' lang='lat' dir='ltr'><strong>a</strong></span> <span class='ocrx_word' id='word_1_69' title='bbox 1108 1233 1195 1298; x_wconf 86' lang='lat' dir='ltr'><strong>Sede</strong></span> <span class='ocrx_word' id='word_1_70' title='bbox 1220 1231 1393 1318; x_wconf 82' lang='lat' dir='ltr'><strong>Apostolics</strong></span> 
     </span>
     <span class='ocr_line' id='line_1_10' title="bbox 288 1333 1394 1418; baseline -0.005 -20"><span class='ocrx_word' id='word_1_71' title='bbox 288 1333 465 1400; x_wconf 85' lang='lat' dir='ltr'><strong>damnatus</strong></span> <span class='ocrx_word' id='word_1_72' title='bbox 496 1335 617 1414; x_wconf 89' lang='lat' dir='ltr'><strong>fuerat,</strong></span> <span class='ocrx_word' id='word_1_73' title='bbox 652 1334 710 1398; x_wconf 90' lang='lat' dir='ltr'><strong>sed</strong></span> <span class='ocrx_word' id='word_1_74' title='bbox 741 1334 839 1399; x_wconf 88' lang='lat' dir='ltr'><strong>simul</strong></span> <span class='ocrx_word' id='word_1_75' title='bbox 876 1333 1074 1418; x_wconf 86' lang='lat' dir='ltr'><strong>ambagibus</strong></span> <span class='ocrx_word' id='word_1_76' title='bbox 1107 1333 1210 1396; x_wconf 88' lang='lat' dir='ltr'><strong>variis</strong></span> <span class='ocrx_word' id='word_1_77' title='bbox 1244 1353 1322 1394; x_wconf 88' lang='lat' dir='ltr'><strong>usus</strong></span> <span class='ocrx_word' id='word_1_78' title='bbox 1351 1347 1394 1392; x_wconf 85' lang='lat' dir='ltr'><strong>est.</strong></span> 
     </span>
     <span class='ocr_line' id='line_1_11' title="bbox 288 1429 1396 1519; baseline -0.005 -23"><span class='ocrx_word' id='word_1_79' title='bbox 288 1431 412 1496; x_wconf 85' lang='lat' dir='ltr'><strong>Scribit</strong></span> <span class='ocrx_word' id='word_1_80' title='bbox 441 1432 599 1497; x_wconf 83' lang='lat' dir='ltr'><strong>videlicet</strong></span> <span class='ocrx_word' id='word_1_81' title='bbox 627 1435 714 1498; x_wconf 85' lang='lat' dir='ltr'><strong>inter</strong></span> <span class='ocrx_word' id='word_1_82' title='bbox 743 1433 809 1497; x_wconf 85' lang='lat' dir='ltr'><strong>alia</strong></span> <span class='ocrx_word' id='word_1_83' title='bbox 841 1435 874 1498; x_wconf 90' lang='lat' dir='ltr'><strong>in</strong></span> <span class='ocrx_word' id='word_1_84' title='bbox 904 1431 1164 1517; x_wconf 86' lang='lat' dir='ltr'><strong>responsionibus</strong></span> <span class='ocrx_word' id='word_1_85' title='bbox 1196 1431 1242 1494; x_wconf 89' lang='lat' dir='ltr'><strong>ad</strong></span> <span class='ocrx_word' id='word_1_86' title='bbox 1275 1429 1396 1519; x_wconf 81' lang='lat' dir='ltr'><strong>objecto:</strong></span> 
     </span>
     <span class='ocr_line' id='line_1_12' title="bbox 293 1527 1396 1618; baseline -0.005 -26"><span class='ocrx_word' id='word_1_87' title='bbox 293 1529 363 1592; x_wconf 88' lang='lat' dir='ltr'><strong>Una</strong></span> <span class='ocrx_word' id='word_1_88' title='bbox 386 1553 454 1594; x_wconf 88' lang='lat' dir='ltr'><strong>cum</strong></span> <span class='ocrx_word' id='word_1_89' title='bbox 478 1529 554 1594; x_wconf 89' lang='lat' dir='ltr'><strong>aliis</strong></span> <span class='ocrx_word' id='word_1_90' title='bbox 569 1533 730 1618; x_wconf 84' lang='lat' dir='ltr'><strong>maqistris</strong></span> <span class='ocrx_word' id='word_1_91' title='bbox 754 1542 783 1594; x_wconf 91' lang='lat' dir='ltr'><strong>et</strong></span> <span class='ocrx_word' id='word_1_92' title='bbox 806 1529 1000 1595; x_wconf 77' lang='lat' dir='ltr'><strong>scholaribus</strong></span> <span class='ocrx_word' id='word_1_93' title='bbox 1021 1529 1193 1614; x_wconf 83' lang='lat' dir='ltr'><strong>theoloqiae</strong></span> <span class='ocrx_word' id='word_1_94' title='bbox 1209 1539 1239 1592; x_wconf 90' lang='lat' dir='ltr'><strong>et</strong></span> <span class='ocrx_word' id='word_1_95' title='bbox 1256 1527 1396 1613; x_wconf 81' lang='lat' dir='ltr'><strong>maqistris</strong></span> 
     </span>
     <span class='ocr_line' id='line_1_13' title="bbox 289 1625 1398 1714; baseline -0.003 -26"><span class='ocrx_word' id='word_1_96' title='bbox 289 1627 481 1690; x_wconf 88' lang='lat' dir='ltr'><strong>decretorum</strong></span> <span class='ocrx_word' id='word_1_97' title='bbox 505 1627 617 1714; x_wconf 86' lang='lat' dir='ltr'><strong>colleqi</strong></span> <span class='ocrx_word' id='word_1_98' title='bbox 639 1631 846 1692; x_wconf 74' lang='lat' dir='ltr'><strong>auctoritates</strong></span> <span class='ocrx_word' id='word_1_99' title='bbox 867 1629 1054 1714; x_wconf 87' lang='lat' dir='ltr'><strong>praedictas</strong></span> <span class='ocrx_word' id='word_1_100' title='bbox 1077 1625 1333 1714; x_wconf 81' lang='lat' dir='ltr'><strong>(sScripturae)</strong></span> <span class='ocrx_word' id='word_1_101' title='bbox 1351 1647 1398 1710; x_wconf 78' lang='lat' dir='ltr'><strong>per</strong></span> 
     </span>
     <span class='ocr_line' id='line_1_14' title="bbox 288 1724 1398 1812; baseline -0.002 -26"><span class='ocrx_word' id='word_1_102' title='bbox 288 1724 407 1788; x_wconf 88' lang='lat' dir='ltr'><strong>multas</strong></span> <span class='ocrx_word' id='word_1_103' title='bbox 437 1724 643 1803; x_wconf 76' lang='lat' dir='ltr'><strong>collectiones,</strong></span> <span class='ocrx_word' id='word_1_104' title='bbox 675 1749 753 1812; x_wconf 89' lang='lat' dir='ltr'><strong>quas</strong></span> <span class='ocrx_word' id='word_1_105' title='bbox 783 1749 837 1810; x_wconf 88' lang='lat' dir='ltr'><strong>eqo</strong></span> <span class='ocrx_word' id='word_1_106' title='bbox 862 1737 891 1789; x_wconf 88' lang='lat' dir='ltr'><strong>ct</strong></span> <span class='ocrx_word' id='word_1_107' title='bbox 916 1725 976 1788; x_wconf 87' lang='lat' dir='ltr'><strong>alii</strong></span> <span class='ocrx_word' id='word_1_108' title='bbox 997 1725 1157 1810; x_wconf 75' lang='lat' dir='ltr'><strong>praedicti</strong></span> <span class='ocrx_word' id='word_1_109' title='bbox 1186 1725 1223 1788; x_wconf 88' lang='lat' dir='ltr'><strong>in</strong></span> <span class='ocrx_word' id='word_1_110' title='bbox 1246 1747 1340 1787; x_wconf 84' lang='lat' dir='ltr'><strong>anum</strong></span> <span class='ocrx_word' id='word_1_111' title='bbox 1361 1745 1398 1784; x_wconf 67' lang='lat' dir='ltr'><strong>su</strong></span> 
     </span>
     <span class='ocr_line' id='line_1_15' title="bbox 289 1819 1398 1910; baseline -0.007 -24"><span class='ocrx_word' id='word_1_112' title='bbox 289 1821 392 1886; x_wconf 86' lang='lat' dir='ltr'><strong>lumen</strong></span> <span class='ocrx_word' id='word_1_113' title='bbox 415 1822 471 1886; x_wconf 89' lang='lat' dir='ltr'><strong>sub</strong></span> <span class='ocrx_word' id='word_1_114' title='bbox 496 1825 590 1887; x_wconf 80' lang='lat' dir='ltr'><strong>certis</strong></span> <span class='ocrx_word' id='word_1_115' title='bbox 619 1823 754 1888; x_wconf 73' lang='lat' dir='ltr'><strong>rubricis</strong></span> <span class='ocrx_word' id='word_1_116' title='bbox 785 1824 978 1910; x_wconf 85' lang='lat' dir='ltr'><strong>redeqimus,·</strong></span> <span class='ocrx_word' id='word_1_117' title='bbox 1008 1823 1064 1887; x_wconf 89' lang='lat' dir='ltr'><strong>sed</strong></span> <span class='ocrx_word' id='word_1_118' title='bbox 1089 1819 1230 1884; x_wconf 87' lang='lat' dir='ltr'><strong>columen</strong></span> <span class='ocrx_word' id='word_1_119' title='bbox 1264 1831 1398 1882; x_wconf 82' lang='lat' dir='ltr'><strong>mutatus</strong></span> 
     </span>
     <span class='ocr_line' id='line_1_16' title="bbox 165 1917 1398 2008; baseline -0.003 -27"><span class='ocrx_word' id='word_1_120' title='bbox 165 1917 168 1926; x_wconf 77' lang='grc'>’</span> <span class='ocrx_word' id='word_1_121' title='bbox 280 1918 354 2004; x_wconf 76' lang='lat' dir='ltr'><strong>fuit</strong></span> <span class='ocrx_word' id='word_1_122' title='bbox 376 1921 541 2006; x_wconf 79' lang='lat' dir='ltr'><strong>quinquies</strong></span> <span class='ocrx_word' id='word_1_123' title='bbox 564 1923 731 1986; x_wconf 71' lang='lat' dir='ltr'><strong>necessisse</strong></span> <span class='ocrx_word' id='word_1_124' title='bbox 754 1923 855 2008; x_wconf 86' lang='lat' dir='ltr'><strong>maqis</strong></span> <span class='ocrx_word' id='word_1_125' title='bbox 872 1932 901 1984; x_wconf 90' lang='lat' dir='ltr'><strong>et</strong></span> <span class='ocrx_word' id='word_1_126' title='bbox 915 1921 1016 2005; x_wconf 87' lang='lat' dir='ltr'><strong>maqis</strong></span> <span class='ocrx_word' id='word_1_127' title='bbox 1039 1917 1234 2003; x_wconf 76' lang='lat' dir='ltr'><strong>corr-iqcado,</strong></span> <span class='ocrx_word' id='word_1_128' title='bbox 1261 1919 1398 2004; x_wconf 79' lang='lat' dir='ltr'><strong>quasdau</strong></span> 
     </span>
     <span class='ocr_line' id='line_1_17' title="bbox 289 2016 1398 2104; baseline -0.001 -25"><span class='ocrx_word' id='word_1_129' title='bbox 289 2016 447 2098; x_wconf 85' lang='lat' dir='ltr'><strong>addendo,</strong></span> <span class='ocrx_word' id='word_1_130' title='bbox 471 2019 627 2104; x_wconf 88' lang='lat' dir='ltr'><strong>quaedam</strong></span> <span class='ocrx_word' id='word_1_131' title='bbox 650 2018 869 2096; x_wconf 84' lang='lat' dir='ltr'><strong>subtrahendo,</strong></span> <span class='ocrx_word' id='word_1_132' title='bbox 894 2018 1050 2104; x_wconf 88' lang='lat' dir='ltr'><strong>quaedam</strong></span> <span class='ocrx_word' id='word_1_133' title='bbox 1072 2039 1144 2080; x_wconf 89' lang='lat' dir='ltr'><strong>vero</strong></span> <span class='ocrx_word' id='word_1_134' title='bbox 1157 2016 1398 2080; x_wconf 76' lang='lat' dir='ltr'><strong>determinando:</strong></span> 
     </span>
     <span class='ocr_line' id='line_1_18' title="bbox 289 2113 1398 2203; baseline -0.003 -28"><span class='ocrx_word' id='word_1_135' title='bbox 289 2123 318 2176; x_wconf 88' lang='lat' dir='ltr'><strong>et</strong></span> <span class='ocrx_word' id='word_1_136' title='bbox 341 2115 509 2178; x_wconf 86' lang='lat' dir='ltr'><strong>secundum</strong></span> <span class='ocrx_word' id='word_1_137' title='bbox 533 2117 616 2200; x_wconf 88' lang='lat' dir='ltr'><strong>quod</strong></span> <span class='ocrx_word' id='word_1_138' title='bbox 627 2115 825 2203; x_wconf 68' lang='lat' dir='ltr'><strong>perpendere</strong></span> <span class='ocrx_word' id='word_1_139' title='bbox 835 2119 930 2202; x_wconf 89' lang='lat' dir='ltr'><strong>potui</strong></span> <span class='ocrx_word' id='word_1_140' title='bbox 943 2114 1140 2202; x_wconf 89' lang='lat' dir='ltr'><strong>inspiciendo</strong></span> <span class='ocrx_word' id='word_1_141' title='bbox 1160 2113 1307 2178; x_wconf 86' lang='lat' dir='ltr'><strong>columen</strong></span> <span class='ocrx_word' id='word_1_142' title='bbox 1323 2113 1398 2184; x_wconf 80' lang='lat' dir='ltr'><strong>illul,</strong></span> 
     </span>
     <span class='ocr_line' id='line_1_19' title="bbox 287 2211 1398 2300; baseline -0.003 -26"><span class='ocrx_word' id='word_1_143' title='bbox 287 2211 372 2296; x_wconf 91' lang='lat' dir='ltr'><strong>quod</strong></span> <span class='ocrx_word' id='word_1_144' title='bbox 394 2235 448 2276; x_wconf 87' lang='lat' dir='ltr'><strong>cos</strong></span> <span class='ocrx_word' id='word_1_145' title='bbox 461 2215 546 2290; x_wconf 88' lang='lat' dir='ltr'><strong>mihi,</strong></span> <span class='ocrx_word' id='word_1_146' title='bbox 563 2213 696 2278; x_wconf 86' lang='lat' dir='ltr'><strong>Domini</strong></span> <span class='ocrx_word' id='word_1_147' title='bbox 718 2217 779 2278; x_wconf 89' lang='lat' dir='ltr'><strong>mei</strong></span> <span class='ocrx_word' id='word_1_148' title='bbox 797 2211 999 2296; x_wconf 83' lang='lat' dir='ltr'><strong>Cardinales,</strong></span> <span class='ocrx_word' id='word_1_149' title='bbox 1016 2211 1249 2300; x_wconf 85' lang='lat' dir='ltr'><strong>respiciendum</strong></span> <span class='ocrx_word' id='word_1_150' title='bbox 1273 2211 1398 2291; x_wconf 79' lang='lat' dir='ltr'><strong>dedistis¹</strong></span> 
     </span>
     <span class='ocr_line' id='line_1_20' title="bbox 287 2307 1398 2398; baseline -0.003 -27"><span class='ocrx_word' id='word_1_151' title='bbox 287 2307 430 2372; x_wconf 84' lang='lat' dir='ltr'><strong>volumen</strong></span> <span class='ocrx_word' id='word_1_152' title='bbox 453 2309 550 2390; x_wconf 87' lang='lat' dir='ltr'><strong>istud,</strong></span> <span class='ocrx_word' id='word_1_153' title='bbox 580 2311 750 2375; x_wconf 86' lang='lat' dir='ltr'><strong>secundum</strong></span> <span class='ocrx_word' id='word_1_154' title='bbox 772 2311 856 2398; x_wconf 90' lang='lat' dir='ltr'><strong>quod</strong></span> <span class='ocrx_word' id='word_1_155' title='bbox 875 2333 1007 2398; x_wconf 89' lang='lat' dir='ltr'><strong>passam</strong></span> <span class='ocrx_word' id='word_1_156' title='bbox 1038 2309 1183 2387; x_wconf 90' lang='lat' dir='ltr'><strong>recolere,</strong></span> <span class='ocrx_word' id='word_1_157' title='bbox 1206 2309 1282 2396; x_wconf 82' lang='lat' dir='ltr'><strong>suit</strong></span> <span class='ocrx_word' id='word_1_158' title='bbox 1307 2311 1398 2372; x_wconf 63' lang='lat' dir='ltr'><strong>araci</strong></span> 
     </span>
     <span class='ocr_line' id='line_1_21' title="bbox 289 2407 1399 2495; baseline -0.004 -25"><span class='ocrx_word' id='word_1_159' title='bbox 289 2407 534 2492; x_wconf 80' lang='lat' dir='ltr'><strong>compilationis,</strong></span> <span class='ocrx_word' id='word_1_160' title='bbox 567 2432 646 2494; x_wconf 88' lang='lat' dir='ltr'><strong>quae</strong></span> <span class='ocrx_word' id='word_1_161' title='bbox 663 2411 865 2495; x_wconf 88' lang='lat' dir='ltr'><strong>postmodnm</strong></span> <span class='ocrx_word' id='word_1_162' title='bbox 892 2419 1013 2472; x_wconf 87' lang='lat' dir='ltr'><strong>mutata</strong></span> <span class='ocrx_word' id='word_1_163' title='bbox 1036 2410 1108 2495; x_wconf 81' lang='lat' dir='ltr'><strong>suit</strong></span> <span class='ocrx_word' id='word_1_164' title='bbox 1137 2407 1185 2471; x_wconf 90' lang='lat' dir='ltr'><strong>bis</strong></span> <span class='ocrx_word' id='word_1_165' title='bbox 1210 2419 1241 2470; x_wconf 88' lang='lat' dir='ltr'><strong>et</strong></span> <span class='ocrx_word' id='word_1_166' title='bbox 1265 2417 1399 2494; x_wconf 65' lang='lat' dir='ltr'><strong>correctaq</strong></span> 
     </span>
     <span class='ocr_line' id='line_1_22' title="bbox 289 2495 1399 2588; baseline -0.001 -19"><span class='ocrx_word' id='word_1_167' title='bbox 289 2504 448 2585; x_wconf 86' lang='lat' dir='ltr'><strong>addendo,</strong></span> <span class='ocrx_word' id='word_1_168' title='bbox 477 2505 698 2588; x_wconf 88' lang='lat' dir='ltr'><strong>subtrahendo,</strong></span> <span class='ocrx_word' id='word_1_169' title='bbox 722 2507 926 2572; x_wconf 86' lang='lat' dir='ltr'><strong>declarando.</strong></span> <span class='ocrx_word' id='word_1_170' title='bbox 975 2507 1092 2570; x_wconf 87' lang='lat' dir='ltr'><strong>Nescio</strong></span> <span class='ocrx_word' id='word_1_171' title='bbox 1116 2516 1229 2584; x_wconf 88' lang='lat' dir='ltr'><strong>tamen,</strong></span> <span class='ocrx_word' id='word_1_172' title='bbox 1255 2516 1356 2570; x_wconf 84' lang='lat' dir='ltr'><strong>utram</strong></span> <span class='ocrx_word' id='word_1_173' title='bbox 1378 2495 1399 2568; x_wconf 82' lang='lat' dir='ltr'><strong>il</strong></span> 
     </span>
     <span class='ocr_line' id='line_1_23' title="bbox 288 2595 1399 2692; baseline -0.005 -25"><span class='ocrx_word' id='word_1_174' title='bbox 288 2606 359 2689; x_wconf 90' lang='lat' dir='ltr'><strong>ipso</strong></span> <span class='ocrx_word' id='word_1_175' title='bbox 382 2604 547 2684; x_wconf 85' lang='lat' dir='ltr'><strong>volumine,</strong></span> <span class='ocrx_word' id='word_1_176' title='bbox 579 2605 664 2690; x_wconf 84' lang='lat' dir='ltr'><strong>quod</strong></span> <span class='ocrx_word' id='word_1_177' title='bbox 694 2607 770 2669; x_wconf 88' lang='lat' dir='ltr'><strong>mihi</strong></span> <span class='ocrx_word' id='word_1_178' title='bbox 801 2605 1032 2692; x_wconf 88' lang='lat' dir='ltr'><strong>inspiciendum</strong></span> <span class='ocrx_word' id='word_1_179' title='bbox 1065 2604 1212 2684; x_wconf 83' lang='lat' dir='ltr'><strong>dedistis,</strong></span> <span class='ocrx_word' id='word_1_180' title='bbox 1246 2595 1399 2690; x_wconf 72' lang='lat' dir='ltr'><strong>quidquod</strong></span> 
     </span>
     <span class='ocr_line' id='line_1_24' title="bbox 290 2699 1399 2792; baseline -0.002 -26"><span class='ocrx_word' id='word_1_181' title='bbox 290 2702 436 2766; x_wconf 88' lang='lat' dir='ltr'><strong>additum</strong></span> <span class='ocrx_word' id='word_1_182' title='bbox 464 2703 513 2766; x_wconf 87' lang='lat' dir='ltr'><strong>ael</strong></span> <span class='ocrx_word' id='word_1_183' title='bbox 542 2703 735 2768; x_wconf 86' lang='lat' dir='ltr'><strong>subtractum</strong></span> <span class='ocrx_word' id='word_1_184' title='bbox 758 2703 865 2791; x_wconf 82' lang='lat' dir='ltr'><strong>ssrait</strong></span> <span class='ocrx_word' id='word_1_185' title='bbox 882 2727 945 2792; x_wconf 91' lang='lat' dir='ltr'><strong>per</strong></span> <span class='ocrx_word' id='word_1_186' title='bbox 966 2705 1076 2766; x_wconf 85' lang='lat' dir='ltr'><strong>citiam</strong></span> <span class='ocrx_word' id='word_1_187' title='bbox 1096 2701 1278 2788; x_wconf 85' lang='lat' dir='ltr'><strong>falsitatis.</strong></span> <span class='ocrx_word' id='word_1_188' title='bbox 1330 2699 1399 2764; x_wconf 81' lang='lat' dir='ltr'><strong>I&#39;nds</strong></span> 
     </span>
     <span class='ocr_line' id='line_1_25' title="bbox 290 2801 1399 2888; baseline -0.003 -25"><span class='ocrx_word' id='word_1_189' title='bbox 290 2802 319 2864; x_wconf 90' lang='lat' dir='ltr'><strong>si</strong></span> <span class='ocrx_word' id='word_1_190' title='bbox 341 2801 498 2865; x_wconf 87' lang='lat' dir='ltr'><strong>Dominus</strong></span> <span class='ocrx_word' id='word_1_191' title='bbox 522 2801 615 2887; x_wconf 89' lang='lat' dir='ltr'><strong>Papa</strong></span> <span class='ocrx_word' id='word_1_192' title='bbox 637 2802 762 2866; x_wconf 85' lang='lat' dir='ltr'><strong>modom</strong></span> <span class='ocrx_word' id='word_1_193' title='bbox 785 2813 815 2865; x_wconf 89' lang='lat' dir='ltr'><strong>et</strong></span> <span class='ocrx_word' id='word_1_194' title='bbox 829 2803 973 2888; x_wconf 86' lang='lat' dir='ltr'><strong>formam</strong></span> <span class='ocrx_word' id='word_1_195' title='bbox 996 2801 1086 2865; x_wconf 87' lang='lat' dir='ltr'><strong>illius</strong></span> <span class='ocrx_word' id='word_1_196' title='bbox 1110 2801 1348 2887; x_wconf 77' lang='lat' dir='ltr'><strong>compilationis</strong></span> <span class='ocrx_word' id='word_1_197' title='bbox 1370 2819 1399 2860; x_wconf 77' lang='lat' dir='ltr'><strong>se</strong></span> 
     </span>
     <span class='ocr_line' id='line_1_26' title="bbox 285 2897 1399 2986; baseline -0.004 -24"><span class='ocrx_word' id='word_1_198' title='bbox 285 2898 445 2985; x_wconf 84' lang='lat' dir='ltr'><strong>probavit,</strong></span> <span class='ocrx_word' id='word_1_199' title='bbox 470 2897 561 2984; x_wconf 88' lang='lat' dir='ltr'><strong>(nam</strong></span> <span class='ocrx_word' id='word_1_200' title='bbox 583 2901 790 2964; x_wconf 85' lang='lat' dir='ltr'><strong>auctoritates</strong></span> <span class='ocrx_word' id='word_1_201' title='bbox 814 2900 942 2964; x_wconf 87' lang='lat' dir='ltr'><strong>divinas</strong></span> <span class='ocrx_word' id='word_1_202' title='bbox 964 2899 1011 2962; x_wconf 90' lang='lat' dir='ltr'><strong>ibi</strong></span> <span class='ocrx_word' id='word_1_203' title='bbox 1033 2909 1205 2980; x_wconf 89' lang='lat' dir='ltr'><strong>contentas,</strong></span> <span class='ocrx_word' id='word_1_204' title='bbox 1230 2910 1266 2962; x_wconf 84' lang='lat' dir='ltr'><strong>at</strong></span> <span class='ocrx_word' id='word_1_205' title='bbox 1290 2901 1399 2986; x_wconf 76' lang='lat' dir='ltr'><strong>ipsemet</strong></span> 
     </span>
     <span class='ocr_line' id='line_1_27' title="bbox 290 2997 1397 3084; baseline -0.003 -25"><span class='ocrx_word' id='word_1_206' title='bbox 290 2997 463 3081; x_wconf 83' lang='lat' dir='ltr'><strong>confitetur,</strong></span> <span class='ocrx_word' id='word_1_207' title='bbox 493 2997 599 3061; x_wconf 86' lang='lat' dir='ltr'><strong>noluit</strong></span> <span class='ocrx_word' id='word_1_208' title='bbox 621 3021 677 3061; x_wconf 90' lang='lat' dir='ltr'><strong>nec</strong></span> <span class='ocrx_word' id='word_1_209' title='bbox 700 2997 863 3084; x_wconf 71' lang='lat' dir='ltr'><strong>intendit)</strong></span> <span class='ocrx_word' id='word_1_210' title='bbox 887 2999 1060 3060; x_wconf 84' lang='lat' dir='ltr'><strong>sententiaa</strong></span> <span class='ocrx_word' id='word_1_211' title='bbox 1093 3021 1168 3060; x_wconf 89' lang='lat' dir='ltr'><strong>suae</strong></span> <span class='ocrx_word' id='word_1_212' title='bbox 1198 3021 1265 3061; x_wconf 85' lang='lat' dir='ltr'><strong>non</strong></span> <span class='ocrx_word' id='word_1_213' title='bbox 1296 2998 1397 3060; x_wconf 75' lang='lat' dir='ltr'><strong>resisto</strong></span> 
     </span>
     <span class='ocr_line' id='line_1_28' title="bbox 290 3095 1399 3182; baseline -0.003 -24"><span class='ocrx_word' id='word_1_214' title='bbox 290 3096 346 3158; x_wconf 90' lang='lat' dir='ltr'><strong>sed</strong></span> <span class='ocrx_word' id='word_1_215' title='bbox 370 3095 490 3174; x_wconf 89' lang='lat' dir='ltr'><strong>obedio,</strong></span> <span class='ocrx_word' id='word_1_216' title='bbox 521 3095 650 3160; x_wconf 87' lang='lat' dir='ltr'><strong>eredens</strong></span> <span class='ocrx_word' id='word_1_217' title='bbox 664 3095 805 3180; x_wconf 80' lang='lat' dir='ltr'><strong>firmiter</strong></span> <span class='ocrx_word' id='word_1_218' title='bbox 835 3095 927 3181; x_wconf 86' lang='lat' dir='ltr'><strong>qaod,</strong></span> <span class='ocrx_word' id='word_1_219' title='bbox 958 3097 987 3157; x_wconf 88' lang='lat' dir='ltr'><strong>si</strong></span> <span class='ocrx_word' id='word_1_220' title='bbox 1017 3106 1165 3180; x_wconf 88' lang='lat' dir='ltr'><strong>quartam</strong></span> <span class='ocrx_word' id='word_1_221' title='bbox 1196 3095 1245 3158; x_wconf 88' lang='lat' dir='ltr'><strong>cel</strong></span> <span class='ocrx_word' id='word_1_222' title='bbox 1277 3097 1399 3182; x_wconf 81' lang='lat' dir='ltr'><strong>qssintor</strong></span> 
     </span>
     <span class='ocr_line' id='line_1_29' title="bbox 291 3191 1399 3278; baseline -0.004 -22"><span class='ocrx_word' id='word_1_223' title='bbox 291 3191 544 3278; x_wconf 82' lang='lat' dir='ltr'><strong>compilationem</strong></span> <span class='ocrx_word' id='word_1_224' title='bbox 567 3193 746 3257; x_wconf 79' lang='lat' dir='ltr'><strong>earumdem</strong></span> <span class='ocrx_word' id='word_1_225' title='bbox 769 3194 992 3258; x_wconf 84' lang='lat' dir='ltr'><strong>auctoritatum</strong></span> <span class='ocrx_word' id='word_1_226' title='bbox 1015 3192 1155 3272; x_wconf 83' lang='lat' dir='ltr'><strong>cidisset,</strong></span> <span class='ocrx_word' id='word_1_227' title='bbox 1182 3191 1291 3277; x_wconf 84' lang='lat' dir='ltr'><strong>(quum</strong></span> <span class='ocrx_word' id='word_1_228' title='bbox 1317 3193 1349 3254; x_wconf 89' lang='lat' dir='ltr'><strong>ia</strong></span> <span class='ocrx_word' id='word_1_229' title='bbox 1371 3191 1399 3252; x_wconf 79' lang='lat' dir='ltr'><strong>oi</strong></span> 
     </span>
     <span class='ocr_line' id='line_1_30' title="bbox 290 3287 1386 3378; baseline -0.002 -26"><span class='ocrx_word' id='word_1_230' title='bbox 290 3289 371 3354; x_wconf 89' lang='lat' dir='ltr'><strong>nihil</strong></span> <span class='ocrx_word' id='word_1_231' title='bbox 394 3292 603 3371; x_wconf 81' lang='lat' dir='ltr'><strong>contineatur,</strong></span> <span class='ocrx_word' id='word_1_232' title='bbox 629 3291 712 3376; x_wconf 88' lang='lat' dir='ltr'><strong>quod</strong></span> <span class='ocrx_word' id='word_1_233' title='bbox 735 3290 891 3378; x_wconf 82' lang='lat' dir='ltr'><strong>offendere</strong></span> <span class='ocrx_word' id='word_1_234' title='bbox 916 3290 1028 3354; x_wconf 81' lang='lat' dir='ltr'><strong>debeat</strong></span> <span class='ocrx_word' id='word_1_235' title='bbox 1053 3292 1191 3354; x_wconf 88' lang='lat' dir='ltr'><strong>animum</strong></span> <span class='ocrx_word' id='word_1_236' title='bbox 1210 3287 1386 3354; x_wconf 73' lang='lat' dir='ltr'><strong>Christiani</strong></span> 
     </span>
     <span class='ocr_line' id='line_1_31' title="bbox 291 3384 1399 3477; baseline -0.004 -27"><span class='ocrx_word' id='word_1_237' title='bbox 291 3410 354 3450; x_wconf 89' lang='lat' dir='ltr'><strong>non</strong></span> <span class='ocrx_word' id='word_1_238' title='bbox 387 3409 441 3451; x_wconf 90' lang='lat' dir='ltr'><strong>eas</strong></span> <span class='ocrx_word' id='word_1_239' title='bbox 471 3387 684 3474; x_wconf 84' lang='lat' dir='ltr'><strong>reprobasset,</strong></span> <span class='ocrx_word' id='word_1_240' title='bbox 717 3390 772 3453; x_wconf 87' lang='lat' dir='ltr'><strong>scd</strong></span> <span class='ocrx_word' id='word_1_241' title='bbox 795 3392 906 3477; x_wconf 88' lang='lat' dir='ltr'><strong>potius</strong></span> <span class='ocrx_word' id='word_1_242' title='bbox 939 3387 1156 3474; x_wconf 78' lang='lat' dir='ltr'><strong>approbasset.</strong></span> <span class='ocrx_word' id='word_1_243' title='bbox 1214 3384 1286 3450; x_wconf 88' lang='lat' dir='ltr'><strong>Hoc</strong></span> <span class='ocrx_word' id='word_1_244' title='bbox 1317 3397 1399 3450; x_wconf 76' lang='lat' dir='ltr'><strong>aanor</strong></span> 
     </span>
     <span class='ocr_line' id='line_1_32' title="bbox 292 3485 1397 3573; baseline -0.004 -25"><span class='ocrx_word' id='word_1_245' title='bbox 292 3487 421 3568; x_wconf 88' lang='lat' dir='ltr'><strong>sciatur,</strong></span> <span class='ocrx_word' id='word_1_246' title='bbox 446 3486 530 3570; x_wconf 88' lang='lat' dir='ltr'><strong>quod</strong></span> <span class='ocrx_word' id='word_1_247' title='bbox 545 3487 580 3550; x_wconf 90' lang='lat' dir='ltr'><strong>in</strong></span> <span class='ocrx_word' id='word_1_248' title='bbox 594 3510 783 3572; x_wconf 83' lang='lat' dir='ltr'><strong>unaquaque</strong></span> <span class='ocrx_word' id='word_1_249' title='bbox 800 3487 1057 3573; x_wconf 85' lang='lat' dir='ltr'><strong>compilationum</strong></span> <span class='ocrx_word' id='word_1_250' title='bbox 1074 3485 1246 3567; x_wconf 85' lang='lat' dir='ltr'><strong>dictarum,</strong></span> <span class='ocrx_word' id='word_1_251' title='bbox 1271 3487 1308 3549; x_wconf 86' lang='lat' dir='ltr'><strong>in</strong></span> <span class='ocrx_word' id='word_1_252' title='bbox 1327 3487 1397 3571; x_wconf 82' lang='lat' dir='ltr'><strong>prin</strong></span> 
     </span>
     <span class='ocr_line' id='line_1_33' title="bbox 292 3583 1399 3671; baseline -0.001 -27"><span class='ocrx_word' id='word_1_253' title='bbox 292 3583 374 3668; x_wconf 87' lang='lat' dir='ltr'><strong>cipio</strong></span> <span class='ocrx_word' id='word_1_254' title='bbox 398 3583 590 3668; x_wconf 87' lang='lat' dir='ltr'><strong>supponitur</strong></span> <span class='ocrx_word' id='word_1_255' title='bbox 607 3586 682 3670; x_wconf 88' lang='lat' dir='ltr'><strong>ipsa</strong></span> <span class='ocrx_word' id='word_1_256' title='bbox 704 3585 886 3671; x_wconf 88' lang='lat' dir='ltr'><strong>compilatio</strong></span> <span class='ocrx_word' id='word_1_257' title='bbox 910 3586 1097 3648; x_wconf 82' lang='lat' dir='ltr'><strong>correctioni</strong></span> <span class='ocrx_word' id='word_1_258' title='bbox 1119 3583 1292 3662; x_wconf 84' lang='lat' dir='ltr'><strong>Ecclesiae,</strong></span> <span class='ocrx_word' id='word_1_259' title='bbox 1317 3583 1351 3646; x_wconf 87' lang='lat' dir='ltr'><strong>id</strong></span> <span class='ocrx_word' id='word_1_260' title='bbox 1372 3605 1399 3638; x_wconf 71' lang='lat' dir='ltr'><strong>a·</strong></span> 
     </span>
    </p>
   </div>
   <div class='ocr_carea' id='block_1_3' title="bbox 295 3761 412 3768">
    <p class='ocr_par' dir='ltr' id='par_1_4' title="bbox 295 3761 412 3768">
     <span class='ocr_line' id='line_1_34' title="bbox 295 3761 412 3768; baseline 0 0"><span class='ocrx_word' id='word_1_261' title='bbox 295 3761 412 3768; x_wconf 62' lang='lat'><strong>——0</strong></span> 
     </span>
    </p>
   </div>
   <div class='ocr_carea' id='block_1_4' title="bbox 292 3867 1399 4256">
    <p class='ocr_par' dir='ltr' id='par_1_5' title="bbox 292 3867 1399 4256">
     <span class='ocr_line' id='line_1_35' title="bbox 370 3867 1399 3936; baseline -0.004 -15"><span class='ocrx_word' id='word_1_262' title='bbox 370 3871 388 3932; x_wconf 83' lang='grc' dir='ltr'><strong>Ι)</strong></span> <span class='ocrx_word' id='word_1_263' title='bbox 407 3867 522 3934; x_wconf 83' lang='lat' dir='ltr'><strong>Scripsit</strong></span> <span class='ocrx_word' id='word_1_264' title='bbox 539 3884 559 3921; x_wconf 88' lang='lat' dir='ltr'><strong>s.</strong></span> <span class='ocrx_word' id='word_1_265' title='bbox 579 3867 695 3922; x_wconf 79' lang='lat' dir='ltr'><strong>Thomas</strong></span> <span class='ocrx_word' id='word_1_266' title='bbox 713 3882 746 3922; x_wconf 89' lang='lat' dir='ltr'><strong>ea</strong></span> <span class='ocrx_word' id='word_1_267' title='bbox 764 3867 902 3922; x_wconf 88' lang='lat' dir='ltr'><strong>occasione</strong></span> <span class='ocrx_word' id='word_1_268' title='bbox 921 3867 1049 3936; x_wconf 84' lang='lat' dir='ltr'><strong>opuscula</strong></span> <span class='ocrx_word' id='word_1_269' title='bbox 1068 3874 1167 3921; x_wconf 82' lang='lat' dir='ltr'><strong>corrtra</strong></span> <span class='ocrx_word' id='word_1_270' title='bbox 1181 3869 1353 3920; x_wconf 67' lang='lat' dir='ltr'><strong>retrahentes</strong></span> <span class='ocrx_word' id='word_1_271' title='bbox 1371 3867 1399 3916; x_wconf 74' lang='lat' dir='ltr'><strong>ho</strong></span> 
     </span>
     <span class='ocr_line' id='line_1_36' title="bbox 292 3947 1399 4018; baseline -0.002 -20"><span class='ocrx_word' id='word_1_272' title='bbox 292 3947 381 4000; x_wconf 78' lang='lat' dir='ltr'><strong>crines</strong></span> <span class='ocrx_word' id='word_1_273' title='bbox 400 3947 435 4000; x_wconf 90' lang='lat' dir='ltr'><strong>ab</strong></span> <span class='ocrx_word' id='word_1_274' title='bbox 454 3947 582 4016; x_wconf 76' lang='lat' dir='ltr'><strong>inpressu</strong></span> <span class='ocrx_word' id='word_1_275' title='bbox 601 3947 766 4016; x_wconf 82' lang='lat' dir='ltr'><strong>Reliqiouis,</strong></span> <span class='ocrx_word' id='word_1_276' title='bbox 790 3953 819 4002; x_wconf 85' lang='lat' dir='ltr'><strong>et</strong></span> <span class='ocrx_word' id='word_1_277' title='bbox 845 3953 941 4000; x_wconf 86' lang='lat' dir='ltr'><strong>contra</strong></span> <span class='ocrx_word' id='word_1_278' title='bbox 967 3949 1164 4018; x_wconf 78' lang='lat' dir='ltr'><strong>impsqnantes</strong></span> <span class='ocrx_word' id='word_1_279' title='bbox 1186 3949 1242 4002; x_wconf 83' lang='lat' dir='ltr'><strong>Dei</strong></span> <span class='ocrx_word' id='word_1_280' title='bbox 1268 3949 1399 4000; x_wconf 64' lang='lat' dir='ltr'><strong>cattum</strong></span> 
     </span>
     <span class='ocr_line' id='line_1_37' title="bbox 293 4025 1399 4096; baseline -0.001 -16"><span class='ocrx_word' id='word_1_281' title='bbox 293 4025 474 4096; x_wconf 82' lang='lat' dir='ltr'><strong>Reiiqionem.</strong></span> <span class='ocrx_word' id='word_1_282' title='bbox 511 4026 536 4080; x_wconf 86' lang='lat' dir='ltr'><strong>S.</strong></span> <span class='ocrx_word' id='word_1_283' title='bbox 550 4027 744 4082; x_wconf 61' lang='lat' dir='ltr'><strong>&amp;natantum</strong></span> <span class='ocrx_word' id='word_1_284' title='bbox 762 4033 854 4080; x_wconf 88' lang='lat' dir='ltr'><strong>autem</strong></span> <span class='ocrx_word' id='word_1_285' title='bbox 872 4027 981 4094; x_wconf 85' lang='lat' dir='ltr'><strong>scripsit</strong></span> <span class='ocrx_word' id='word_1_286' title='bbox 999 4029 1138 4096; x_wconf 87' lang='lat' dir='ltr'><strong>opuscula:</strong></span> <span class='ocrx_word' id='word_1_287' title='bbox 1159 4029 1309 4096; x_wconf 84' lang='lat' dir='ltr'><strong>Erpositio</strong></span> <span class='ocrx_word' id='word_1_288' title='bbox 1331 4029 1357 4079; x_wconf 79' lang='lat' dir='ltr'><strong>is</strong></span> <span class='ocrx_word' id='word_1_289' title='bbox 1378 4043 1399 4074; x_wconf 82' lang='lat' dir='ltr'><strong>re</strong></span> 
     </span>
     <span class='ocr_line' id='line_1_38' title="bbox 292 4105 1399 4178; baseline -0.002 -18"><span class='ocrx_word' id='word_1_290' title='bbox 292 4107 387 4177; x_wconf 83' lang='lat' dir='ltr'><strong>qulam</strong></span> <span class='ocrx_word' id='word_1_291' title='bbox 411 4105 545 4160; x_wconf 70' lang='lat' dir='ltr'><strong>Fratrum</strong></span> <span class='ocrx_word' id='word_1_292' title='bbox 565 4107 719 4173; x_wconf 79' lang='lat' dir='ltr'><strong>Minaeum,</strong></span> <span class='ocrx_word' id='word_1_293' title='bbox 739 4137 773 4146; x_wconf 93' lang='lat'>-</span> <span class='ocrx_word' id='word_1_294' title='bbox 799 4107 885 4160; x_wconf 85' lang='lat' dir='ltr'><strong>Liber</strong></span> <span class='ocrx_word' id='word_1_295' title='bbox 909 4109 1099 4178; x_wconf 82' lang='lat' dir='ltr'><strong>apoloqstirus</strong></span> <span class='ocrx_word' id='word_1_296' title='bbox 1124 4111 1155 4162; x_wconf 84' lang='lat' dir='ltr'><strong>ia</strong></span> <span class='ocrx_word' id='word_1_297' title='bbox 1180 4124 1225 4160; x_wconf 88' lang='lat' dir='ltr'><strong>eos</strong></span> <span class='ocrx_word' id='word_1_298' title='bbox 1250 4109 1298 4176; x_wconf 86' lang='lat' dir='ltr'><strong>qui</strong></span> <span class='ocrx_word' id='word_1_299' title='bbox 1319 4107 1399 4158; x_wconf 75' lang='lat' dir='ltr'><strong>(mim</strong></span> 
     </span>
     <span class='ocr_line' id='line_1_39' title="bbox 294 4185 1399 4256; baseline -0.004 -18"><span class='ocrx_word' id='word_1_300' title='bbox 294 4185 440 4239; x_wconf 75' lang='lat' dir='ltr'><strong>Minaeum</strong></span> <span class='ocrx_word' id='word_1_301' title='bbox 464 4187 659 4252; x_wconf 80' lang='lat' dir='ltr'><strong>adversantur,</strong></span> <span class='ocrx_word' id='word_1_302' title='bbox 679 4217 713 4226; x_wconf 97' lang='lat'>-</span> <span class='ocrx_word' id='word_1_303' title='bbox 736 4187 777 4239; x_wconf 86' lang='lat' dir='ltr'><strong>De</strong></span> <span class='ocrx_word' id='word_1_304' title='bbox 799 4193 969 4256; x_wconf 82' lang='lat' dir='ltr'><strong>perapertate</strong></span> <span class='ocrx_word' id='word_1_305' title='bbox 991 4189 1097 4242; x_wconf 72' lang='lat' dir='ltr'><strong>(heristi</strong></span> <span class='ocrx_word' id='word_1_306' title='bbox 1122 4195 1218 4242; x_wconf 83' lang='lat' dir='ltr'><strong>corstra</strong></span> <span class='ocrx_word' id='word_1_307' title='bbox 1242 4189 1399 4242; x_wconf 70' lang='lat' dir='ltr'><strong>(iotselmus</strong></span> 
     </span>
    </p>
   </div>
   <div class='ocr_carea' id='block_1_5' title="bbox 0 0 1421 4840">
    <p class='ocr_par' dir='ltr' id='par_1_6' title="bbox 0 0 1421 4840">
     <span class='ocr_line' id='line_1_40' title="bbox 0 0 1421 4840; baseline 0 0"><span class='ocrx_word' id='word_1_308' title='bbox 0 0 1421 4840; x_wconf 95' lang='lat' dir='ltr'><strong> </strong></span> 
     </span>
    </p>
   </div>
  </div>
 </body>
</html>
