<?xml version="1.0" encoding="UTF-8"?>
<!DOCTYPE html PUBLIC "-//W3C//DTD XHTML 1.0 Transitional//EN"
    "http://www.w3.org/TR/xhtml1/DTD/xhtml1-transitional.dtd">
<html xmlns="http://www.w3.org/1999/xhtml" xml:lang="en" lang="en">
 <head>
  <title>
</title>
<meta http-equiv="Content-Type" content="text/html;charset=utf-8" />
  <meta name='ocr-system' content='tesseract 3.04.00' />
  <meta name='ocr-capabilities' content='ocr_page ocr_carea ocr_par ocr_line ocrx_word'/>
</head>
<body>
  <div class='ocr_page' id='page_1' title='image "./dissertationess00junggoog_0211.png"; bbox 0 0 2858 4834; ppageno 0'>
   <div class='ocr_carea' id='block_1_1' title="bbox 295 461 1177 524">
    <p class='ocr_par' dir='ltr' id='par_1_1' title="bbox 295 461 1177 524">
     <span class='ocr_line' id='line_1_1' title="bbox 295 461 1177 524; baseline 0.01 -10"><span class='ocrx_word' id='word_1_1' title='bbox 295 461 344 514; x_wconf 89' lang='grc'><strong>196</strong></span> <span class='ocrx_word' id='word_1_2' title='bbox 526 461 610 515; x_wconf 83' lang='lat' dir='ltr'>XXV.</span> <span class='ocrx_word' id='word_1_3' title='bbox 631 461 671 514; x_wconf 89' lang='lat' dir='ltr'><strong>De</strong></span> <span class='ocrx_word' id='word_1_4' title='bbox 689 475 770 518; x_wconf 84' lang='lat' dir='ltr'><strong>causa</strong></span> <span class='ocrx_word' id='word_1_5' title='bbox 789 483 809 518; x_wconf 87' lang='lat' dir='ltr'><strong>s.</strong></span> <span class='ocrx_word' id='word_1_6' title='bbox 829 463 946 518; x_wconf 83' lang='lat' dir='ltr'><strong>Thomas</strong></span> <span class='ocrx_word' id='word_1_7' title='bbox 966 464 1177 524; x_wconf 70' lang='lat' dir='ltr'><strong>cantuariensis,</strong></span> 
     </span>
    </p>
   </div>
   <div class='ocr_carea' id='block_1_2' title="bbox 291 603 1403 891">
    <p class='ocr_par' dir='ltr' id='par_1_2' title="bbox 291 603 1403 891">
     <span class='ocr_line' id='line_1_2' title="bbox 292 603 1403 700; baseline 0.005 -31"><span class='ocrx_word' id='word_1_8' title='bbox 292 608 334 670; x_wconf 83' lang='lat' dir='ltr'><strong>Et</strong></span> <span class='ocrx_word' id='word_1_9' title='bbox 372 603 458 669; x_wconf 84' lang='lat' dir='ltr'><strong>vobis</strong></span> <span class='ocrx_word' id='word_1_10' title='bbox 498 605 600 686; x_wconf 86' lang='lat' dir='ltr'><strong>liceat,</strong></span> <span class='ocrx_word' id='word_1_11' title='bbox 641 607 680 670; x_wconf 89' lang='lat' dir='ltr'><strong>ab</strong></span> <span class='ocrx_word' id='word_1_12' title='bbox 720 609 952 694; x_wconf 76' lang='lat' dir='ltr'><strong>archiepiscopo</strong></span> <span class='ocrx_word' id='word_1_13' title='bbox 977 610 1171 675; x_wconf 80' lang='lat' dir='ltr'><strong>Eborocensi</strong></span> <span class='ocrx_word' id='word_1_14' title='bbox 1201 622 1230 674; x_wconf 86' lang='lat' dir='ltr'><strong>et</strong></span> <span class='ocrx_word' id='word_1_15' title='bbox 1261 617 1403 700; x_wconf 81' lang='lat' dir='ltr'><strong>episcopis</strong></span> 
     </span>
     <span class='ocr_line' id='line_1_3' title="bbox 292 702 1401 796; baseline 0.005 -28"><span class='ocrx_word' id='word_1_16' title='bbox 292 705 428 791; x_wconf 74' lang='lat' dir='ltr'><strong>Appliae</strong></span> <span class='ocrx_word' id='word_1_17' title='bbox 463 702 689 769; x_wconf 74' lang='lat' dir='ltr'><strong>Contaminari</strong></span> <span class='ocrx_word' id='word_1_18' title='bbox 716 705 863 770; x_wconf 67' lang='lat' dir='ltr'><strong>eeclesiae</strong></span> <span class='ocrx_word' id='word_1_19' title='bbox 894 717 923 770; x_wconf 90' lang='lat' dir='ltr'><strong>et</strong></span> <span class='ocrx_word' id='word_1_20' title='bbox 955 707 1041 772; x_wconf 86' lang='lat' dir='ltr'><strong>vobis</strong></span> <span class='ocrx_word' id='word_1_21' title='bbox 1073 706 1185 773; x_wconf 85' lang='lat' dir='ltr'><strong>illatos</strong></span> <span class='ocrx_word' id='word_1_22' title='bbox 1214 712 1401 796; x_wconf 75' lang='lat' dir='ltr'><strong>empoatulara</strong></span> 
     </span>
     <span class='ocr_line' id='line_1_4' title="bbox 291 801 687 891; baseline -0.003 -25"><span class='ocrx_word' id='word_1_23' title='bbox 291 801 472 891; x_wconf 82' lang='lat' dir='ltr'><strong>injurias.¹)</strong></span> <span class='ocrx_word' id='word_1_24' title='bbox 686 813 687 818; x_wconf 77' lang='grc'>’</span> 
     </span>
    </p>
   </div>
   <div class='ocr_carea' id='block_1_3' title="bbox 119 937 1414 2886">
    <p class='ocr_par' dir='ltr' id='par_1_3' title="bbox 119 937 1414 1324">
     <span class='ocr_line' id='line_1_5' title="bbox 155 937 1401 1028; baseline 0.004 -26"><span class='ocrx_word' id='word_1_25' title='bbox 155 963 243 1004; x_wconf 66' lang='lat' dir='ltr'><strong>nean</strong></span> <span class='ocrx_word' id='word_1_26' title='bbox 379 939 432 1002; x_wconf 74' lang='lat'><strong>42.</strong></span> <span class='ocrx_word' id='word_1_27' title='bbox 481 937 533 1001; x_wconf 88' lang='lat' dir='ltr'><strong>De</strong></span> <span class='ocrx_word' id='word_1_28' title='bbox 556 940 683 1001; x_wconf 87' lang='lat' dir='ltr'><strong>ratione</strong></span> <span class='ocrx_word' id='word_1_29' title='bbox 707 960 813 1023; x_wconf 87' lang='lat' dir='ltr'><strong>porro,</strong></span> <span class='ocrx_word' id='word_1_30' title='bbox 838 961 903 1025; x_wconf 85' lang='lat' dir='ltr'><strong>qua</strong></span> <span class='ocrx_word' id='word_1_31' title='bbox 927 961 994 1022; x_wconf 86' lang='lat' dir='ltr'><strong>pax</strong></span> <span class='ocrx_word' id='word_1_32' title='bbox 1018 940 1169 1004; x_wconf 85' lang='lat' dir='ltr'><strong>confecta</strong></span> <span class='ocrx_word' id='word_1_33' title='bbox 1193 944 1244 1021; x_wconf 82' lang='lat' dir='ltr'><strong>sit,</strong></span> <span class='ocrx_word' id='word_1_34' title='bbox 1269 957 1401 1028; x_wconf 79' lang='lat' dir='ltr'><strong>praestit</strong></span> 
     </span>
     <span class='ocr_line' id='line_1_6' title="bbox 119 1023 1414 1137; baseline 0.008 -38"><span class='ocrx_word' id='word_1_35' title='bbox 119 1023 277 1137; x_wconf 27' lang='lat' dir='ltr'><strong>“uffo-‘¹¹¹¹&#39;</strong></span> <span class='ocrx_word' id='word_1_36' title='bbox 291 1039 410 1100; x_wconf 89' lang='lat' dir='ltr'><strong>iterum</strong></span> <span class='ocrx_word' id='word_1_37' title='bbox 435 1036 550 1100; x_wconf 78' lang='lat' dir='ltr'><strong>auidius</strong></span> <span class='ocrx_word' id='word_1_38' title='bbox 567 1035 669 1100; x_wconf 86' lang='lat' dir='ltr'><strong>verba</strong></span> <span class='ocrx_word' id='word_1_39' title='bbox 693 1039 797 1123; x_wconf 87' lang='lat' dir='ltr'><strong>ipsius</strong></span> <span class='ocrx_word' id='word_1_40' title='bbox 821 1061 846 1101; x_wconf 89' lang='lat' dir='ltr'><strong>s.</strong></span> <span class='ocrx_word' id='word_1_41' title='bbox 861 1036 1010 1102; x_wconf 84' lang='lat' dir='ltr'><strong>Thomas</strong></span> <span class='ocrx_word' id='word_1_42' title='bbox 1026 1039 1069 1102; x_wconf 87' lang='lat' dir='ltr'><strong>ad</strong></span> <span class='ocrx_word' id='word_1_43' title='bbox 1085 1039 1316 1106; x_wconf 80' lang='lat' dir='ltr'><strong>Alexandrum</strong></span> <span class='ocrx_word' id='word_1_44' title='bbox 1332 1045 1414 1112; x_wconf 44' lang='lat' dir='ltr'><strong>Pon-¹</strong></span> 
     </span>
     <span class='ocr_line' id='line_1_7' title="bbox 290 1135 1414 1226; baseline 0.004 -28"><span class='ocrx_word' id='word_1_45' title='bbox 290 1136 423 1200; x_wconf 75' lang='lat' dir='ltr'><strong>tilis-em.</strong></span> <span class='ocrx_word' id='word_1_46' title='bbox 463 1136 556 1199; x_wconf 88' lang='lat' dir='ltr'><strong>Misit</strong></span> <span class='ocrx_word' id='word_1_47' title='bbox 579 1158 650 1221; x_wconf 76' lang='lat' dir='ltr'><strong>enyo</strong></span> <span class='ocrx_word' id='word_1_48' title='bbox 674 1159 742 1214; x_wconf 79' lang='lat' dir='ltr'><strong>rere,</strong></span> <span class='ocrx_word' id='word_1_49' title='bbox 768 1136 892 1214; x_wconf 80' lang='lat' dir='ltr'><strong>scribit,</strong></span> <span class='ocrx_word' id='word_1_50' title='bbox 919 1135 962 1200; x_wconf 87' lang='lat' dir='ltr'><strong>od</strong></span> <span class='ocrx_word' id='word_1_51' title='bbox 984 1159 1042 1199; x_wconf 91' lang='lat' dir='ltr'><strong>nos</strong></span> <span class='ocrx_word' id='word_1_52' title='bbox 1066 1139 1229 1226; x_wconf 88' lang='lat' dir='ltr'><strong>episcopos</strong></span> <span class='ocrx_word' id='word_1_53' title='bbox 1252 1164 1334 1211; x_wconf 76' lang='lat' dir='ltr'><strong>meos,</strong></span> <span class='ocrx_word' id='word_1_54' title='bbox 1357 1145 1414 1226; x_wconf 78' lang='lat' dir='ltr'><strong>qai</strong></span> 
     </span>
     <span class='ocr_line' id='line_1_8' title="bbox 288 1235 1399 1324; baseline 0.006 -28"><span class='ocrx_word' id='word_1_55' title='bbox 288 1243 457 1311; x_wconf 83' lang='lat' dir='ltr'><strong>monerent,</strong></span> <span class='ocrx_word' id='word_1_56' title='bbox 488 1245 523 1296; x_wconf 87' lang='lat' dir='ltr'><strong>ut</strong></span> <span class='ocrx_word' id='word_1_57' title='bbox 549 1235 734 1318; x_wconf 77' lang='lat' dir='ltr'><strong>petitionem</strong></span> <span class='ocrx_word' id='word_1_58' title='bbox 763 1245 903 1297; x_wconf 88' lang='lat' dir='ltr'><strong>nostram</strong></span> <span class='ocrx_word' id='word_1_59' title='bbox 933 1257 1039 1298; x_wconf 87' lang='lat' dir='ltr'><strong>eornm</strong></span> <span class='ocrx_word' id='word_1_60' title='bbox 1062 1237 1204 1301; x_wconf 86' lang='lat' dir='ltr'><strong>omnibus</strong></span> <span class='ocrx_word' id='word_1_61' title='bbox 1218 1239 1399 1324; x_wconf 80' lang='lat' dir='ltr'><strong>faceremus.</strong></span> 
     </span>
    </p>

    <p class='ocr_par' dir='ltr' id='par_1_4' title="bbox 289 1332 1414 1416">
     <span class='ocr_line' id='line_1_9' title="bbox 289 1332 1414 1416; baseline 0.004 -22"><span class='ocrx_word' id='word_1_62' title='bbox 289 1333 373 1395; x_wconf 78' lang='lat' dir='ltr'><strong>litei</strong></span> <span class='ocrx_word' id='word_1_63' title='bbox 396 1332 600 1416; x_wconf 83' lang='lat' dir='ltr'><strong>quorumdam</strong></span> <span class='ocrx_word' id='word_1_64' title='bbox 616 1355 655 1395; x_wconf 77' lang='lat' dir='ltr'><strong>aa</strong></span> <span class='ocrx_word' id='word_1_65' title='bbox 670 1333 750 1416; x_wconf 89' lang='lat' dir='ltr'><strong>ipsis</strong></span> <span class='ocrx_word' id='word_1_66' title='bbox 767 1332 899 1396; x_wconf 74' lang='lat' dir='ltr'><strong>consdio</strong></span> <span class='ocrx_word' id='word_1_67' title='bbox 916 1332 1166 1413; x_wconf 71' lang='lat' dir='ltr'><strong>credidissemus,</strong></span> <span class='ocrx_word' id='word_1_68' title='bbox 1191 1337 1227 1399; x_wconf 89' lang='lat' dir='ltr'><strong>in</strong></span> <span class='ocrx_word' id='word_1_69' title='bbox 1243 1338 1414 1400; x_wconf 77' lang='lat' dir='ltr'><strong>arbitrium</strong></span> 
     </span>
    </p>

    <p class='ocr_par' dir='ltr' id='par_1_5' title="bbox 287 1427 1398 1517">
     <span class='ocr_line' id='line_1_10' title="bbox 287 1427 1398 1517; baseline 0.004 -24"><span class='ocrx_word' id='word_1_70' title='bbox 287 1435 353 1517; x_wconf 84' lang='lat' dir='ltr'><strong>ejus</strong></span> <span class='ocrx_word' id='word_1_71' title='bbox 377 1427 613 1493; x_wconf 74' lang='lat' dir='ltr'><strong>contulissemus</strong></span> <span class='ocrx_word' id='word_1_72' title='bbox 633 1453 765 1515; x_wconf 87' lang='lat' dir='ltr'><strong>prorsus</strong></span> <span class='ocrx_word' id='word_1_73' title='bbox 790 1441 898 1492; x_wconf 85' lang='lat' dir='ltr'><strong>atnoe</strong></span> <span class='ocrx_word' id='word_1_74' title='bbox 923 1441 953 1492; x_wconf 87' lang='lat' dir='ltr'><strong>et</strong></span> <span class='ocrx_word' id='word_1_75' title='bbox 976 1439 1072 1494; x_wconf 86' lang='lat' dir='ltr'><strong>totam</strong></span> <span class='ocrx_word' id='word_1_76' title='bbox 1095 1455 1223 1497; x_wconf 85' lang='lat' dir='ltr'><strong>causam</strong></span> <span class='ocrx_word' id='word_1_77' title='bbox 1239 1435 1398 1499; x_wconf 76' lang='lat' dir='ltr'><strong>Ecclesiae.</strong></span> 
     </span>
    </p>

    <p class='ocr_par' dir='ltr' id='par_1_6' title="bbox 281 1527 1414 2108">
     <span class='ocr_line' id='line_1_11' title="bbox 287 1527 1414 1607; baseline 0.004 -16"><span class='ocrx_word' id='word_1_78' title='bbox 287 1578 293 1591; x_wconf 93' lang='lat'><em>.</em></span> <span class='ocrx_word' id='word_1_79' title='bbox 320 1579 327 1590; x_wconf 91' lang='lat'><em>.</em></span> <span class='ocrx_word' id='word_1_80' title='bbox 354 1577 360 1591; x_wconf 92' lang='lat'>.</span> <span class='ocrx_word' id='word_1_81' title='bbox 386 1527 457 1590; x_wconf 87' lang='lat' dir='ltr'><strong>Illis</strong></span> <span class='ocrx_word' id='word_1_82' title='bbox 481 1537 584 1590; x_wconf 87' lang='lat' dir='ltr'><strong>nutem</strong></span> <span class='ocrx_word' id='word_1_83' title='bbox 608 1528 761 1607; x_wconf 80' lang='lat' dir='ltr'><strong>dimissis,</strong></span> <span class='ocrx_word' id='word_1_84' title='bbox 795 1527 902 1590; x_wconf 84' lang='lat' dir='ltr'><strong>babitu</strong></span> <span class='ocrx_word' id='word_1_85' title='bbox 926 1528 1152 1594; x_wconf 77' lang='lat' dir='ltr'><strong>deliberatione</strong></span> <span class='ocrx_word' id='word_1_86' title='bbox 1186 1556 1252 1595; x_wconf 87' lang='lat' dir='ltr'><strong>cum</strong></span> <span class='ocrx_word' id='word_1_87' title='bbox 1284 1533 1414 1596; x_wconf 70' lang='lat' dir='ltr'><strong>domem</strong></span> 
     </span>
     <span class='ocr_line' id='line_1_12' title="bbox 286 1623 1414 1716; baseline 0.004 -26"><span class='ocrx_word' id='word_1_88' title='bbox 286 1626 459 1690; x_wconf 79' lang='lat' dir='ltr'><strong>Senoraensi</strong></span> <span class='ocrx_word' id='word_1_89' title='bbox 497 1636 526 1687; x_wconf 90' lang='lat' dir='ltr'><strong>et</strong></span> <span class='ocrx_word' id='word_1_90' title='bbox 553 1623 672 1690; x_wconf 78' lang='lat' dir='ltr'><strong>Christi</strong></span> <span class='ocrx_word' id='word_1_91' title='bbox 703 1625 911 1711; x_wconf 85' lang='lat' dir='ltr'><strong>pauperibus,</strong></span> <span class='ocrx_word' id='word_1_92' title='bbox 951 1628 1045 1690; x_wconf 87' lang='lat' dir='ltr'><strong>sociis</strong></span> <span class='ocrx_word' id='word_1_93' title='bbox 1074 1631 1343 1714; x_wconf 73' lang='lat' dir='ltr'><strong>pereprinotionis</strong></span> <span class='ocrx_word' id='word_1_94' title='bbox 1377 1645 1414 1716; x_wconf 77' lang='lat' dir='ltr'><strong>et</strong></span> 
     </span>
     <span class='ocr_line' id='line_1_13' title="bbox 281 1724 1414 1811; baseline 0.004 -24"><span class='ocrx_word' id='word_1_95' title='bbox 281 1724 529 1810; x_wconf 78' lang='lat' dir='ltr'><strong>proscriptionis</strong></span> <span class='ocrx_word' id='word_1_96' title='bbox 554 1735 690 1800; x_wconf 87' lang='lat' dir='ltr'><strong>nostrae,</strong></span> <span class='ocrx_word' id='word_1_97' title='bbox 723 1725 758 1787; x_wconf 87' lang='lat' dir='ltr'><strong>in</strong></span> <span class='ocrx_word' id='word_1_98' title='bbox 782 1746 816 1786; x_wconf 90' lang='lat' dir='ltr'><strong>eo</strong></span> <span class='ocrx_word' id='word_1_99' title='bbox 830 1724 1030 1805; x_wconf 80' lang='lat' dir='ltr'><strong>firmavimus</strong></span> <span class='ocrx_word' id='word_1_100' title='bbox 1049 1729 1259 1811; x_wconf 87' lang='lat' dir='ltr'><strong>propositum,</strong></span> <span class='ocrx_word' id='word_1_101' title='bbox 1291 1742 1325 1792; x_wconf 84' lang='lat' dir='ltr'><strong>ut</strong></span> <span class='ocrx_word' id='word_1_102' title='bbox 1354 1755 1414 1792; x_wconf 62' lang='lat' dir='ltr'><strong>nec,</strong></span> 
     </span>
     <span class='ocr_line' id='line_1_14' title="bbox 285 1821 1414 1909; baseline 0.002 -23"><span class='ocrx_word' id='word_1_103' title='bbox 285 1821 496 1908; x_wconf 75' lang='lat' dir='ltr'><strong>quiaestionem</strong></span> <span class='ocrx_word' id='word_1_104' title='bbox 535 1822 792 1886; x_wconf 81' lang='lat' dir='ltr'><strong>consuetudinum</strong></span> <span class='ocrx_word' id='word_1_105' title='bbox 831 1847 885 1886; x_wconf 87' lang='lat' dir='ltr'><strong>nec</strong></span> <span class='ocrx_word' id='word_1_106' title='bbox 923 1823 1108 1886; x_wconf 87' lang='lat' dir='ltr'><strong>damnorum</strong></span> <span class='ocrx_word' id='word_1_107' title='bbox 1146 1848 1224 1909; x_wconf 78' lang='lat' dir='ltr'><strong>quae</strong></span> <span class='ocrx_word' id='word_1_108' title='bbox 1262 1827 1414 1890; x_wconf 47' lang='lat' dir='ltr'><strong>ecclesiae¹</strong></span> 
     </span>
     <span class='ocr_line' id='line_1_15' title="bbox 284 1919 1414 2008; baseline 0.004 -25"><span class='ocrx_word' id='word_1_109' title='bbox 284 1931 411 1984; x_wconf 88' lang='lat' dir='ltr'><strong>nostrae</strong></span> <span class='ocrx_word' id='word_1_110' title='bbox 435 1919 599 1996; x_wconf 87' lang='lat' dir='ltr'><strong>intulerat,</strong></span> <span class='ocrx_word' id='word_1_111' title='bbox 624 1944 679 1982; x_wconf 89' lang='lat' dir='ltr'><strong>nec</strong></span> <span class='ocrx_word' id='word_1_112' title='bbox 704 1931 875 2004; x_wconf 78' lang='lat' dir='ltr'><strong>usurpatae</strong></span> <span class='ocrx_word' id='word_1_113' title='bbox 899 1922 1145 1986; x_wconf 85' lang='lat' dir='ltr'><strong>consecrationis</strong></span> <span class='ocrx_word' id='word_1_114' title='bbox 1160 1923 1330 2008; x_wconf 81' lang='lat' dir='ltr'><strong>querelam,</strong></span> <span class='ocrx_word' id='word_1_115' title='bbox 1352 1950 1414 2000; x_wconf 80' lang='lat' dir='ltr'><strong>nec</strong></span> 
     </span>
     <span class='ocr_line' id='line_1_16' title="bbox 284 2015 1414 2108; baseline 0.002 -27"><span class='ocrx_word' id='word_1_116' title='bbox 284 2017 513 2081; x_wconf 86' lang='lat' dir='ltr'><strong>ecclesiasticae</strong></span> <span class='ocrx_word' id='word_1_117' title='bbox 537 2015 695 2080; x_wconf 77' lang='lat' dir='ltr'><strong>libertatis</strong></span> <span class='ocrx_word' id='word_1_118' title='bbox 720 2027 774 2080; x_wconf 72' lang='lat' dir='ltr'><strong>rarat</strong></span> <span class='ocrx_word' id='word_1_119' title='bbox 786 2018 914 2082; x_wconf 69' lang='lat' dir='ltr'><strong>lionoris</strong></span> <span class='ocrx_word' id='word_1_120' title='bbox 937 2021 1040 2082; x_wconf 78' lang='lat' dir='ltr'><strong>nostri</strong></span> <span class='ocrx_word' id='word_1_121' title='bbox 1063 2019 1276 2105; x_wconf 83' lang='lat' dir='ltr'><strong>dispendium,</strong></span> <span class='ocrx_word' id='word_1_122' title='bbox 1301 2023 1414 2108; x_wconf 52' lang='lat' dir='ltr'><strong>aliquo}</strong></span> 
     </span>
    </p>

    <p class='ocr_par' dir='ltr' id='par_1_7' title="bbox 282 2111 1414 2402">
     <span class='ocr_line' id='line_1_17' title="bbox 282 2114 1400 2204; baseline 0.005 -25"><span class='ocrx_word' id='word_1_123' title='bbox 282 2116 373 2179; x_wconf 83' lang='lat' dir='ltr'><strong>neoda</strong></span> <span class='ocrx_word' id='word_1_124' title='bbox 405 2115 616 2200; x_wconf 83' lang='lat' dir='ltr'><strong>conferremus</strong></span> <span class='ocrx_word' id='word_1_125' title='bbox 647 2117 682 2177; x_wconf 89' lang='lat' dir='ltr'><strong>in</strong></span> <span class='ocrx_word' id='word_1_126' title='bbox 706 2114 874 2178; x_wconf 83' lang='lat' dir='ltr'><strong>arbitrium</strong></span> <span class='ocrx_word' id='word_1_127' title='bbox 902 2121 978 2204; x_wconf 85' lang='lat' dir='ltr'><strong>ejus.</strong></span> <span class='ocrx_word' id='word_1_128' title='bbox 1026 2117 1068 2179; x_wconf 82' lang='lat' dir='ltr'><strong>Et</strong></span> <span class='ocrx_word' id='word_1_129' title='bbox 1090 2119 1135 2180; x_wconf 86' lang='lat' dir='ltr'><strong>sic</strong></span> <span class='ocrx_word' id='word_1_130' title='bbox 1159 2119 1339 2184; x_wconf 84' lang='lat' dir='ltr'><strong>accedentes</strong></span> <span class='ocrx_word' id='word_1_131' title='bbox 1361 2122 1400 2184; x_wconf 84' lang='lat' dir='ltr'><strong>ad</strong></span> 
     </span>
     <span class='ocr_line' id='line_1_18' title="bbox 282 2213 1414 2301; baseline 0.001 -24"><span class='ocrx_word' id='word_1_132' title='bbox 282 2239 383 2300; x_wconf 73' lang='lat' dir='ltr'><strong>repam</strong></span> <span class='ocrx_word' id='word_1_133' title='bbox 407 2224 437 2276; x_wconf 91' lang='lat' dir='ltr'><strong>et</strong></span> <span class='ocrx_word' id='word_1_134' title='bbox 459 2235 541 2290; x_wconf 83' lang='lat' dir='ltr'><strong>suos,</strong></span> <span class='ocrx_word' id='word_1_135' title='bbox 566 2237 633 2276; x_wconf 86' lang='lat' dir='ltr'><strong>cum</strong></span> <span class='ocrx_word' id='word_1_136' title='bbox 657 2215 742 2276; x_wconf 89' lang='lat' dir='ltr'><strong>omni</strong></span> <span class='ocrx_word' id='word_1_137' title='bbox 765 2213 943 2277; x_wconf 78' lang='lat' dir='ltr'><strong>lurnilitete</strong></span> <span class='ocrx_word' id='word_1_138' title='bbox 959 2216 1139 2298; x_wconf 74' lang='lat' dir='ltr'><strong>rapaci-mus</strong></span> <span class='ocrx_word' id='word_1_139' title='bbox 1156 2239 1269 2301; x_wconf 85' lang='lat' dir='ltr'><strong>paros</strong></span> <span class='ocrx_word' id='word_1_140' title='bbox 1287 2217 1414 2280; x_wconf 62' lang='lat' dir='ltr'><strong>donsim&#39;i</strong></span> 
     </span>
     <span class='ocr_line' id='line_1_19' title="bbox 283 2311 1414 2402; baseline -0.001 -25"><span class='ocrx_word' id='word_1_141' title='bbox 283 2312 482 2389; x_wconf 78' lang='lat' dir='ltr'><strong>Sunonensis,</strong></span> <span class='ocrx_word' id='word_1_142' title='bbox 515 2313 568 2396; x_wconf 76' lang='lat' dir='ltr'><strong>qni</strong></span> <span class='ocrx_word' id='word_1_143' title='bbox 602 2311 689 2374; x_wconf 82' lang='lat' dir='ltr'><strong>uerbi</strong></span> <span class='ocrx_word' id='word_1_144' title='bbox 711 2313 813 2374; x_wconf 41' lang='lat' dir='ltr'><strong>&#39;riustri</strong></span> <span class='ocrx_word' id='word_1_145' title='bbox 836 2312 962 2400; x_wconf 52' lang='lat' dir='ltr'><strong>bimulus</strong></span> <span class='ocrx_word' id='word_1_146' title='bbox 986 2323 1064 2390; x_wconf 86' lang='lat' dir='ltr'><strong>erat,</strong></span> <span class='ocrx_word' id='word_1_147' title='bbox 1097 2325 1129 2376; x_wconf 88' lang='lat' dir='ltr'><strong>ut</strong></span> <span class='ocrx_word' id='word_1_148' title='bbox 1151 2315 1241 2378; x_wconf 90' lang='lat' dir='ltr'><strong>nobis</strong></span> <span class='ocrx_word' id='word_1_149' title='bbox 1264 2320 1414 2402; x_wconf 32' lang='lat' dir='ltr'><strong>cratian}</strong></span> 
     </span>
    </p>

    <p class='ocr_par' dir='ltr' id='par_1_8' title="bbox 280 2412 1414 2691">
     <span class='ocr_line' id='line_1_20' title="bbox 282 2412 1414 2499; baseline -0.001 -24"><span class='ocrx_word' id='word_1_150' title='bbox 282 2435 370 2475; x_wconf 87' lang='lat' dir='ltr'><strong>suom</strong></span> <span class='ocrx_word' id='word_1_151' title='bbox 407 2412 593 2487; x_wconf 85' lang='lat' dir='ltr'><strong>restitueret,</strong></span> <span class='ocrx_word' id='word_1_152' title='bbox 628 2433 741 2494; x_wconf 86' lang='lat' dir='ltr'><strong>pacem</strong></span> <span class='ocrx_word' id='word_1_153' title='bbox 780 2420 809 2471; x_wconf 89' lang='lat' dir='ltr'><strong>et</strong></span> <span class='ocrx_word' id='word_1_154' title='bbox 845 2412 1053 2489; x_wconf 71' lang='lat' dir='ltr'><strong>securitatem,</strong></span> <span class='ocrx_word' id='word_1_155' title='bbox 1095 2423 1158 2475; x_wconf 86' lang='lat' dir='ltr'><strong>tam</strong></span> <span class='ocrx_word' id='word_1_156' title='bbox 1188 2414 1279 2476; x_wconf 89' lang='lat' dir='ltr'><strong>nobis</strong></span> <span class='ocrx_word' id='word_1_157' title='bbox 1310 2421 1414 2499; x_wconf 74' lang='lat' dir='ltr'><strong>queris?</strong></span> 
     </span>
     <span class='ocr_line' id='line_1_21' title="bbox 280 2507 1414 2600; baseline 0.003 -30"><span class='ocrx_word' id='word_1_158' title='bbox 280 2509 406 2585; x_wconf 82' lang='lat' dir='ltr'><strong>nostris,</strong></span> <span class='ocrx_word' id='word_1_159' title='bbox 443 2507 702 2570; x_wconf 69' lang='lat' dir='ltr'><strong>casanatensem</strong></span> <span class='ocrx_word' id='word_1_160' title='bbox 731 2507 889 2570; x_wconf 86' lang='lat' dir='ltr'><strong>ecclesiam</strong></span> <span class='ocrx_word' id='word_1_161' title='bbox 919 2519 948 2572; x_wconf 92' lang='lat' dir='ltr'><strong>et</strong></span> <span class='ocrx_word' id='word_1_162' title='bbox 973 2512 1188 2594; x_wconf 86' lang='lat' dir='ltr'><strong>possessiones</strong></span> <span class='ocrx_word' id='word_1_163' title='bbox 1212 2517 1288 2600; x_wconf 81' lang='lat' dir='ltr'><strong>ejus,</strong></span> <span class='ocrx_word' id='word_1_164' title='bbox 1323 2536 1414 2600; x_wconf 20' lang='lat' dir='ltr'><strong>quas}</strong></span> 
     </span>
     <span class='ocr_line' id='line_1_22' title="bbox 281 2604 1414 2691; baseline 0.001 -22"><span class='ocrx_word' id='word_1_165' title='bbox 281 2617 429 2691; x_wconf 77' lang='lat' dir='ltr'><strong>ecceptos</strong></span> <span class='ocrx_word' id='word_1_166' title='bbox 452 2605 486 2668; x_wconf 89' lang='lat' dir='ltr'><strong>in</strong></span> <span class='ocrx_word' id='word_1_167' title='bbox 510 2604 653 2667; x_wconf 85' lang='lat' dir='ltr'><strong>ebert-ula</strong></span> <span class='ocrx_word' id='word_1_168' title='bbox 677 2605 804 2689; x_wconf 61' lang='lat' dir='ltr'><strong>legerat,</strong></span> <span class='ocrx_word' id='word_1_169' title='bbox 838 2616 867 2668; x_wconf 88' lang='lat' dir='ltr'><strong>et</strong></span> <span class='ocrx_word' id='word_1_170' title='bbox 891 2617 923 2668; x_wconf 87' lang='lat' dir='ltr'><strong>ut</strong></span> <span class='ocrx_word' id='word_1_171' title='bbox 945 2607 1190 2672; x_wconf 83' lang='lat' dir='ltr'><strong>misericorditer</strong></span> <span class='ocrx_word' id='word_1_172' title='bbox 1213 2612 1414 2678; x_wconf 51' lang='lat' dir='ltr'><strong>emendaret</strong></span> 
     </span>
    </p>

    <p class='ocr_par' dir='ltr' id='par_1_9' title="bbox 278 2695 1414 2790">
     <span class='ocr_line' id='line_1_23' title="bbox 278 2699 1393 2790; baseline 0.003 -23"><span class='ocrx_word' id='word_1_173' title='bbox 278 2703 361 2788; x_wconf 81' lang='lat' dir='ltr'><strong>quod</strong></span> <span class='ocrx_word' id='word_1_174' title='bbox 384 2713 495 2766; x_wconf 88' lang='lat' dir='ltr'><strong>eontra</strong></span> <span class='ocrx_word' id='word_1_175' title='bbox 518 2725 575 2765; x_wconf 88' lang='lat' dir='ltr'><strong>nos</strong></span> <span class='ocrx_word' id='word_1_176' title='bbox 599 2712 629 2765; x_wconf 90' lang='lat' dir='ltr'><strong>et</strong></span> <span class='ocrx_word' id='word_1_177' title='bbox 643 2699 802 2766; x_wconf 86' lang='lat' dir='ltr'><strong>ecclesiam</strong></span> <span class='ocrx_word' id='word_1_178' title='bbox 825 2715 965 2766; x_wconf 85' lang='lat' dir='ltr'><strong>nostram</strong></span> <span class='ocrx_word' id='word_1_179' title='bbox 981 2703 1109 2790; x_wconf 86' lang='lat' dir='ltr'><strong>fecerat</strong></span> <span class='ocrx_word' id='word_1_180' title='bbox 1132 2708 1165 2769; x_wconf 87' lang='lat' dir='ltr'><strong>in</strong></span> <span class='ocrx_word' id='word_1_181' title='bbox 1184 2707 1249 2790; x_wconf 79' lang='lat' dir='ltr'><strong>filii</strong></span> <span class='ocrx_word' id='word_1_182' title='bbox 1272 2731 1414 2778; x_wconf 88' lang='lat' dir='ltr'><strong>corona·</strong></span> 
     </span>
    </p>

    <p class='ocr_par' dir='ltr' id='par_1_10' title="bbox 280 2799 1414 2886">
     <span class='ocr_line' id='line_1_24' title="bbox 280 2799 1414 2886; baseline 0.001 -21"><span class='ocrx_word' id='word_1_183' title='bbox 280 2804 361 2865; x_wconf 84' lang='lat' dir='ltr'><strong>tione</strong></span> <span class='ocrx_word' id='word_1_184' title='bbox 388 2810 643 2886; x_wconf 84' lang='lat' dir='ltr'><strong>praesumptu-m:</strong></span> <span class='ocrx_word' id='word_1_185' title='bbox 676 2802 892 2884; x_wconf 81' lang='lat' dir='ltr'><strong>promittentes</strong></span> <span class='ocrx_word' id='word_1_186' title='bbox 926 2803 955 2864; x_wconf 91' lang='lat' dir='ltr'><strong>ei</strong></span> <span class='ocrx_word' id='word_1_187' title='bbox 978 2823 1112 2866; x_wconf 88' lang='lat' dir='ltr'><strong>amorem</strong></span> <span class='ocrx_word' id='word_1_188' title='bbox 1137 2815 1166 2867; x_wconf 89' lang='lat' dir='ltr'><strong>et</strong></span> <span class='ocrx_word' id='word_1_189' title='bbox 1187 2806 1340 2879; x_wconf 83' lang='lat' dir='ltr'><strong>bonorem,</strong></span> <span class='ocrx_word' id='word_1_190' title='bbox 1368 2799 1414 2866; x_wconf 46' lang='lat' dir='ltr'><strong>et¹</strong></span> 
     </span>
    </p>
   </div>
   <div class='ocr_carea' id='block_1_4' title="bbox 279 2897 1414 2990">
    <p class='ocr_par' dir='ltr' id='par_1_11' title="bbox 279 2897 1414 2990">
     <span class='ocr_line' id='line_1_25' title="bbox 279 2897 1414 2990; baseline 0.004 -28"><span class='ocrx_word' id='word_1_191' title='bbox 279 2897 433 2984; x_wconf 82' lang='lat' dir='ltr'><strong>quidquid</strong></span> <span class='ocrx_word' id='word_1_192' title='bbox 463 2899 601 2982; x_wconf 86' lang='lat' dir='ltr'><strong>obsequii</strong></span> <span class='ocrx_word' id='word_1_193' title='bbox 634 2899 700 2982; x_wconf 76' lang='lat' dir='ltr'><strong>repi</strong></span> <span class='ocrx_word' id='word_1_194' title='bbox 732 2909 761 2960; x_wconf 92' lang='lat' dir='ltr'><strong>et</strong></span> <span class='ocrx_word' id='word_1_195' title='bbox 792 2899 938 2984; x_wconf 85' lang='lat' dir='ltr'><strong>principi</strong></span> <span class='ocrx_word' id='word_1_196' title='bbox 961 2909 1068 2985; x_wconf 87' lang='lat' dir='ltr'><strong>potest</strong></span> <span class='ocrx_word' id='word_1_197' title='bbox 1098 2901 1137 2963; x_wconf 88' lang='lat' dir='ltr'><strong>ab</strong></span> <span class='ocrx_word' id='word_1_198' title='bbox 1166 2905 1414 2990; x_wconf 62' lang='lat' dir='ltr'><strong>archiepiscopoz</strong></span> 
     </span>
    </p>
   </div>
   <div class='ocr_carea' id='block_1_5' title="bbox 352 3209 1391 3276">
    <p class='ocr_par' dir='ltr' id='par_1_12' title="bbox 352 3173 1414 3278">
     <span class='ocr_line' id='line_1_26' title="bbox 352 3209 1391 3276; baseline -0.002 -14"><span class='ocrx_word' id='word_1_199' title='bbox 352 3212 372 3271; x_wconf 88' lang='lat'><strong>¹)</strong></span> <span class='ocrx_word' id='word_1_200' title='bbox 392 3209 458 3264; x_wconf 85' lang='lat' dir='ltr'><strong>Vita</strong></span> <span class='ocrx_word' id='word_1_201' title='bbox 485 3227 505 3262; x_wconf 86' lang='lat' dir='ltr'><strong>s.</strong></span> <span class='ocrx_word' id='word_1_202' title='bbox 524 3209 641 3262; x_wconf 83' lang='lat' dir='ltr'><strong>&#39;Pbomae</strong></span> <span class='ocrx_word' id='word_1_203' title='bbox 669 3225 711 3276; x_wconf 91' lang='lat' dir='ltr'><strong>ap.</strong></span> <span class='ocrx_word' id='word_1_204' title='bbox 732 3209 811 3266; x_wconf 77' lang='lat' dir='ltr'><strong>tiiles</strong></span> <span class='ocrx_word' id='word_1_205' title='bbox 829 3210 852 3266; x_wconf 90' lang='lat' dir='ltr'><strong>I.</strong></span> <span class='ocrx_word' id='word_1_206' title='bbox 881 3211 941 3265; x_wconf 75' lang='lat'><strong>275.</strong></span> <span class='ocrx_word' id='word_1_207' title='bbox 973 3241 1006 3249; x_wconf 93' lang='lat'><em>-</em></span> <span class='ocrx_word' id='word_1_208' title='bbox 1038 3211 1117 3264; x_wconf 85' lang='lat' dir='ltr'><strong>Haud</strong></span> <span class='ocrx_word' id='word_1_209' title='bbox 1145 3211 1254 3266; x_wconf 88' lang='lat' dir='ltr'><strong>dubium</strong></span> <span class='ocrx_word' id='word_1_210' title='bbox 1283 3213 1391 3272; x_wconf 81' lang='lat' dir='ltr'><strong>videtur,</strong></span> 
     </span>
    </p>
   </div>
   <div class='ocr_carea' id='block_1_6' title="bbox 272 3289 1414 4239">
    <p class='ocr_par' dir='ltr' id='par_1_13' title="bbox 278 3289 1414 3438">
     <span class='ocr_line' id='line_1_27' title="bbox 278 3289 1414 3359; baseline -0.002 -15"><span class='ocrx_word' id='word_1_211' title='bbox 278 3290 425 3359; x_wconf 88' lang='lat' dir='ltr'><strong>principem</strong></span> <span class='ocrx_word' id='word_1_212' title='bbox 456 3291 551 3344; x_wconf 82' lang='lat' dir='ltr'><strong>saltem</strong></span> <span class='ocrx_word' id='word_1_213' title='bbox 582 3289 714 3356; x_wconf 83' lang='lat' dir='ltr'><strong>implicite</strong></span> <span class='ocrx_word' id='word_1_214' title='bbox 745 3307 765 3344; x_wconf 89' lang='lat' dir='ltr'><strong>s.</strong></span> <span class='ocrx_word' id='word_1_215' title='bbox 797 3289 914 3344; x_wconf 80' lang='lat' dir='ltr'><strong>Thomas</strong></span> <span class='ocrx_word' id='word_1_216' title='bbox 947 3293 1119 3354; x_wconf 82' lang='lat' dir='ltr'><strong>concessisse,</strong></span> <span class='ocrx_word' id='word_1_217' title='bbox 1150 3299 1182 3346; x_wconf 93' lang='lat' dir='ltr'><strong>ut</strong></span> <span class='ocrx_word' id='word_1_218' title='bbox 1213 3299 1307 3346; x_wconf 80' lang='lat' dir='ltr'><strong>contra</strong></span> <span class='ocrx_word' id='word_1_219' title='bbox 1336 3291 1414 3344; x_wconf 62' lang='lat' dir='ltr'><strong>illas*</strong></span> 
     </span>
     <span class='ocr_line' id='line_1_28' title="bbox 278 3369 1389 3438; baseline -0.001 -14"><span class='ocrx_word' id='word_1_220' title='bbox 278 3370 413 3438; x_wconf 87' lang='lat' dir='ltr'><strong>episcopos</strong></span> <span class='ocrx_word' id='word_1_221' title='bbox 426 3370 587 3437; x_wconf 83' lang='lat' dir='ltr'><strong>procederet</strong></span> <span class='ocrx_word' id='word_1_222' title='bbox 607 3369 722 3424; x_wconf 81' lang='lat' dir='ltr'><strong>Thomas</strong></span> <span class='ocrx_word' id='word_1_223' title='bbox 732 3377 825 3437; x_wconf 83' lang='lat' dir='ltr'><strong>postes</strong></span> <span class='ocrx_word' id='word_1_224' title='bbox 841 3369 973 3423; x_wconf 86' lang='lat' dir='ltr'><strong>militibus</strong></span> <span class='ocrx_word' id='word_1_225' title='bbox 986 3371 1067 3438; x_wconf 84' lang='lat' dir='ltr'><strong>regis,</strong></span> <span class='ocrx_word' id='word_1_226' title='bbox 1087 3372 1132 3438; x_wconf 86' lang='lat' dir='ltr'><strong>qui</strong></span> <span class='ocrx_word' id='word_1_227' title='bbox 1143 3378 1276 3426; x_wconf 84' lang='lat' dir='ltr'><strong>reuerent</strong></span> <span class='ocrx_word' id='word_1_228' title='bbox 1294 3382 1323 3426; x_wconf 90' lang='lat' dir='ltr'><strong>ut</strong></span> <span class='ocrx_word' id='word_1_229' title='bbox 1334 3388 1389 3426; x_wconf 85' lang='lat' dir='ltr'><strong>sum</strong></span> 
     </span>
    </p>

    <p class='ocr_par' dir='ltr' id='par_1_14' title="bbox 277 3449 1389 3520">
     <span class='ocr_line' id='line_1_29' title="bbox 277 3449 1389 3520; baseline -0.002 -16"><span class='ocrx_word' id='word_1_230' title='bbox 277 3450 435 3512; x_wconf 88' lang='lat' dir='ltr'><strong>occiderent,</strong></span> <span class='ocrx_word' id='word_1_231' title='bbox 460 3465 540 3516; x_wconf 85' lang='lat' dir='ltr'><strong>quum</strong></span> <span class='ocrx_word' id='word_1_232' title='bbox 569 3449 869 3506; x_wconf 77' lang='lat' dir='ltr'><strong>excommunicationem</strong></span> <span class='ocrx_word' id='word_1_233' title='bbox 895 3449 1077 3520; x_wconf 85' lang='lat' dir='ltr'><strong>episcoporum</strong></span> <span class='ocrx_word' id='word_1_234' title='bbox 1102 3451 1241 3506; x_wconf 82' lang='lat' dir='ltr'><strong>furibundi</strong></span> <span class='ocrx_word' id='word_1_235' title='bbox 1261 3452 1285 3506; x_wconf 89' lang='lat' dir='ltr'><strong>ei</strong></span> <span class='ocrx_word' id='word_1_236' title='bbox 1305 3467 1389 3518; x_wconf 74' lang='lat' dir='ltr'><strong>expe-n</strong></span> 
     </span>
    </p>

    <p class='ocr_par' dir='ltr' id='par_1_15' title="bbox 276 3529 1414 3680">
     <span class='ocr_line' id='line_1_30' title="bbox 277 3529 1414 3601; baseline 0 -17"><span class='ocrx_word' id='word_1_237' title='bbox 277 3531 398 3586; x_wconf 88' lang='lat' dir='ltr'><strong>brarent:</strong></span> <span class='ocrx_word' id='word_1_238' title='bbox 430 3529 542 3596; x_wconf 63' lang='lat' dir='ltr'><strong>„Totum</strong></span> <span class='ocrx_word' id='word_1_239' title='bbox 562 3529 643 3592; x_wconf 87' lang='lat' dir='ltr'><strong>istud,</strong></span> <span class='ocrx_word' id='word_1_240' title='bbox 668 3529 766 3596; x_wconf 81' lang='lat' dir='ltr'><strong>inquit,</strong></span> <span class='ocrx_word' id='word_1_241' title='bbox 785 3531 817 3584; x_wconf 92' lang='lat' dir='ltr'><strong>de</strong></span> <span class='ocrx_word' id='word_1_242' title='bbox 835 3529 1010 3598; x_wconf 85' lang='lat' dir='ltr'><strong>permissione</strong></span> <span class='ocrx_word' id='word_1_243' title='bbox 1028 3531 1128 3586; x_wconf 91' lang='lat' dir='ltr'><strong>domini</strong></span> <span class='ocrx_word' id='word_1_244' title='bbox 1148 3532 1221 3601; x_wconf 79' lang='lat' dir='ltr'><strong>regis</strong></span> <span class='ocrx_word' id='word_1_245' title='bbox 1240 3539 1289 3597; x_wconf 87' lang='lat' dir='ltr'><strong>cst,</strong></span> <span class='ocrx_word' id='word_1_246' title='bbox 1316 3539 1341 3586; x_wconf 89' lang='lat' dir='ltr'><strong>et</strong></span> <span class='ocrx_word' id='word_1_247' title='bbox 1358 3532 1391 3584; x_wconf 86' lang='lat' dir='ltr'><strong>de</strong></span> <span class='ocrx_word' id='word_1_248' title='bbox 1413 3531 1414 3540; x_wconf 75' lang='grc'>’</span> 
     </span>
     <span class='ocr_line' id='line_1_31' title="bbox 276 3610 1386 3680; baseline -0.001 -15"><span class='ocrx_word' id='word_1_249' title='bbox 276 3611 333 3680; x_wconf 90' lang='lat' dir='ltr'><strong>ejus</strong></span> <span class='ocrx_word' id='word_1_250' title='bbox 352 3611 463 3665; x_wconf 86' lang='lat' dir='ltr'><strong>licentia</strong></span> <span class='ocrx_word' id='word_1_251' title='bbox 481 3625 605 3664; x_wconf 86' lang='lat' dir='ltr'><strong>concessa</strong></span> <span class='ocrx_word' id='word_1_252' title='bbox 628 3610 693 3664; x_wconf 88' lang='lat' dir='ltr'><strong>mihi</strong></span> <span class='ocrx_word' id='word_1_253' title='bbox 722 3610 749 3663; x_wconf 92' lang='lat' dir='ltr'><strong>in</strong></span> <span class='ocrx_word' id='word_1_254' title='bbox 775 3611 818 3664; x_wconf 93' lang='lat' dir='ltr'><strong>die</strong></span> <span class='ocrx_word' id='word_1_255' title='bbox 849 3610 923 3678; x_wconf 84' lang='lat' dir='ltr'><strong>pacis</strong></span> <span class='ocrx_word' id='word_1_256' title='bbox 951 3616 1085 3668; x_wconf 78' lang='lat' dir='ltr'><strong>nostrae.“</strong></span> <span class='ocrx_word' id='word_1_257' title='bbox 1123 3612 1248 3668; x_wconf 86' lang='lat' dir='ltr'><strong>Gulielm.</strong></span> <span class='ocrx_word' id='word_1_258' title='bbox 1269 3612 1386 3680; x_wconf 77' lang='lat' dir='ltr'><strong>scapum</strong></span> 
     </span>
    </p>

    <p class='ocr_par' dir='ltr' id='par_1_16' title="bbox 272 3691 1414 4239">
     <span class='ocr_line' id='line_1_32' title="bbox 276 3691 1414 3760; baseline 0.005 -16"><span class='ocrx_word' id='word_1_259' title='bbox 276 3691 350 3746; x_wconf 83' lang='lat' dir='ltr'><strong>Giles</strong></span> <span class='ocrx_word' id='word_1_260' title='bbox 368 3691 390 3746; x_wconf 90' lang='grc' dir='ltr'><strong>Ι.</strong></span> <span class='ocrx_word' id='word_1_261' title='bbox 410 3691 470 3745; x_wconf 72' lang='lat'><strong>295.</strong></span> <span class='ocrx_word' id='word_1_262' title='bbox 509 3691 556 3744; x_wconf 82' lang='lat' dir='ltr'><strong>Et:</strong></span> <span class='ocrx_word' id='word_1_263' title='bbox 583 3691 658 3756; x_wconf 84' lang='lat' dir='ltr'><strong>„ch</strong></span> <span class='ocrx_word' id='word_1_264' title='bbox 677 3706 725 3743; x_wconf 83' lang='lat' dir='ltr'><strong>sus</strong></span> <span class='ocrx_word' id='word_1_265' title='bbox 743 3691 844 3759; x_wconf 80' lang='lat' dir='ltr'><strong>grstia,</strong></span> <span class='ocrx_word' id='word_1_266' title='bbox 871 3697 902 3744; x_wconf 91' lang='lat' dir='ltr'><strong>ut</strong></span> <span class='ocrx_word' id='word_1_267' title='bbox 920 3707 936 3744; x_wconf 84' lang='lat' dir='ltr'><strong>a</strong></span> <span class='ocrx_word' id='word_1_268' title='bbox 955 3691 1068 3745; x_wconf 87' lang='lat' dir='ltr'><strong>Domino</strong></span> <span class='ocrx_word' id='word_1_269' title='bbox 1086 3692 1161 3760; x_wconf 85' lang='lat' dir='ltr'><strong>Papa</strong></span> <span class='ocrx_word' id='word_1_270' title='bbox 1181 3693 1251 3759; x_wconf 82' lang='lat' dir='ltr'><strong>juris</strong></span> <span class='ocrx_word' id='word_1_271' title='bbox 1271 3699 1299 3746; x_wconf 87' lang='lat' dir='ltr'><strong>st</strong></span> <span class='ocrx_word' id='word_1_272' title='bbox 1316 3692 1386 3758; x_wconf 78' lang='lat' dir='ltr'><strong>aequ</strong></span> <span class='ocrx_word' id='word_1_273' title='bbox 1413 3733 1414 3750; x_wconf 47' lang='lat' dir='ltr'><strong>r</strong></span> 
     </span>
     <span class='ocr_line' id='line_1_33' title="bbox 275 3771 1414 3840; baseline -0.001 -15"><span class='ocrx_word' id='word_1_274' title='bbox 275 3771 423 3825; x_wconf 83' lang='lat' dir='ltr'><strong>vindictam</strong></span> <span class='ocrx_word' id='word_1_275' title='bbox 442 3771 661 3837; x_wconf 81' lang='lat' dir='ltr'><strong>qualemcumque</strong></span> <span class='ocrx_word' id='word_1_276' title='bbox 681 3785 782 3838; x_wconf 83' lang='lat' dir='ltr'><strong>possem</strong></span> <span class='ocrx_word' id='word_1_277' title='bbox 802 3771 947 3838; x_wconf 87' lang='lat' dir='ltr'><strong>impetrare</strong></span> <span class='ocrx_word' id='word_1_278' title='bbox 965 3771 1102 3836; x_wconf 74' lang='lat' dir='ltr'><strong>coutemnit,</strong></span> <span class='ocrx_word' id='word_1_279' title='bbox 1121 3773 1187 3826; x_wconf 89' lang='lat' dir='ltr'><strong>adeo</strong></span> <span class='ocrx_word' id='word_1_280' title='bbox 1200 3779 1232 3826; x_wconf 90' lang='lat' dir='ltr'><strong>ut</strong></span> <span class='ocrx_word' id='word_1_281' title='bbox 1246 3789 1297 3828; x_wconf 93' lang='lat' dir='ltr'><strong>non</strong></span> <span class='ocrx_word' id='word_1_282' title='bbox 1309 3771 1387 3826; x_wconf 78' lang='lat' dir='ltr'><strong>solium</strong></span> <span class='ocrx_word' id='word_1_283' title='bbox 1413 3835 1414 3840; x_wconf 7' lang='grc' dir='ltr'>ἵ</span> 
     </span>
     <span class='ocr_line' id='line_1_34' title="bbox 275 3851 1414 3921; baseline -0.001 -15"><span class='ocrx_word' id='word_1_284' title='bbox 275 3853 308 3906; x_wconf 82' lang='lat' dir='ltr'><strong>ad</strong></span> <span class='ocrx_word' id='word_1_285' title='bbox 328 3867 485 3906; x_wconf 88' lang='lat' dir='ltr'><strong>consensum</strong></span> <span class='ocrx_word' id='word_1_286' title='bbox 505 3851 638 3914; x_wconf 83' lang='lat' dir='ltr'><strong>inclinari,</strong></span> <span class='ocrx_word' id='word_1_287' title='bbox 657 3851 703 3905; x_wconf 86' lang='lat' dir='ltr'><strong>sed</strong></span> <span class='ocrx_word' id='word_1_288' title='bbox 722 3851 805 3905; x_wconf 73' lang='lat' dir='ltr'><strong>enam</strong></span> <span class='ocrx_word' id='word_1_289' title='bbox 824 3852 955 3918; x_wconf 85' lang='lat' dir='ltr'><strong>spondere</strong></span> <span class='ocrx_word' id='word_1_290' title='bbox 973 3851 1038 3905; x_wconf 89' lang='lat' dir='ltr'><strong>mihi</strong></span> <span class='ocrx_word' id='word_1_291' title='bbox 1058 3852 1219 3921; x_wconf 77' lang='lat' dir='ltr'><strong>dignaretur</strong></span> <span class='ocrx_word' id='word_1_292' title='bbox 1238 3853 1384 3907; x_wconf 50' lang='lat' dir='ltr'><strong>auxilians</strong></span> <span class='ocrx_word' id='word_1_293' title='bbox 1413 3855 1414 3878; x_wconf 66' lang='lat'>¹</span> 
     </span>
     <span class='ocr_line' id='line_1_35' title="bbox 275 3931 1414 4000; baseline -0.003 -14"><span class='ocrx_word' id='word_1_294' title='bbox 275 3932 341 3986; x_wconf 80' lang='lat' dir='ltr'><strong>Vite</strong></span> <span class='ocrx_word' id='word_1_295' title='bbox 358 3937 468 3986; x_wconf 88' lang='lat' dir='ltr'><strong>auctore</strong></span> <span class='ocrx_word' id='word_1_296' title='bbox 487 3931 633 3985; x_wconf 87' lang='lat' dir='ltr'><strong>Benedicta</strong></span> <span class='ocrx_word' id='word_1_297' title='bbox 652 3931 866 4000; x_wconf 80' lang='lat' dir='ltr'><strong>Petriburgensi,</strong></span> <span class='ocrx_word' id='word_1_298' title='bbox 895 3931 969 3986; x_wconf 82' lang='lat' dir='ltr'><strong>Giles</strong></span> <span class='ocrx_word' id='word_1_299' title='bbox 988 3931 1024 3986; x_wconf 88' lang='lat'><strong>11.</strong></span> <span class='ocrx_word' id='word_1_300' title='bbox 1045 3933 1084 3984; x_wconf 45' lang='lat'><strong>592</strong></span> <span class='ocrx_word' id='word_1_301' title='bbox 1113 3963 1145 3972; x_wconf 99' lang='lat'>-</span> <span class='ocrx_word' id='word_1_302' title='bbox 1171 3933 1252 3990; x_wconf 80' lang='lat' dir='ltr'><strong>Haud</strong></span> <span class='ocrx_word' id='word_1_303' title='bbox 1271 3939 1386 3988; x_wconf 80' lang='lat' dir='ltr'><strong>amunte</strong></span> <span class='ocrx_word' id='word_1_304' title='bbox 1413 3949 1414 3974; x_wconf 67' lang='lat' dir='ltr'><strong>r</strong></span> 
     </span>
     <span class='ocr_line' id='line_1_36' title="bbox 274 4011 1414 4074; baseline 0.002 -10"><span class='ocrx_word' id='word_1_305' title='bbox 274 4020 364 4066; x_wconf 88' lang='lat' dir='ltr'><strong>tamen</strong></span> <span class='ocrx_word' id='word_1_306' title='bbox 383 4011 490 4065; x_wconf 82' lang='lat' dir='ltr'><strong>Natalis</strong></span> <span class='ocrx_word' id='word_1_307' title='bbox 509 4011 585 4066; x_wconf 81' lang='lat' dir='ltr'><strong>Alex.</strong></span> <span class='ocrx_word' id='word_1_308' title='bbox 606 4011 634 4064; x_wconf 93' lang='lat' dir='ltr'><strong>in</strong></span> <span class='ocrx_word' id='word_1_309' title='bbox 644 4011 756 4065; x_wconf 88' lang='lat' dir='ltr'><strong>Dissert.</strong></span> <span class='ocrx_word' id='word_1_310' title='bbox 776 4011 820 4064; x_wconf 90' lang='lat' dir='ltr'><strong>cit.</strong></span> <span class='ocrx_word' id='word_1_311' title='bbox 842 4019 894 4068; x_wconf 88' lang='lat' dir='ltr'><strong>art.</strong></span> <span class='ocrx_word' id='word_1_312' title='bbox 913 4013 938 4074; x_wconf 82' lang='lat'><strong>8,</strong></span> <span class='ocrx_word' id='word_1_313' title='bbox 958 4021 987 4066; x_wconf 90' lang='lat' dir='ltr'><strong>et</strong></span> <span class='ocrx_word' id='word_1_314' title='bbox 1005 4011 1100 4066; x_wconf 87' lang='lat' dir='ltr'><strong>Palma</strong></span> <span class='ocrx_word' id='word_1_315' title='bbox 1118 4013 1262 4070; x_wconf 83' lang='lat' dir='ltr'><strong>Praelect..</strong></span> <span class='ocrx_word' id='word_1_316' title='bbox 1276 4013 1384 4066; x_wconf 78' lang='lat' dir='ltr'><strong>&#39;Dissert</strong></span> <span class='ocrx_word' id='word_1_317' title='bbox 1413 4019 1414 4066; x_wconf 50' lang='lat' dir='ltr'><strong>i</strong></span> 
     </span>
     <span class='ocr_line' id='line_1_37' title="bbox 273 4089 1385 4160; baseline -0.004 -15"><span class='ocrx_word' id='word_1_318' title='bbox 273 4093 344 4146; x_wconf 89' lang='lat' dir='ltr'><strong>des.</strong></span> <span class='ocrx_word' id='word_1_319' title='bbox 364 4091 473 4154; x_wconf 81' lang='lat' dir='ltr'><strong>Thomu,</strong></span> <span class='ocrx_word' id='word_1_320' title='bbox 499 4090 627 4156; x_wconf 86' lang='lat' dir='ltr'><strong>scribunt,</strong></span> <span class='ocrx_word' id='word_1_321' title='bbox 657 4107 747 4160; x_wconf 86' lang='lat' dir='ltr'><strong>regem</strong></span> <span class='ocrx_word' id='word_1_322' title='bbox 771 4091 932 4146; x_wconf 86' lang='lat' dir='ltr'><strong>concessisse</strong></span> <span class='ocrx_word' id='word_1_323' title='bbox 951 4107 981 4145; x_wconf 89' lang='lat' dir='ltr'><strong>eo</strong></span> <span class='ocrx_word' id='word_1_324' title='bbox 1001 4091 1051 4156; x_wconf 86' lang='lat' dir='ltr'><strong>die,</strong></span> <span class='ocrx_word' id='word_1_325' title='bbox 1079 4098 1112 4145; x_wconf 91' lang='lat' dir='ltr'><strong>ut</strong></span> <span class='ocrx_word' id='word_1_326' title='bbox 1139 4093 1236 4148; x_wconf 90' lang='lat' dir='ltr'><strong>summi</strong></span> <span class='ocrx_word' id='word_1_327' title='bbox 1257 4089 1385 4148; x_wconf 82' lang='lat' dir='ltr'><strong>Pontificis</strong></span> 
     </span>
     <span class='ocr_line' id='line_1_38' title="bbox 272 4169 1414 4239; baseline -0.007 -13"><span class='ocrx_word' id='word_1_328' title='bbox 272 4171 410 4226; x_wconf 83' lang='lat' dir='ltr'><strong>sententia</strong></span> <span class='ocrx_word' id='word_1_329' title='bbox 440 4172 469 4225; x_wconf 91' lang='lat' dir='ltr'><strong>in</strong></span> <span class='ocrx_word' id='word_1_330' title='bbox 500 4171 559 4224; x_wconf 84' lang='lat' dir='ltr'><strong>illos</strong></span> <span class='ocrx_word' id='word_1_331' title='bbox 588 4170 723 4239; x_wconf 85' lang='lat' dir='ltr'><strong>episcopos</strong></span> <span class='ocrx_word' id='word_1_332' title='bbox 751 4170 902 4225; x_wconf 84' lang='lat' dir='ltr'><strong>execrrtioni</strong></span> <span class='ocrx_word' id='word_1_333' title='bbox 931 4171 1114 4227; x_wconf 83' lang='lat' dir='ltr'><strong>mandaretur.</strong></span> <span class='ocrx_word' id='word_1_334' title='bbox 1151 4173 1294 4227; x_wconf 76' lang='lat' dir='ltr'><strong>Sententia</strong></span> <span class='ocrx_word' id='word_1_335' title='bbox 1320 4169 1384 4223; x_wconf 85' lang='lat' dir='ltr'><strong>enirn</strong></span> <span class='ocrx_word' id='word_1_336' title='bbox 1413 4179 1414 4184; x_wconf 50' lang='lat'>¹</span> 
     </span>
    </p>
   </div>
   <div class='ocr_carea' id='block_1_7' title="bbox 272 4252 632 4306">
    <p class='ocr_par' dir='ltr' id='par_1_17' title="bbox 272 4252 632 4306">
     <span class='ocr_line' id='line_1_39' title="bbox 272 4252 632 4306; baseline -0.003 -2"><span class='ocrx_word' id='word_1_337' title='bbox 272 4259 337 4306; x_wconf 87' lang='lat' dir='ltr'><strong>tunc</strong></span> <span class='ocrx_word' id='word_1_338' title='bbox 355 4252 470 4306; x_wconf 88' lang='lat' dir='ltr'><strong>nondum</strong></span> <span class='ocrx_word' id='word_1_339' title='bbox 490 4252 547 4304; x_wconf 88' lang='lat' dir='ltr'><strong>lats</strong></span> <span class='ocrx_word' id='word_1_340' title='bbox 565 4259 632 4304; x_wconf 86' lang='lat' dir='ltr'><strong>erat.</strong></span> 
     </span>
    </p>
   </div>
   <div class='ocr_carea' id='block_1_8' title="bbox 0 0 1434 4834">
    <p class='ocr_par' dir='ltr' id='par_1_18' title="bbox 0 0 1434 4834">
     <span class='ocr_line' id='line_1_40' title="bbox 0 0 1434 4834; baseline 0 6"><span class='ocrx_word' id='word_1_341' title='bbox 0 0 1434 4834; x_wconf 95' lang='lat' dir='ltr'><strong> </strong></span> 
     </span>
    </p>
   </div>
  </div>
 </body>
</html>
