2916 4842
325 507 447 560 Eventus
465 511 527 574 post
545 519 637 573 parem
656 504 821 559 restitutam.
1092 505 1142 559 147

53 651 199 717 Roncdiae
224 647 393 738 quondam
418 649 525 730 editis,
557 647 790 712 confoederata
822 649 1004 734 municipia
1027 647 1144 712 Italiae

52 752 198 836 superioris
223 747 358 813 vasallis
382 749 598 834 aequiparata
627 756 714 825 sunt,
744 746 928 832 horumque
960 748 1040 833 ipsis
1066 747 1145 834 jura

51 870 195 930 concessa3
220 846 321 912 simul
347 868 502 932 suprema
520 845 600 931 jura
622 843 808 930 imperialia
831 855 962 909 servata
985 845 1087 927 fuero,
1112 855 1146 909 et

50 971 90 1032 pro
110 946 254 1012 ecclesiis
278 967 318 1008 ea
340 953 472 1027 statuta,
497 965 583 1029 quae
606 941 678 1029 jam
702 944 737 1007 in
762 941 969 1008 Concordato
995 944 1144 1008 Worma-

49 1048 120 1110 aeusi
150 1053 249 1132 pacta
278 1052 382 1108 erant.
436 1041 589 1105 Veronae
621 1041 764 1122 Lucius,
799 1040 969 1105 Friderico
1003 1040 1314 1146 multumfotffedffbfg·

48 1155 198 1223 annuente,
232 1141 365 1206 decreta
389 1141 498 1204 emisit
522 1148 636 1203 contra
659 1137 812 1204 haereses
842 1141 876 1205 in
907 1139 1004 1205 ltalia
1039 1143 1145 1227 magis
1308 1132 1315 1145 ⁸

48 1245 194 1328 magisque
218 1248 397 1325 serpentes,
430 1237 552 1302 similia
583 1235 648 1300 illis
680 1258 764 1322 quae
789 1239 824 1300 in
848 1237 987 1302 concilio
1011 1239 1144 1304 Latera-

48 1343 119 1404 nensi
141 1338 278 1404 condita
301 1348 405 1419 erant,
430 1359 470 1401 ae
483 1337 576 1400 varia
600 1337 733 1420 negotia
758 1357 833 1400 cum
851 1337 1055 1422 Imperatore
1077 1336 1146 1402 feli·

45 1439 108 1500 citer
128 1436 301 1523 disposuit.
348 1433 415 1500 Sed
439 1433 549 1521 quoad
581 1431 693 1518 aliqua
718 1435 828 1519 capita
857 1433 1016 1499 dissensio
1049 1458 1145 1522 quae·

46 1535 102 1598 dam
114 1536 264 1621 perstitit
294 1533 490 1597 Tractabant
512 1533 596 1596 inter
618 1554 650 1594 se
667 1530 813 1616 dominas
829 1533 931 1618 Papa,
956 1533 1072 1598 scribit
1087 1535 1146 1600 Ar-

47 1634 138 1698 noldus
148 1632 366 1712 Lubeeensis,
381 1641 411 1696 et
426 1632 603 1718 Imperator
622 1629 660 1691 de
670 1630 867 1714 patrimonio
881 1630 1027 1696 dominae
1044 1633 1145 1698 Mecl-

48 1731 122 1810 nldis,
144 1743 311 1794 matronae
334 1727 561 1807 nobilissimae,
586 1726 670 1812 prod
692 1728 871 1814 Imperator·
894 1730 929 1793 in
945 1735 1146 1816 possessione

44 1829 161 1910 misici,
188 1828 306 1908 dicens,
338 1827 378 1890 ab
402 1827 511 1890 eadem
533 1825 666 1912 imperio
700 1825 858 1904 collatum,
891 1823 967 1891 ete
1000 1851 1145 1896 converso
1187 1855 1191 1864 ·

44 1927 169 1992 dominns
203 1927 295 2012 Papa
326 1925 396 1988 sedi
426 1923 631 2011 Apostolicae
667 1920 706 1985 ab
742 1946 780 1986 ea
809 1924 920 1988 datum
951 1924 1145 2012 affirmabat.

45 2023 158 2112 (Jamque
184 2028 218 2089 in
243 2033 458 2109 orpamentnm
468 2021 634 2108 probandi
650 2023 828 2108 testamenti
851 2045 890 2085 ea
905 2034 1038 2108 atraque
1050 2038 1146 2112 porte

41 2123 191 2210 pricilepia
202 2121 454 2208 porrigerentur,
478 2119 638 2202 nnlloflne
657 2142 755 2184 cansa
771 2121 942 2185 terminata
958 2133 1013 2186 est.
1044 2122 1146 2189 Aliost

44 2233 123 2285 temen
146 2219 305 2284 arbelam
318 2219 483 2305 nepotiani,
508 2219 592 2304 qnod
607 2221 778 2284 marimum
792 2228 822 2281 et
834 2221 1041 2306 praeeipuam
1057 2235 1145 2289 erat:

44 2317 67 2379 dc
88 2319 233 2384 electione
260 2317 450 2381 Trevirensi.
489 2314 651 2401 Siquidem
675 2315 857 2402 metropolis
876 2317 1071 2383 Trevirensis
1093 2344 1144 2384 va-

42 2415 131 2494 ndei,
166 2418 202 2480 in
233 2439 296 2501 qua
328 2415 390 2478 duo
422 2412 511 2478 electi
542 2426 651 2480 erant:
691 2415 873 2480 Volcmaras
901 2427 931 2479 et
954 2417 1145 2504 Riedolfiss,

47 2513 213 2580 solemne-as
244 2513 369 2598 quidem
386 2514 482 2598 prior
505 2537 525 2576 a
549 2515 676 2578 seniore
694 2523 792 2601 parte
824 2512 938 2578 electus
961 2525 1014 2578 est.
1061 2516 1146 2580 Rue-

41 2610 129 2698 delsus
152 2636 226 2678 cero
246 2613 411 2698 posterior
442 2635 463 2675 a
489 2621 587 2698 parte
610 2611 789 2696 infirmiori.
846 2609 979 2696 &sumne
1014 2614 1147 2678 schisma

41 2709 106 2772 inter
128 2735 181 2776 eos
203 2721 294 2789 esset,
325 2709 507 2774 Volcmarus
530 2712 623 2796 qnasi
646 2711 684 2773 de
708 2712 861 2774 canonica
885 2709 1032 2774 electione
1050 2735 1145 2798 prae·

39 2829 155 2886 masas,
180 2809 224 2874 ad
247 2808 350 2872 sedem
364 2807 580 2894 Apostolicom
604 2807 789 2894 appellavit,
803 2807 985 2894 Rbedolfas
1008 2832 1078 2873 vero
1103 2811 1148 2874 ad

41 2907 303 2994 imperatoremm
328 2905 469 2970 eorstelit.
518 2903 697 2993 Imperator
721 2927 791 2992 erpo
817 2906 951 2970 audiens
974 2906 1058 2992 qnod
1070 2908 1146 2995 sac-

40 3015 89 3068 am
103 3007 229 3092 fuerat,
248 3014 385 3091 propter
408 3005 634 3072 dissensionem
658 3003 827 3083 electionis,
852 3005 1071 3069 investituram
1095 3007 1146 3072 cle-

41 3101 76 3164 tu
98 3103 271 3188 Riedolfo.
305 3101 508 3189 Apostolicos
524 3105 629 3188 itaque
647 3101 831 3188 affirmabat
842 3112 967 3188 partem
989 3103 1149 3170 Volcmari

39 3214 153 3288 prepter
176 3201 361 3266 eanonicam
391 3200 580 3266 electionem.
627 3201 670 3264 Et
693 3201 871 3286 Imperator
897 3223 958 3285 pro
983 3202 1147 3290 Rhadolfo

43 3311 95 3362 erat
111 3309 248 3386 propter
270 3296 433 3362 electionis
448 3299 683 3363 dissensionem.
731 3296 842 3383 Sicqm
866 3297 906 3360 ab
930 3299 1060 3363 inuicem
1083 3301 1147 3366 dis·

41 3409 190 3475 emerunt,
213 3406 248 3460 ot
270 3397 372 3481 quivis
396 3419 485 3460 snam
505 3407 632 3482 partem
655 3395 773 3459 diceret
789 3417 854 3458 esse
871 3397 1080 3484 justiorem.¹)
1103 3437 1147 3447 -

42 3491 226 3582 muneque
257 3493 321 3557 hac
350 3495 543 3579 quaestione
573 3493 699 3557 Lucius
724 3492 776 3557 III
804 3493 892 3578 quod
916 3493 1044 3579 justum
1076 3507 1148 3560 erat

42 3592 169 3657 urebat.
204 3591 363 3672 Quaestio
388 3592 429 3656 de
453 3590 613 3656 electione
636 3592 827 3656 Trevirensi
844 3591 981 3656 ulterius
998 3592 1147 3660 discussa

42 3687 102 3770 init,
124 3713 183 3755 nec
198 3691 299 3776 hujus
311 3687 483 3754 Pontificis
498 3700 644 3776 tempore
660 3690 847 3754 terminata.
868 3727 904 3737 -
925 3690 1032 3773 Magis
1045 3693 1145 3756 etiam

42 3809 83 3850 res
97 3787 248 3853 turbabat
271 3786 446 3852 insolentia
470 3787 608 3852 Haurici
632 3785 862 3870 adolescentis,
887 3786 945 3851 filii
970 3787 1143 3860 Friderici

43 3881 208 3970 imperator
231 3887 334 3972 petiit,
360 3896 397 3948 ut
419 3884 509 3949 hunc
533 3887 604 3970 ipso
629 3887 764 3950 vivente
787 3884 914 3948 Lucius
941 3886 976 3949 in
1000 3885 1145 3971 Impera·

43 3995 340 4066 toremcoronar013
365 3983 454 4070 quod
479 3983 661 4048 declinavit
683 3982 839 4047 Pontifex
863 4005 1021 4066 asserens,
1055 3984 1145 4050 haud

45 4083 204 4146 convenire
237 4091 272 4145 ut
302 4081 367 4146 dno
396 4083 616 4169 Imperatores
648 4090 836 4166 regnarent.
893 4079 949 4146 Sic
981 4082 1146 4167 quaedam

46 4219 237 4234 *ᾕ-

107 4291 127 4362 ‘l
146 4295 192 4362 dp.
209 4293 370 4360 walterich,
388 4293 426 4350 11.
446 4293 507 4350 669.

987 4384 1037 4437 10*
