<?xml version="1.0" encoding="UTF-8"?>
<!DOCTYPE html PUBLIC "-//W3C//DTD XHTML 1.0 Transitional//EN"
    "http://www.w3.org/TR/xhtml1/DTD/xhtml1-transitional.dtd">
<html xmlns="http://www.w3.org/1999/xhtml" xml:lang="en" lang="en">
 <head>
  <title>
</title>
<meta http-equiv="Content-Type" content="text/html;charset=utf-8" />
  <meta name='ocr-system' content='tesseract 3.04.00' />
  <meta name='ocr-capabilities' content='ocr_page ocr_carea ocr_par ocr_line ocrx_word'/>
</head>
<body>
  <div class='ocr_page' id='page_1' title='image "./dissertationess00junggoog_0407.png"; bbox 0 0 2836 4848; ppageno 0'>
   <div class='ocr_carea' id='block_1_1' title="bbox 285 403 1211 462">
    <p class='ocr_par' dir='ltr' id='par_1_1' title="bbox 285 403 1211 462">
     <span class='ocr_line' id='line_1_1' title="bbox 285 403 1211 462; baseline 0.005 -5"><span class='ocrx_word' id='word_1_1' title='bbox 285 403 337 458; x_wconf 80' lang='lat'>392</span> <span class='ocrx_word' id='word_1_2' title='bbox 473 404 604 461; x_wconf 84' lang='lat' dir='ltr'>XXVIII.</span> <span class='ocrx_word' id='word_1_3' title='bbox 625 405 664 459; x_wconf 87' lang='lat' dir='ltr'>De</span> <span class='ocrx_word' id='word_1_4' title='bbox 683 410 758 460; x_wconf 84' lang='lat' dir='ltr'>statu</span> <span class='ocrx_word' id='word_1_5' title='bbox 777 406 916 460; x_wconf 88' lang='lat' dir='ltr'>societatis</span> <span class='ocrx_word' id='word_1_6' title='bbox 935 406 1027 461; x_wconf 79' lang='lat' dir='ltr'>christ.</span> <span class='ocrx_word' id='word_1_7' title='bbox 1046 423 1116 462; x_wconf 86' lang='lat' dir='ltr'>saec.</span> <span class='ocrx_word' id='word_1_8' title='bbox 1136 407 1211 462; x_wconf 85' lang='grc' dir='ltr'>ΧΙΙΙ.</span> 
     </span>
    </p>
   </div>
   <div class='ocr_carea' id='block_1_2' title="bbox 284 547 1404 1128">
    <p class='ocr_par' dir='ltr' id='par_1_2' title="bbox 284 547 1404 1128">
     <span class='ocr_line' id='line_1_2' title="bbox 284 547 1391 636; baseline 0.004 -26"><span class='ocrx_word' id='word_1_9' title='bbox 284 547 419 612; x_wconf 89' lang='lat' dir='ltr'>fuerunt</span> <span class='ocrx_word' id='word_1_10' title='bbox 441 547 505 612; x_wconf 89' lang='lat' dir='ltr'>hoc</span> <span class='ocrx_word' id='word_1_11' title='bbox 528 547 659 613; x_wconf 89' lang='lat' dir='ltr'>saeculo</span> <span class='ocrx_word' id='word_1_12' title='bbox 677 548 809 614; x_wconf 80' lang='lat' dir='ltr'>ordines</span> <span class='ocrx_word' id='word_1_13' title='bbox 825 549 979 635; x_wconf 84' lang='lat' dir='ltr'>religiosi,</span> <span class='ocrx_word' id='word_1_14' title='bbox 1004 552 1197 636; x_wconf 84' lang='lat' dir='ltr'>praesertim</span> <span class='ocrx_word' id='word_1_15' title='bbox 1219 551 1391 614; x_wconf 84' lang='lat' dir='ltr'>Francisca·</span> 
     </span>
     <span class='ocr_line' id='line_1_3' title="bbox 285 647 1393 730; baseline 0.003 -21"><span class='ocrx_word' id='word_1_16' title='bbox 285 666 402 709; x_wconf 90' lang='lat' dir='ltr'>norum</span> <span class='ocrx_word' id='word_1_17' title='bbox 426 667 466 709; x_wconf 84' lang='lat' dir='ltr'>ac</span> <span class='ocrx_word' id='word_1_18' title='bbox 490 647 802 730; x_wconf 90' lang='lat' dir='ltr'>Dominicanorum,</span> <span class='ocrx_word' id='word_1_19' title='bbox 834 648 919 712; x_wconf 90' lang='lat' dir='ltr'>varii</span> <span class='ocrx_word' id='word_1_20' title='bbox 950 648 1014 711; x_wconf 86' lang='lat' dir='ltr'>viri</span> <span class='ocrx_word' id='word_1_21' title='bbox 1045 659 1116 712; x_wconf 91' lang='lat' dir='ltr'>tum</span> <span class='ocrx_word' id='word_1_22' title='bbox 1147 649 1296 713; x_wconf 80' lang='lat' dir='ltr'>doctrina</span> <span class='ocrx_word' id='word_1_23' title='bbox 1319 649 1393 712; x_wconf 86' lang='lat' dir='ltr'>theo·</span> 
     </span>
     <span class='ocr_line' id='line_1_4' title="bbox 284 741 1404 832; baseline 0.003 -26"><span class='ocrx_word' id='word_1_24' title='bbox 284 741 392 827; x_wconf 82' lang='lat' dir='ltr'>logica</span> <span class='ocrx_word' id='word_1_25' title='bbox 415 753 485 807; x_wconf 91' lang='lat' dir='ltr'>tum</span> <span class='ocrx_word' id='word_1_26' title='bbox 514 744 637 830; x_wconf 86' lang='lat' dir='ltr'>pietate</span> <span class='ocrx_word' id='word_1_27' title='bbox 661 746 786 828; x_wconf 86' lang='lat' dir='ltr'>eximii,</span> <span class='ocrx_word' id='word_1_28' title='bbox 811 747 896 810; x_wconf 91' lang='lat' dir='ltr'>inter</span> <span class='ocrx_word' id='word_1_29' title='bbox 920 768 1002 832; x_wconf 91' lang='lat' dir='ltr'>quos</span> <span class='ocrx_word' id='word_1_30' title='bbox 1026 747 1174 811; x_wconf 84' lang='lat' dir='ltr'>eminent</span> <span class='ocrx_word' id='word_1_31' title='bbox 1198 770 1239 813; x_wconf 87' lang='lat' dir='ltr'>ss.</span> <span class='ocrx_word' id='word_1_32' title='bbox 1264 747 1404 824; x_wconf 75' lang='lat' dir='ltr'>Thomasl</span> 
     </span>
     <span class='ocr_line' id='line_1_5' title="bbox 285 841 1393 930; baseline 0 -25"><span class='ocrx_word' id='word_1_33' title='bbox 285 851 318 905; x_wconf 90' lang='lat' dir='ltr'>et</span> <span class='ocrx_word' id='word_1_34' title='bbox 344 841 590 924; x_wconf 86' lang='lat' dir='ltr'>Bonaventura,</span> <span class='ocrx_word' id='word_1_35' title='bbox 621 841 790 928; x_wconf 78' lang='lat' dir='ltr'>praesules</span> <span class='ocrx_word' id='word_1_36' title='bbox 813 865 880 908; x_wconf 91' lang='lat' dir='ltr'>non</span> <span class='ocrx_word' id='word_1_37' title='bbox 902 846 1001 929; x_wconf 90' lang='lat' dir='ltr'>pauci</span> <span class='ocrx_word' id='word_1_38' title='bbox 1026 844 1208 909; x_wconf 86' lang='lat' dir='ltr'>virtutibus</span> <span class='ocrx_word' id='word_1_39' title='bbox 1230 847 1349 930; x_wconf 85' lang='lat' dir='ltr'>pariter</span> <span class='ocrx_word' id='word_1_40' title='bbox 1369 857 1393 907; x_wconf 86' lang='lat' dir='ltr'>ct</span> 
     </span>
     <span class='ocr_line' id='line_1_6' title="bbox 286 938 1404 1024; baseline 0.002 -22"><span class='ocrx_word' id='word_1_41' title='bbox 286 938 537 1024; x_wconf 91' lang='lat' dir='ltr'>disciplinarum</span> <span class='ocrx_word' id='word_1_42' title='bbox 561 962 729 1004; x_wconf 90' lang='lat' dir='ltr'>sacrarum</span> <span class='ocrx_word' id='word_1_43' title='bbox 754 942 892 1004; x_wconf 90' lang='lat' dir='ltr'>scientia</span> <span class='ocrx_word' id='word_1_44' title='bbox 909 940 998 1008; x_wconf 88' lang='lat' dir='ltr'>clari.</span> <span class='ocrx_word' id='word_1_45' title='bbox 1036 940 1236 1007; x_wconf 85' lang='lat' dir='ltr'>Floruerunt</span> <span class='ocrx_word' id='word_1_46' title='bbox 1252 965 1328 1007; x_wconf 86' lang='lat' dir='ltr'>sane</span> <span class='ocrx_word' id='word_1_47' title='bbox 1343 943 1404 1005; x_wconf 68' lang='lat' dir='ltr'>hant</span> 
     </span>
     <span class='ocr_line' id='line_1_7' title="bbox 284 1033 1404 1128; baseline 0.003 -27"><span class='ocrx_word' id='word_1_48' title='bbox 284 1047 391 1102; x_wconf 83' lang='lat' dir='ltr'>aetate</span> <span class='ocrx_word' id='word_1_49' title='bbox 417 1040 562 1101; x_wconf 82' lang='lat' dir='ltr'>maxime</span> <span class='ocrx_word' id='word_1_50' title='bbox 586 1036 661 1102; x_wconf 87' lang='lat' dir='ltr'>illae</span> <span class='ocrx_word' id='word_1_51' title='bbox 683 1038 866 1103; x_wconf 89' lang='lat' dir='ltr'>litterarum</span> <span class='ocrx_word' id='word_1_52' title='bbox 884 1039 1137 1122; x_wconf 88' lang='lat' dir='ltr'>Universitates,</span> <span class='ocrx_word' id='word_1_53' title='bbox 1162 1063 1247 1127; x_wconf 83' lang='lat' dir='ltr'>quae</span> <span class='ocrx_word' id='word_1_54' title='bbox 1271 1033 1404 1128; x_wconf 74' lang='lat' dir='ltr'>auctori-l</span> 
     </span>
    </p>
   </div>
   <div class='ocr_carea' id='block_1_3' title="bbox 283 1135 1404 4263">
    <p class='ocr_par' dir='ltr' id='par_1_3' title="bbox 285 1135 1404 2240">
     <span class='ocr_line' id='line_1_8' title="bbox 285 1135 1404 1223; baseline -0.001 -23"><span class='ocrx_word' id='word_1_55' title='bbox 285 1145 350 1200; x_wconf 91' lang='lat' dir='ltr'>tate</span> <span class='ocrx_word' id='word_1_56' title='bbox 375 1145 407 1200; x_wconf 91' lang='lat' dir='ltr'>et</span> <span class='ocrx_word' id='word_1_57' title='bbox 431 1136 561 1200; x_wconf 88' lang='lat' dir='ltr'>influxu</span> <span class='ocrx_word' id='word_1_58' title='bbox 578 1135 747 1200; x_wconf 77' lang='lat' dir='ltr'>Ecclesiae</span> <span class='ocrx_word' id='word_1_59' title='bbox 771 1137 1030 1202; x_wconf 80' lang='lat' dir='ltr'>instituebantur</span> <span class='ocrx_word' id='word_1_60' title='bbox 1046 1149 1078 1203; x_wconf 91' lang='lat' dir='ltr'>et</span> <span class='ocrx_word' id='word_1_61' title='bbox 1094 1137 1340 1223; x_wconf 79' lang='lat' dir='ltr'>dirigebantur3</span> <span class='ocrx_word' id='word_1_62' title='bbox 1362 1151 1404 1218; x_wconf 72' lang='lat' dir='ltr'>etl</span> 
     </span>
     <span class='ocr_line' id='line_1_9' title="bbox 285 1219 1404 1320; baseline -0.001 -22"><span class='ocrx_word' id='word_1_63' title='bbox 285 1234 417 1299; x_wconf 85' lang='lat' dir='ltr'>exculta</span> <span class='ocrx_word' id='word_1_64' title='bbox 441 1237 561 1298; x_wconf 89' lang='lat' dir='ltr'>mirum</span> <span class='ocrx_word' id='word_1_65' title='bbox 585 1236 620 1298; x_wconf 93' lang='lat' dir='ltr'>iu</span> <span class='ocrx_word' id='word_1_66' title='bbox 645 1235 780 1300; x_wconf 92' lang='lat' dir='ltr'>modum</span> <span class='ocrx_word' id='word_1_67' title='bbox 810 1234 976 1320; x_wconf 87' lang='lat' dir='ltr'>theologia</span> <span class='ocrx_word' id='word_1_68' title='bbox 1007 1236 1218 1318; x_wconf 89' lang='lat' dir='ltr'>scholastica,</span> <span class='ocrx_word' id='word_1_69' title='bbox 1250 1219 1404 1300; x_wconf 78' lang='lat' dir='ltr'>collectisl</span> 
     </span>
     <span class='ocr_line' id='line_1_10' title="bbox 285 1333 1393 1419; baseline -0.001 -23"><span class='ocrx_word' id='word_1_70' title='bbox 285 1355 349 1419; x_wconf 91' lang='lat' dir='ltr'>que</span> <span class='ocrx_word' id='word_1_71' title='bbox 373 1343 405 1397; x_wconf 90' lang='lat' dir='ltr'>et</span> <span class='ocrx_word' id='word_1_72' title='bbox 429 1333 588 1417; x_wconf 86' lang='lat' dir='ltr'>ordinatis</span> <span class='ocrx_word' id='word_1_73' title='bbox 612 1334 835 1398; x_wconf 86' lang='lat' dir='ltr'>Romanorum</span> <span class='ocrx_word' id='word_1_74' title='bbox 859 1334 1060 1399; x_wconf 88' lang='lat' dir='ltr'>Pontificum</span> <span class='ocrx_word' id='word_1_75' title='bbox 1084 1333 1331 1416; x_wconf 84' lang='lat' dir='ltr'>Decretalibus,</span> <span class='ocrx_word' id='word_1_76' title='bbox 1356 1355 1393 1395; x_wconf 90' lang='lat' dir='ltr'>ss·</span> 
     </span>
     <span class='ocr_line' id='line_1_11' title="bbox 285 1430 1393 1516; baseline -0.002 -22"><span class='ocrx_word' id='word_1_77' title='bbox 285 1453 360 1494; x_wconf 91' lang='lat' dir='ltr'>crae</span> <span class='ocrx_word' id='word_1_78' title='bbox 385 1430 581 1516; x_wconf 89' lang='lat' dir='ltr'>disciplinae</span> <span class='ocrx_word' id='word_1_79' title='bbox 597 1433 643 1494; x_wconf 85' lang='lat' dir='ltr'>ita</span> <span class='ocrx_word' id='word_1_80' title='bbox 659 1441 826 1516; x_wconf 83' lang='lat' dir='ltr'>promotae</span> <span class='ocrx_word' id='word_1_81' title='bbox 845 1441 932 1516; x_wconf 91' lang='lat' dir='ltr'>sunt,</span> <span class='ocrx_word' id='word_1_82' title='bbox 957 1443 993 1496; x_wconf 92' lang='lat' dir='ltr'>ut</span> <span class='ocrx_word' id='word_1_83' title='bbox 1009 1432 1088 1497; x_wconf 92' lang='lat' dir='ltr'>inde</span> <span class='ocrx_word' id='word_1_84' title='bbox 1103 1455 1123 1498; x_wconf 86' lang='lat' dir='ltr'>a</span> <span class='ocrx_word' id='word_1_85' title='bbox 1137 1434 1276 1496; x_wconf 92' lang='lat' dir='ltr'>Patrum</span> <span class='ocrx_word' id='word_1_86' title='bbox 1293 1441 1393 1506; x_wconf 82' lang='lat' dir='ltr'>aetate,</span> 
     </span>
     <span class='ocr_line' id='line_1_12' title="bbox 285 1529 1393 1615; baseline -0.002 -22"><span class='ocrx_word' id='word_1_87' title='bbox 285 1529 452 1594; x_wconf 87' lang='lat' dir='ltr'>decimum</span> <span class='ocrx_word' id='word_1_88' title='bbox 482 1531 616 1593; x_wconf 88' lang='lat' dir='ltr'>tertium</span> <span class='ocrx_word' id='word_1_89' title='bbox 640 1529 808 1593; x_wconf 85' lang='lat' dir='ltr'>saeculum</span> <span class='ocrx_word' id='word_1_90' title='bbox 839 1529 1116 1615; x_wconf 81' lang='lat' dir='ltr'>praecedentibus</span> <span class='ocrx_word' id='word_1_91' title='bbox 1148 1529 1291 1594; x_wconf 87' lang='lat' dir='ltr'>multum</span> <span class='ocrx_word' id='word_1_92' title='bbox 1321 1542 1393 1592; x_wconf 83' lang='lat' dir='ltr'>ante·</span> 
     </span>
     <span class='ocr_line' id='line_1_13' title="bbox 285 1627 1394 1715; baseline 0.002 -23"><span class='ocrx_word' id='word_1_93' title='bbox 285 1627 403 1692; x_wconf 88' lang='lat' dir='ltr'>cellere</span> <span class='ocrx_word' id='word_1_94' title='bbox 427 1627 590 1692; x_wconf 85' lang='lat' dir='ltr'>videatur.</span> <span class='ocrx_word' id='word_1_95' title='bbox 638 1629 777 1692; x_wconf 92' lang='lat' dir='ltr'>Interitu</span> <span class='ocrx_word' id='word_1_96' title='bbox 792 1627 928 1714; x_wconf 90' lang='lat' dir='ltr'>quidem</span> <span class='ocrx_word' id='word_1_97' title='bbox 939 1629 1076 1715; x_wconf 88' lang='lat' dir='ltr'>Imperii</span> <span class='ocrx_word' id='word_1_98' title='bbox 1098 1629 1195 1694; x_wconf 87' lang='lat' dir='ltr'>latini</span> <span class='ocrx_word' id='word_1_99' title='bbox 1211 1630 1248 1692; x_wconf 92' lang='lat' dir='ltr'>in</span> <span class='ocrx_word' id='word_1_100' title='bbox 1264 1627 1394 1694; x_wconf 84' lang='lat' dir='ltr'>Oriente.</span> 
     </span>
     <span class='ocr_line' id='line_1_14' title="bbox 285 1725 1394 1813; baseline -0.004 -23"><span class='ocrx_word' id='word_1_101' title='bbox 285 1738 318 1790; x_wconf 91' lang='lat' dir='ltr'>et</span> <span class='ocrx_word' id='word_1_102' title='bbox 340 1725 501 1790; x_wconf 90' lang='lat' dir='ltr'>bellorum</span> <span class='ocrx_word' id='word_1_103' title='bbox 526 1748 694 1791; x_wconf 87' lang='lat' dir='ltr'>sacrorum</span> <span class='ocrx_word' id='word_1_104' title='bbox 717 1728 809 1790; x_wconf 86' lang='lat' dir='ltr'>exitu</span> <span class='ocrx_word' id='word_1_105' title='bbox 833 1726 968 1810; x_wconf 83' lang='lat' dir='ltr'>infelici,</span> <span class='ocrx_word' id='word_1_106' title='bbox 994 1730 1127 1812; x_wconf 88' lang='lat' dir='ltr'>piorum</span> <span class='ocrx_word' id='word_1_107' title='bbox 1152 1749 1227 1813; x_wconf 89' lang='lat' dir='ltr'>spes</span> <span class='ocrx_word' id='word_1_108' title='bbox 1254 1727 1297 1791; x_wconf 81' lang='lat' dir='ltr'>de</span> <span class='ocrx_word' id='word_1_109' title='bbox 1318 1748 1394 1788; x_wconf 85' lang='lat' dir='ltr'>recu·</span> 
     </span>
     <span class='ocr_line' id='line_1_15' title="bbox 285 1822 1394 1910; baseline -0.003 -23"><span class='ocrx_word' id='word_1_110' title='bbox 285 1822 433 1910; x_wconf 90' lang='lat' dir='ltr'>peranda</span> <span class='ocrx_word' id='word_1_111' title='bbox 463 1834 550 1888; x_wconf 92' lang='lat' dir='ltr'>terra</span> <span class='ocrx_word' id='word_1_112' title='bbox 581 1835 695 1888; x_wconf 86' lang='lat' dir='ltr'>sancta</span> <span class='ocrx_word' id='word_1_113' title='bbox 723 1825 938 1890; x_wconf 88' lang='lat' dir='ltr'>vehementer</span> <span class='ocrx_word' id='word_1_114' title='bbox 960 1827 1074 1889; x_wconf 82' lang='lat' dir='ltr'>attrita</span> <span class='ocrx_word' id='word_1_115' title='bbox 1097 1826 1179 1904; x_wconf 80' lang='lat' dir='ltr'>fuit3</span> <span class='ocrx_word' id='word_1_116' title='bbox 1204 1825 1265 1889; x_wconf 90' lang='lat' dir='ltr'>sed</span> <span class='ocrx_word' id='word_1_117' title='bbox 1288 1825 1394 1887; x_wconf 84' lang='lat' dir='ltr'>unione</span> 
     </span>
     <span class='ocr_line' id='line_1_16' title="bbox 286 1921 1395 2004; baseline -0.003 -18"><span class='ocrx_word' id='word_1_118' title='bbox 286 1945 361 1986; x_wconf 90' lang='lat' dir='ltr'>cum</span> <span class='ocrx_word' id='word_1_119' title='bbox 386 1921 523 1986; x_wconf 86' lang='lat' dir='ltr'>Graecis</span> <span class='ocrx_word' id='word_1_120' title='bbox 547 1924 708 2004; x_wconf 90' lang='lat' dir='ltr'>restituta,</span> <span class='ocrx_word' id='word_1_121' title='bbox 732 1924 890 1986; x_wconf 80' lang='lat' dir='ltr'>aerariis</span> <span class='ocrx_word' id='word_1_122' title='bbox 915 1921 1075 1987; x_wconf 77' lang='lat' dir='ltr'>Consiliis</span> <span class='ocrx_word' id='word_1_123' title='bbox 1099 1925 1323 1987; x_wconf 87' lang='lat' dir='ltr'>oecumenicis</span> <span class='ocrx_word' id='word_1_124' title='bbox 1345 1922 1395 1984; x_wconf 91' lang='lat' dir='ltr'>hoc</span> 
     </span>
     <span class='ocr_line' id='line_1_17' title="bbox 285 2019 1404 2107; baseline -0.004 -21"><span class='ocrx_word' id='word_1_125' title='bbox 285 2020 416 2086; x_wconf 82' lang='lat' dir='ltr'>saeculo</span> <span class='ocrx_word' id='word_1_126' title='bbox 441 2019 625 2102; x_wconf 89' lang='lat' dir='ltr'>celebratis,</span> <span class='ocrx_word' id='word_1_127' title='bbox 659 2021 809 2085; x_wconf 81' lang='lat' dir='ltr'>Ecclesia</span> <span class='ocrx_word' id='word_1_128' title='bbox 833 2021 991 2106; x_wconf 83' lang='lat' dir='ltr'>singulari</span> <span class='ocrx_word' id='word_1_129' title='bbox 1016 2020 1332 2107; x_wconf 85' lang='lat' dir='ltr'>splendore&#39;ornata</span> <span class='ocrx_word' id='word_1_130' title='bbox 1353 2041 1404 2104; x_wconf 56' lang='lat' dir='ltr'>apg</span> 
     </span>
     <span class='ocr_line' id='line_1_18' title="bbox 286 2121 405 2205; baseline -0.004 -22"><span class='ocrx_word' id='word_1_131' title='bbox 286 2121 405 2205; x_wconf 88' lang='lat' dir='ltr'>paruit.</span> 
     </span>
    </p>

    <p class='ocr_par' dir='ltr' id='par_1_4' title="bbox 283 2215 1404 3284">
     <span class='ocr_line' id='line_1_19' title="bbox 374 2215 1396 2302; baseline -0.008 -20"><span class='ocrx_word' id='word_1_132' title='bbox 374 2217 405 2282; x_wconf 88' lang='lat'>3.</span> <span class='ocrx_word' id='word_1_133' title='bbox 434 2216 547 2280; x_wconf 90' lang='lat' dir='ltr'>Altero</span> <span class='ocrx_word' id='word_1_134' title='bbox 572 2226 683 2280; x_wconf 87' lang='lat' dir='ltr'>autem</span> <span class='ocrx_word' id='word_1_135' title='bbox 707 2215 806 2302; x_wconf 89' lang='lat' dir='ltr'>hujus</span> <span class='ocrx_word' id='word_1_136' title='bbox 830 2215 952 2282; x_wconf 88' lang='lat' dir='ltr'>saeculi</span> <span class='ocrx_word' id='word_1_137' title='bbox 979 2215 1088 2280; x_wconf 91' lang='lat' dir='ltr'>medio</span> <span class='ocrx_word' id='word_1_138' title='bbox 1112 2217 1216 2280; x_wconf 86' lang='lat' dir='ltr'>variis</span> <span class='ocrx_word' id='word_1_139' title='bbox 1238 2217 1275 2279; x_wconf 91' lang='lat' dir='ltr'>in</span> <span class='ocrx_word' id='word_1_140' title='bbox 1300 2215 1396 2297; x_wconf 83' lang='lat' dir='ltr'>regnis</span> 
     </span>
     <span class='ocr_line' id='line_1_20' title="bbox 286 2310 1395 2398; baseline -0.005 -20"><span class='ocrx_word' id='word_1_141' title='bbox 286 2314 484 2398; x_wconf 87' lang='lat' dir='ltr'>christianis,</span> <span class='ocrx_word' id='word_1_142' title='bbox 511 2315 655 2378; x_wconf 83' lang='lat' dir='ltr'>maxime</span> <span class='ocrx_word' id='word_1_143' title='bbox 678 2336 757 2379; x_wconf 85' lang='lat' dir='ltr'>vero</span> <span class='ocrx_word' id='word_1_144' title='bbox 782 2317 816 2378; x_wconf 93' lang='lat' dir='ltr'>in</span> <span class='ocrx_word' id='word_1_145' title='bbox 841 2313 1032 2396; x_wconf 83' lang='lat' dir='ltr'>Germania,</span> <span class='ocrx_word' id='word_1_146' title='bbox 1056 2313 1153 2378; x_wconf 85' lang='lat' dir='ltr'>Italia</span> <span class='ocrx_word' id='word_1_147' title='bbox 1169 2324 1271 2398; x_wconf 86' lang='lat' dir='ltr'>atque</span> <span class='ocrx_word' id='word_1_148' title='bbox 1286 2310 1395 2390; x_wconf 81' lang='lat' dir='ltr'>Sicilia,</span> 
     </span>
     <span class='ocr_line' id='line_1_21' title="bbox 283 2411 1404 2498; baseline -0.005 -20"><span class='ocrx_word' id='word_1_149' title='bbox 283 2411 488 2498; x_wconf 87' lang='lat' dir='ltr'>perturbatio</span> <span class='ocrx_word' id='word_1_150' title='bbox 505 2411 850 2498; x_wconf 86' lang='lat' dir='ltr'>rerumpublicarum,</span> <span class='ocrx_word' id='word_1_151' title='bbox 875 2411 1071 2492; x_wconf 88' lang='lat' dir='ltr'>discordiae,</span> <span class='ocrx_word' id='word_1_152' title='bbox 1096 2433 1137 2476; x_wconf 91' lang='lat' dir='ltr'>ac</span> <span class='ocrx_word' id='word_1_153' title='bbox 1150 2411 1314 2476; x_wconf 89' lang='lat' dir='ltr'>factiones</span> <span class='ocrx_word' id='word_1_154' title='bbox 1338 2429 1404 2495; x_wconf 51' lang='lat' dir='ltr'>per-t</span> 
     </span>
     <span class='ocr_line' id='line_1_22' title="bbox 286 2501 1404 2594; baseline -0.004 -20"><span class='ocrx_word' id='word_1_155' title='bbox 286 2511 432 2574; x_wconf 90' lang='lat' dir='ltr'>niciosae</span> <span class='ocrx_word' id='word_1_156' title='bbox 457 2520 591 2574; x_wconf 70' lang='lat' dir='ltr'>oxomae</span> <span class='ocrx_word' id='word_1_157' title='bbox 615 2521 701 2576; x_wconf 90' lang='lat' dir='ltr'>sunt.</span> <span class='ocrx_word' id='word_1_158' title='bbox 750 2507 996 2575; x_wconf 80' lang='lat' dir='ltr'>Commotiones</span> <span class='ocrx_word' id='word_1_159' title='bbox 1019 2530 1151 2594; x_wconf 92' lang='lat' dir='ltr'>quoque</span> <span class='ocrx_word' id='word_1_160' title='bbox 1174 2510 1349 2572; x_wconf 85' lang='lat' dir='ltr'>intestinae</span> <span class='ocrx_word' id='word_1_161' title='bbox 1369 2501 1404 2592; x_wconf 77' lang='lat' dir='ltr'>iul</span> 
     </span>
     <span class='ocr_line' id='line_1_23' title="bbox 286 2593 1404 2680; baseline -0.004 -8"><span class='ocrx_word' id='word_1_162' title='bbox 286 2608 401 2673; x_wconf 90' lang='lat' dir='ltr'>ordine</span> <span class='ocrx_word' id='word_1_163' title='bbox 418 2609 717 2674; x_wconf 86' lang='lat' dir='ltr'>Francisoanorum</span> <span class='ocrx_word' id='word_1_164' title='bbox 734 2607 947 2673; x_wconf 83' lang='lat' dir='ltr'>difficultates</span> <span class='ocrx_word' id='word_1_165' title='bbox 960 2616 1158 2672; x_wconf 88' lang='lat' dir='ltr'>creaverunt</span> <span class='ocrx_word' id='word_1_166' title='bbox 1171 2593 1404 2680; x_wconf 77' lang='lat' dir='ltr'>Pontificibus3l</span> 
     </span>
     <span class='ocr_line' id='line_1_24' title="bbox 285 2697 1404 2791; baseline -0.008 -19"><span class='ocrx_word' id='word_1_167' title='bbox 285 2708 385 2772; x_wconf 86' lang='lat' dir='ltr'>etiam</span> <span class='ocrx_word' id='word_1_168' title='bbox 417 2706 608 2771; x_wconf 87' lang='lat' dir='ltr'>veneranda</span> <span class='ocrx_word' id='word_1_169' title='bbox 646 2709 824 2772; x_wconf 86' lang='lat' dir='ltr'>auctoritas</span> <span class='ocrx_word' id='word_1_170' title='bbox 855 2706 951 2772; x_wconf 86' lang='lat' dir='ltr'>Sedis</span> <span class='ocrx_word' id='word_1_171' title='bbox 984 2703 1196 2791; x_wconf 86' lang='lat' dir='ltr'>Apostolicae</span> <span class='ocrx_word' id='word_1_172' title='bbox 1234 2706 1336 2768; x_wconf 87' lang='lat' dir='ltr'>variis</span> <span class='ocrx_word' id='word_1_173' title='bbox 1363 2697 1404 2784; x_wconf 79' lang='lat' dir='ltr'>erl</span> 
     </span>
     <span class='ocr_line' id='line_1_25' title="bbox 284 2791 1404 2891; baseline -0.007 -23"><span class='ocrx_word' id='word_1_174' title='bbox 284 2805 393 2870; x_wconf 86' lang='lat' dir='ltr'>causis</span> <span class='ocrx_word' id='word_1_175' title='bbox 441 2804 679 2891; x_wconf 81' lang='lat' dir='ltr'>aliquantisper</span> <span class='ocrx_word' id='word_1_176' title='bbox 716 2805 789 2891; x_wconf 89' lang='lat' dir='ltr'>jam</span> <span class='ocrx_word' id='word_1_177' title='bbox 834 2805 1010 2868; x_wconf 88' lang='lat' dir='ltr'>imminuta</span> <span class='ocrx_word' id='word_1_178' title='bbox 1051 2814 1209 2888; x_wconf 86' lang='lat' dir='ltr'>apparet,</span> <span class='ocrx_word' id='word_1_179' title='bbox 1258 2825 1298 2867; x_wconf 87' lang='lat' dir='ltr'>ac</span> <span class='ocrx_word' id='word_1_180' title='bbox 1336 2791 1404 2886; x_wconf 71' lang='lat' dir='ltr'>postl</span> 
     </span>
     <span class='ocr_line' id='line_1_26' title="bbox 285 2891 1404 2989; baseline -0.005 -22"><span class='ocrx_word' id='word_1_181' title='bbox 285 2902 429 2989; x_wconf 88' lang='lat' dir='ltr'>plurium</span> <span class='ocrx_word' id='word_1_182' title='bbox 459 2903 659 2968; x_wconf 91' lang='lat' dir='ltr'>Pontificum</span> <span class='ocrx_word' id='word_1_183' title='bbox 690 2902 827 2967; x_wconf 88' lang='lat' dir='ltr'>brevem</span> <span class='ocrx_word' id='word_1_184' title='bbox 860 2901 1090 2988; x_wconf 84' lang='lat' dir='ltr'>pontificatum</span> <span class='ocrx_word' id='word_1_185' title='bbox 1123 2899 1344 2964; x_wconf 87' lang='lat' dir='ltr'>dissensiones</span> <span class='ocrx_word' id='word_1_186' title='bbox 1371 2891 1404 2958; x_wconf 61' lang='lat' dir='ltr'>et&#39;</span> 
     </span>
     <span class='ocr_line' id='line_1_27' title="bbox 286 2997 1395 3066; baseline -0.01 0"><span class='ocrx_word' id='word_1_187' title='bbox 286 2999 499 3066; x_wconf 84' lang='lat' dir='ltr'>difficultates</span> <span class='ocrx_word' id='word_1_188' title='bbox 522 3003 557 3066; x_wconf 92' lang='lat' dir='ltr'>in</span> <span class='ocrx_word' id='word_1_189' title='bbox 584 3001 744 3066; x_wconf 90' lang='lat' dir='ltr'>electione</span> <span class='ocrx_word' id='word_1_190' title='bbox 768 3022 994 3065; x_wconf 87' lang='lat' dir='ltr'>successorum</span> <span class='ocrx_word' id='word_1_191' title='bbox 1019 2998 1236 3063; x_wconf 86' lang='lat' dir='ltr'>obvenerunt.</span> <span class='ocrx_word' id='word_1_192' title='bbox 1286 2997 1395 3062; x_wconf 87' lang='lat' dir='ltr'>Versus</span> 
     </span>
     <span class='ocr_line' id='line_1_28' title="bbox 285 3085 1394 3165; baseline -0.011 -1"><span class='ocrx_word' id='word_1_193' title='bbox 285 3099 408 3164; x_wconf 89' lang='lat' dir='ltr'>saeculi</span> <span class='ocrx_word' id='word_1_194' title='bbox 434 3099 533 3163; x_wconf 87' lang='lat' dir='ltr'>finem</span> <span class='ocrx_word' id='word_1_195' title='bbox 559 3100 594 3163; x_wconf 91' lang='lat' dir='ltr'>in</span> <span class='ocrx_word' id='word_1_196' title='bbox 617 3097 737 3164; x_wconf 88' lang='lat' dir='ltr'>Sedem</span> <span class='ocrx_word' id='word_1_197' title='bbox 754 3099 843 3164; x_wconf 90' lang='lat' dir='ltr'>Petri</span> <span class='ocrx_word' id='word_1_198' title='bbox 867 3085 1015 3162; x_wconf 87' lang='lat' dir='ltr'>elevatus</span> <span class='ocrx_word' id='word_1_199' title='bbox 1039 3106 1088 3162; x_wconf 89' lang='lat' dir='ltr'>est</span> <span class='ocrx_word' id='word_1_200' title='bbox 1103 3095 1299 3162; x_wconf 85' lang='lat' dir='ltr'>Bonifaoius</span> <span class='ocrx_word' id='word_1_201' title='bbox 1316 3091 1394 3165; x_wconf 88' lang='lat' dir='ltr'>Vlll,</span> 
     </span>
     <span class='ocr_line' id='line_1_29' title="bbox 286 3196 1276 3284; baseline -0.002 -23"><span class='ocrx_word' id='word_1_202' title='bbox 286 3198 327 3261; x_wconf 92' lang='lat' dir='ltr'>de</span> <span class='ocrx_word' id='word_1_203' title='bbox 353 3198 447 3282; x_wconf 90' lang='lat' dir='ltr'>cujus</span> <span class='ocrx_word' id='word_1_204' title='bbox 471 3198 665 3283; x_wconf 90' lang='lat' dir='ltr'>pontificatu</span> <span class='ocrx_word' id='word_1_205' title='bbox 690 3199 840 3284; x_wconf 78' lang='lat' dir='ltr'>sequenti</span> <span class='ocrx_word' id='word_1_206' title='bbox 865 3196 1106 3260; x_wconf 85' lang='lat' dir='ltr'>Dissertatione</span> <span class='ocrx_word' id='word_1_207' title='bbox 1129 3215 1276 3278; x_wconf 84' lang='lat' dir='ltr'>agemus.</span> 
     </span>
    </p>

    <p class='ocr_par' dir='ltr' id='par_1_5' title="bbox 285 3285 1394 4263">
     <span class='ocr_line' id='line_1_30' title="bbox 375 3285 1392 3382; baseline -0.011 -22"><span class='ocrx_word' id='word_1_208' title='bbox 375 3295 422 3360; x_wconf 89' lang='lat' dir='ltr'>Ut</span> <span class='ocrx_word' id='word_1_209' title='bbox 445 3317 523 3360; x_wconf 86' lang='lat' dir='ltr'>vero</span> <span class='ocrx_word' id='word_1_210' title='bbox 549 3317 634 3382; x_wconf 88' lang='lat' dir='ltr'>quae</span> <span class='ocrx_word' id='word_1_211' title='bbox 657 3295 700 3360; x_wconf 90' lang='lat' dir='ltr'>ad</span> <span class='ocrx_word' id='word_1_212' title='bbox 724 3305 846 3360; x_wconf 85' lang='lat' dir='ltr'>statum</span> <span class='ocrx_word' id='word_1_213' title='bbox 870 3295 1036 3359; x_wconf 86' lang='lat' dir='ltr'>societatis</span> <span class='ocrx_word' id='word_1_214' title='bbox 1060 3291 1261 3357; x_wconf 84' lang='lat' dir='ltr'>christianae</span> <span class='ocrx_word' id='word_1_215' title='bbox 1285 3285 1392 3354; x_wconf 83' lang='lat' dir='ltr'>saeculi</span> 
     </span>
     <span class='ocr_line' id='line_1_31' title="bbox 287 3392 1394 3480; baseline -0.009 -24"><span class='ocrx_word' id='word_1_216' title='bbox 287 3392 519 3464; x_wconf 84' lang='lat' dir='ltr'>decimitertii</span> <span class='ocrx_word' id='word_1_217' title='bbox 543 3405 704 3480; x_wconf 86' lang='lat' dir='ltr'>spectant,</span> <span class='ocrx_word' id='word_1_218' title='bbox 728 3392 844 3460; x_wconf 92' lang='lat' dir='ltr'>ordine</span> <span class='ocrx_word' id='word_1_219' title='bbox 861 3394 1079 3458; x_wconf 88' lang='lat' dir='ltr'>conveniente</span> <span class='ocrx_word' id='word_1_220' title='bbox 1096 3411 1312 3477; x_wconf 84' lang='lat' dir='ltr'>exponamus,</span> <span class='ocrx_word' id='word_1_221' title='bbox 1334 3407 1394 3468; x_wconf 81' lang='lat' dir='ltr'>agc-</span> 
     </span>
     <span class='ocr_line' id='line_1_32' title="bbox 287 3472 1394 3578; baseline -0.008 -24"><span class='ocrx_word' id='word_1_222' title='bbox 287 3513 360 3555; x_wconf 91' lang='lat' dir='ltr'>mus</span> <span class='ocrx_word' id='word_1_223' title='bbox 375 3493 539 3578; x_wconf 86' lang='lat' dir='ltr'>imprimis</span> <span class='ocrx_word' id='word_1_224' title='bbox 554 3493 592 3556; x_wconf 87' lang='lat' dir='ltr'>de</span> <span class='ocrx_word' id='word_1_225' title='bbox 609 3493 694 3557; x_wconf 84' lang='lat' dir='ltr'>locta</span> <span class='ocrx_word' id='word_1_226' title='bbox 718 3494 802 3556; x_wconf 84' lang='lat' dir='ltr'>inter</span> <span class='ocrx_word' id='word_1_227' title='bbox 823 3472 1023 3556; x_wconf 68' lang='lat' dir='ltr'>b&#39;ridericom</span> <span class='ocrx_word' id='word_1_228' title='bbox 1035 3491 1075 3554; x_wconf 85' lang='lat' dir='ltr'>II</span> <span class='ocrx_word' id='word_1_229' title='bbox 1092 3499 1123 3552; x_wconf 88' lang='lat' dir='ltr'>et</span> <span class='ocrx_word' id='word_1_230' title='bbox 1145 3491 1307 3552; x_wconf 83' lang='lat' dir='ltr'>Romanos</span> <span class='ocrx_word' id='word_1_231' title='bbox 1327 3485 1394 3548; x_wconf 85' lang='lat' dir='ltr'>Pon·</span> 
     </span>
     <span class='ocr_line' id='line_1_33' title="bbox 286 3582 1393 3676; baseline -0.006 -24"><span class='ocrx_word' id='word_1_232' title='bbox 286 3590 392 3672; x_wconf 69' lang='lat' dir='ltr'>tiflcca</span> <span class='ocrx_word' id='word_1_233' title='bbox 418 3614 455 3653; x_wconf 88' lang='lat' dir='ltr'>ac</span> <span class='ocrx_word' id='word_1_234' title='bbox 479 3591 517 3656; x_wconf 85' lang='lat' dir='ltr'>dc</span> <span class='ocrx_word' id='word_1_235' title='bbox 541 3592 669 3676; x_wconf 82' lang='lat' dir='ltr'>imperii</span> <span class='ocrx_word' id='word_1_236' title='bbox 683 3590 782 3676; x_wconf 82' lang='lat' dir='ltr'>fotis,</span> <span class='ocrx_word' id='word_1_237' title='bbox 807 3589 884 3655; x_wconf 91' lang='lat' dir='ltr'>dein</span> <span class='ocrx_word' id='word_1_238' title='bbox 909 3588 951 3652; x_wconf 91' lang='lat' dir='ltr'>de</span> <span class='ocrx_word' id='word_1_239' title='bbox 974 3598 1061 3654; x_wconf 88' lang='lat' dir='ltr'>statu</span> <span class='ocrx_word' id='word_1_240' title='bbox 1084 3608 1193 3651; x_wconf 90' lang='lat' dir='ltr'>rerum</span> <span class='ocrx_word' id='word_1_241' title='bbox 1216 3582 1393 3648; x_wconf 83' lang='lat' dir='ltr'>ecclesiasti·</span> 
     </span>
     <span class='ocr_line' id='line_1_34' title="bbox 286 3685 1393 3774; baseline -0.01 -23"><span class='ocrx_word' id='word_1_242' title='bbox 286 3709 399 3751; x_wconf 85' lang='lat' dir='ltr'>carum</span> <span class='ocrx_word' id='word_1_243' title='bbox 425 3691 459 3753; x_wconf 93' lang='lat' dir='ltr'>in</span> <span class='ocrx_word' id='word_1_244' title='bbox 475 3687 595 3765; x_wconf 83' lang='lat' dir='ltr'>Gallia,</span> <span class='ocrx_word' id='word_1_245' title='bbox 619 3712 660 3753; x_wconf 89' lang='lat' dir='ltr'>ac</span> <span class='ocrx_word' id='word_1_246' title='bbox 683 3689 855 3774; x_wconf 86' lang='lat' dir='ltr'>speciatim</span> <span class='ocrx_word' id='word_1_247' title='bbox 870 3687 909 3750; x_wconf 86' lang='lat' dir='ltr'>da</span> <span class='ocrx_word' id='word_1_248' title='bbox 921 3686 1124 3774; x_wconf 60' lang='lat' dir='ltr'>pragmatica</span> <span class='ocrx_word' id='word_1_249' title='bbox 1138 3685 1300 3748; x_wconf 78' lang='lat' dir='ltr'>sanctione</span> <span class='ocrx_word' id='word_1_250' title='bbox 1322 3699 1393 3766; x_wconf 85' lang='lat' dir='ltr'>quae</span> 
     </span>
     <span class='ocr_line' id='line_1_35' title="bbox 286 3780 1393 3872; baseline -0.006 -23"><span class='ocrx_word' id='word_1_251' title='bbox 286 3809 311 3849; x_wconf 86' lang='lat' dir='ltr'>s.</span> <span class='ocrx_word' id='word_1_252' title='bbox 336 3785 510 3851; x_wconf 89' lang='lat' dir='ltr'>Ludovico</span> <span class='ocrx_word' id='word_1_253' title='bbox 534 3786 701 3869; x_wconf 90' lang='lat' dir='ltr'>tribuitur,</span> <span class='ocrx_word' id='word_1_254' title='bbox 734 3807 830 3872; x_wconf 88' lang='lat' dir='ltr'>porro</span> <span class='ocrx_word' id='word_1_255' title='bbox 855 3785 894 3849; x_wconf 85' lang='lat' dir='ltr'>dc</span> <span class='ocrx_word' id='word_1_256' title='bbox 917 3784 1096 3848; x_wconf 82' lang='lat' dir='ltr'>conditione</span> <span class='ocrx_word' id='word_1_257' title='bbox 1120 3780 1256 3846; x_wconf 72' lang='lat' dir='ltr'>aliorum</span> <span class='ocrx_word' id='word_1_258' title='bbox 1288 3780 1393 3863; x_wconf 74' lang='lat' dir='ltr'>aliquot</span> 
     </span>
     <span class='ocr_line' id='line_1_36' title="bbox 285 3873 1391 3970; baseline -0.01 -23"><span class='ocrx_word' id='word_1_259' title='bbox 285 3906 451 3970; x_wconf 72' lang='lat' dir='ltr'>repriorans</span> <span class='ocrx_word' id='word_1_260' title='bbox 474 3885 725 3964; x_wconf 62' lang='lat' dir='ltr'>almaniscarum,</span> <span class='ocrx_word' id='word_1_261' title='bbox 759 3905 798 3947; x_wconf 89' lang='lat' dir='ltr'>ac</span> <span class='ocrx_word' id='word_1_262' title='bbox 822 3883 957 3948; x_wconf 90' lang='lat' dir='ltr'>demum</span> <span class='ocrx_word' id='word_1_263' title='bbox 987 3881 1026 3944; x_wconf 85' lang='lat' dir='ltr'>da</span> <span class='ocrx_word' id='word_1_264' title='bbox 1049 3890 1134 3944; x_wconf 84' lang='lat' dir='ltr'>stato</span> <span class='ocrx_word' id='word_1_265' title='bbox 1156 3881 1280 3944; x_wconf 80' lang='lat' dir='ltr'>interno</span> <span class='ocrx_word' id='word_1_266' title='bbox 1303 3873 1391 3941; x_wconf 68' lang='lat' dir='ltr'>nat-</span> 
     </span>
     <span class='ocr_line' id='line_1_37' title="bbox 286 3979 1391 4067; baseline -0.01 -22"><span class='ocrx_word' id='word_1_267' title='bbox 286 3984 362 4046; x_wconf 81' lang='lat' dir='ltr'>sioa.</span> <span class='ocrx_word' id='word_1_268' title='bbox 389 4020 431 4028; x_wconf 93' lang='lat'>—-</span> <span class='ocrx_word' id='word_1_269' title='bbox 456 3981 592 4046; x_wconf 90' lang='lat' dir='ltr'>Consuli</span> <span class='ocrx_word' id='word_1_270' title='bbox 616 3993 754 4067; x_wconf 89' lang='lat' dir='ltr'>possunt</span> <span class='ocrx_word' id='word_1_271' title='bbox 777 3979 887 4067; x_wconf 86' lang='lat' dir='ltr'>quoad</span> <span class='ocrx_word' id='word_1_272' title='bbox 903 3981 1014 4044; x_wconf 78' lang='lat' dir='ltr'>sarias</span> <span class='ocrx_word' id='word_1_273' title='bbox 1035 3979 1244 4064; x_wconf 86' lang='lat' dir='ltr'>quaestiones</span> <span class='ocrx_word' id='word_1_274' title='bbox 1267 3987 1391 4040; x_wconf 73' lang='lat' dir='ltr'>mactan-</span> 
     </span>
     <span class='ocr_line' id='line_1_38' title="bbox 286 4073 1392 4164; baseline -0.009 -20"><span class='ocrx_word' id='word_1_275' title='bbox 286 4079 362 4144; x_wconf 92' lang='lat' dir='ltr'>das:</span> <span class='ocrx_word' id='word_1_276' title='bbox 396 4079 561 4164; x_wconf 85' lang='lat' dir='ltr'>Raynaldi</span> <span class='ocrx_word' id='word_1_277' title='bbox 594 4080 737 4145; x_wconf 80' lang='lat' dir='ltr'>Annales</span> <span class='ocrx_word' id='word_1_278' title='bbox 765 4077 1053 4157; x_wconf 17' lang='lat' dir='ltr'>saccalolelIR</span> <span class='ocrx_word' id='word_1_279' title='bbox 1084 4076 1179 4160; x_wconf 85' lang='lat' dir='ltr'>Pagii</span> <span class='ocrx_word' id='word_1_280' title='bbox 1207 4073 1392 4139; x_wconf 65' lang='grc' dir='ltr'>Βνουὲανίιιπι</span> 
     </span>
     <span class='ocr_line' id='line_1_39' title="bbox 285 4174 1390 4263; baseline -0.007 -21"><span class='ocrx_word' id='word_1_281' title='bbox 285 4181 369 4242; x_wconf 60' lang='lat' dir='ltr'>tatae</span> <span class='ocrx_word' id='word_1_282' title='bbox 393 4180 466 4242; x_wconf 73' lang='grc' dir='ltr'>ΕΗ.</span> <span class='ocrx_word' id='word_1_283' title='bbox 493 4179 685 4263; x_wconf 77' lang='lat' dir='ltr'>Pontificum,</span> <span class='ocrx_word' id='word_1_284' title='bbox 716 4177 759 4242; x_wconf 88' lang='lat' dir='ltr'>ad</span> <span class='ocrx_word' id='word_1_285' title='bbox 783 4177 970 4243; x_wconf 90' lang='lat' dir='ltr'>Honorium</span> <span class='ocrx_word' id='word_1_286' title='bbox 994 4174 1046 4238; x_wconf 89' lang='lat' dir='ltr'>Ill</span> <span class='ocrx_word' id='word_1_287' title='bbox 1076 4184 1109 4237; x_wconf 85' lang='lat' dir='ltr'>et</span> <span class='ocrx_word' id='word_1_288' title='bbox 1139 4183 1310 4259; x_wconf 90' lang='lat' dir='ltr'>sequentes</span> <span class='ocrx_word' id='word_1_289' title='bbox 1336 4187 1390 4232; x_wconf 80' lang='lat' dir='ltr'>sae·</span> 
     </span>
    </p>
   </div>
   <div class='ocr_carea' id='block_1_4' title="bbox 0 0 1422 4848">
    <p class='ocr_par' dir='ltr' id='par_1_6' title="bbox 0 0 1422 4848">
     <span class='ocr_line' id='line_1_40' title="bbox 0 0 1422 4848; baseline 0 0"><span class='ocrx_word' id='word_1_290' title='bbox 0 0 1422 4848; x_wconf 95' lang='lat' dir='ltr'> </span> 
     </span>
    </p>
   </div>
  </div>
 </body>
</html>
