2902 4848
455 450 495 504 De
513 449 619 517 Synodo
638 449 806 504 Florentius.
1141 451 1194 508 383

54 606 252 682 potestatem
276 595 429 658 traditam
452 617 528 672 esee,
552 593 811 680 quemadmodum
830 595 926 658 etium
939 598 974 658 in
996 597 1091 681 pestis
1108 617 1195 660 oecu-

62 695 257 757 menicorum
276 691 488 758 Coucs'liorum
503 703 533 754 at
546 693 582 755 ia
598 692 699 755 sacas
715 691 889 756 canonibus
901 695 1078 756 continetur
1101 692 1195 774 (καθ’

62 788 98 852 ὃν
122 789 250 874 τρόπον
279 789 333 852 καὶ
358 787 392 852 iv
414 789 485 863 τοῖς
507 783 697 870 morracium
719 792 784 851 τῶν
807 783 1032 871 oiuocptm'moc
1055 788 1195 856 συνόδων

62 888 117 952 uui
144 887 180 952 ir
202 893 273 963 τοῖς
296 883 394 970 ἱεροῖς
416 885 528 949 κάνησι
553 883 864 971 ὁιαλαμβάνεται).1)

153 987 208 1052 46.
245 984 520 1069 Subscripserunt
543 994 618 1069 post
634 983 823 1068 Eugenium
840 987 965 1069 Papam
988 987 1193 1072 Cardinales,

62 1085 251 1170 Imperator
285 1083 433 1149 Joannes
469 1080 702 1166 Palaeologus,
746 1081 1006 1168 archiepiscopi,
1046 1088 1192 1173 episcopi

61 1183 190 1268 aliique
203 1179 324 1246 Graeci
342 1204 381 1245 ac
394 1178 519 1245 Latini.
563 1181 653 1242 Dein
676 1181 824 1266 quinque
848 1179 1002 1265 exempla
1025 1185 1193 1268 praefatae

62 1281 272 1344 delinitionis
305 1301 423 1364 graece
458 1300 498 1340 ae
528 1276 631 1342 latine
665 1280 853 1363 conscripta
886 1287 919 1341 et
950 1301 970 1342 a
998 1279 1128 1345 Latinis
1162 1295 1194 1347 et

62 1379 205 1443 Graecis
236 1376 423 1461 subscripta
447 1387 540 1457 sunt,
577 1397 718 1460 quorum
752 1397 855 1439 unum
880 1376 1016 1458 Graeci,
1053 1378 1193 1444 alterum

61 1479 180 1542 Latini
203 1484 380 1556 sumerent,
404 1473 532 1560 reliqua
548 1477 759 1537 mitterentur
773 1474 815 1538 ad
831 1473 1047 1559 patriarchas.
1087 1477 1194 1561 Fuge-

62 1577 143 1640 nius
165 1573 214 1638 lv
246 1593 325 1638 vero
358 1574 398 1638 de
423 1573 539 1636 eadem
564 1595 599 1636 re
631 1571 758 1636 litteras
791 1574 924 1657 scripsit
952 1573 995 1636 ad
1020 1576 1193 1640 universos

60 1674 237 1759 principes
272 1671 478 1736 christianos.
533 1669 644 1757 Atque
680 1672 727 1734 ita
761 1671 860 1734 linem
897 1673 1027 1755 accepit
1061 1675 1194 1738 unionis

61 1793 123 1835 seu
160 1768 440 1834 reconciliationis
468 1767 639 1832 Ecclesiae
674 1789 814 1852 graecae
849 1789 925 1831 cum
959 1767 1062 1832 latina
1097 1792 1194 1853 nego-

60 1873 161 1933 tium.
194 1907 237 1916 -
271 1867 505 1953 Opportunum
531 1888 608 1930 vero
634 1869 696 1928 erit
718 1865 774 1929 hic
798 1867 914 1952 paucis
937 1866 1120 1952 adjungere
1144 1891 1192 1949 ea,

63 1988 154 2052 quae
178 1979 251 2051 post
275 1966 417 2029 reditum
443 1963 679 2028 Graecorum
671 1987 706 2028 111
730 1963 867 2028 Oriente
891 1965 1093 2032 acciderunt.

156 2065 210 2128 47.
247 2063 372 2128 Omnes
403 2061 523 2126 Graeci
558 2061 739 2125 incolumes
772 2061 1092 2148 Constantinopolim
1125 2087 1241 2149 ρει-ι
1211 2080 1259 2117 Eva
1261 2080 1354 2118 storin

60 2173 232 2225 venerunt
263 2183 375 2225 mense
399 2158 579 2224 Februario
611 2161 770 2241 a.1440;
806 2161 982 2224 Bessarion
1014 2173 1125 2226 autem
1150 2164 1193 2227 ab
1230 2140 1302 2181 ΟΜ
1304 2147 1333 2182 ⁸⁶

60 2261 230 2343 Eugenio,
254 2281 356 2345 quum
380 2257 492 2322 adhuc
514 2257 654 2322 durante
671 2207 821 2321 Concilio
846 2261 1047 2323 creationem
1071 2259 1195 2325 iaceret

60 2358 304 2443 septemdecim
332 2355 579 2437 Cardinalium,
604 2377 643 2419 ea
667 2355 830 2438 dignitate
854 2368 989 2421 ornatus
1012 2358 1136 2438 fuerat,
1162 2370 1195 2423 et

61 2460 100 2520 in
119 2455 294 2520 Graeciam
321 2477 386 2519 non
411 2475 564 2518 reversus
580 2455 704 2517 Romae
727 2464 841 2539 postea
866 2457 961 2520 vixit.
999 2456 1193 2520 Patriarcha

61 2555 265 2618 constitutus
289 2563 338 2616 est
362 2553 416 2616 die
440 2553 574 2636 4⁰l1aji
599 2576 628 2616 a
648 2553 734 2614 1440
758 2552 993 2638 Metrophanes
1009 2553 1052 2632 ll,
1077 2564 1193 2618 metro·

60 2652 171 2738 polita
195 2651 400 2735 Cyzicenus,
437 2651 493 2735 qui
518 2649 709 2714 Florentino
734 2650 883 2715 Concilio
916 2652 1124 2751 interfuerat,
1160 2662 1193 2716 et

61 2751 169 2814 etiam
201 2749 322 2813 exinde
347 2748 484 2811 firmiter
508 2749 622 2812 unioni
648 2748 809 2813 adhaesit.
856 2747 922 2814 Sed
950 2761 1020 2813 tum
1045 2751 1079 2813 in
1088 2717 1191 2812 clero

61 2859 137 2911 tum
160 2849 192 2910 in
211 2846 334 2932 populo
351 2844 729 2930 Constantinopolitano,
753 2867 854 2931 quum
871 2847 1011 2910 odium'
1003 2869 1036 2910 in
1054 2846 1192 2911 Latinos

61 2943 249 3030 profundos
287 2946 408 3026 egisset
448 2943 594 3024 radices,
631 2953 663 3006 et
693 2964 713 3007 a
745 2965 824 3008 vera
855 2946 978 3031 pietate
1016 2943 1072 3008 illa
1110 2966 1192 3030 gens

55 3041 264 3129 jamdudum
298 3040 545 3126 degenerasset,
582 3051 696 3104 contra
721 3045 876 3106 unionem
909 3063 987 3105 mox
1011 3041 1192 3106 vehemens

60 3151 138 3204 orta
168 3151 217 3204 est
239 3141 412 3224 oppositio.
460 3139 543 3202 Eam
575 3141 720 3203 maxime
743 3142 932 3204 excitarunt
963 3152 996 3203 et
1022 3161 1192 3226 promove·

62 3248 146 3302 runt
168 3238 301 3300 Marcus
324 3236 514 3321 Ephesinus
545 3237 679 3301 unionis
702 3259 878 3322 perversus
901 3237 1129 3320 adversarius,
1159 3249 1192 3303 et

61 3334 204 3422 quidam
229 3335 373 3398 asseclae
398 3335 479 3419 ejus.
517 3334 751 3420 Metrophanes
774 3346 886 3400 tamen
906 3336 1190 3400 schismaticorum

62 3448 207 3498 conatus
237 3431 503 3518 comprimendos
533 3434 680 3517 curavit,
716 3434 830 3518 ejectis
861 3435 1053 3519 praesertim
1078 3455 1190 3498 eorum

63 3529 219 3617 pluribus
242 3553 262 3594 a
286 3527 421 3593 sedibus
445 3528 689 3614 episcopalibus
713 3552 795 3615 ques
818 3531 1027 3613 obtinebant,
1052 3530 1191 3617 aliisque

64 3631 232 3710 suffectis,
264 3631 296 3693 in
323 3626 530 3691 dioecesibus
554 3629 653 3691 etiam
685 3650 770 3714 quae
794 3629 1032 3714 patriarchatui
1058 3627 1191 3694 CPtano

64 3749 135 3792 non
158 3725 326 3790 suberant.
372 3725 567 3790 Philotheus
584 3727 772 3810 patriarcha
789 3727 1038 3792 Alexandrinus
1058 3751 1087 3794 a.
1106 3731 1189 3792 1441

65 3825 194 3888 litteras
218 3825 355 3888 dederat
382 3823 425 3888 ad
450 3825 637 3908 Eugenium
662 3825 720 3903 IV,
754 3827 875 3910 quibus
906 3827 948 3890 de
971 3827 1093 3891 unione
1118 3848 1191 3890 con-

63 3925 154 3988 iecta
179 3921 393 3987 vehementer
417 3922 726 4008 congratulabatur3
757 3923 815 3988 sed
839 3948 867 3990 a.
896 3927 981 3989 1443
1005 3937 1071 3989 tres
1094 3928 1192 4011 patri-

64 4021 206 4102 archae,
241 4020 507 4100 Alexandrinus,
544 4021 773 4087 Antiochenns
804 4034 837 4086 ct
860 4023 1191 4108 Hierosolymitanus,

141 4237 161 4304 ι)
182 4235 274 4288 naim
293 4234 371 4289 run.
392 4237 452 4289 sio.
