2902 4848
302 439 354 494 332
582 437 708 492 XXXIV.
729 439 769 492 De
789 437 908 492 Concilio
927 437 1140 494 Constantiemi.

302 578 417 645 sedulo
441 581 556 646 turbas
580 584 743 646 excitatas
767 581 894 663 sedare,
918 580 977 646 sed
1000 581 1131 662 frustra,
1155 604 1260 668 quum
1284 581 1414 646 Hussios

302 678 480 744 multorum
505 681 709 764 protectione
732 679 901 764 gauderet,
927 688 960 744 et
973 677 1066 744 libris
1082 688 1115 744 et
1130 679 1279 765 epistolis
1295 680 1413 764 scriptis

301 778 461 842 audacter
484 777 651 842 doctrinas
674 799 750 841 suas
774 777 975 844 defenderet.
1010 776 1246 860 sigismundus
1265 797 1341 840 vero
1364 799 1413 840 rex

301 898 331 942 a.
359 876 443 940 1414
477 875 636 940 Hussium
668 876 836 956 invitavit,
869 875 1029 960 promisso
1061 874 1152 940 salvo
1179 873 1356 954 conductu,
1386 891 1414 936 ut

302 969 531 1038 Constantiam
556 971 598 1036 ad
624 967 812 1037 Concilium
835 971 989 1058 generale
1014 974 1153 1050 veniret,
1185 973 1301 1060 ibique
1324 995 1357 1036 se
1378 971 1413 1034 ab

301 1067 468 1134 erroribus
499 1071 562 1154 ipsi
593 1069 733 1155 objectis
765 1080 931 1155 purgaret.
978 1069 1202 1135 Wenoeslaus
1226 1069 1415 1156 approbavit

300 1167 388 1232 hanc
426 1169 676 1249 invitationem3
717 1167 807 1232 nullo
843 1178 955 1234 maten
991 1168 1148 1232 mandato
1188 1167 1328 1234 adactus
1361 1165 1414 1230 fuit

301 1265 454 1348 Hussius,
479 1276 516 1328 ut
528 1263 756 1331 Constantiam
774 1289 808 1329 se
825 1266 997 1330 conferret.
1023 1264 1089 1330 Sed
1104 1267 1176 1351 ipse
1190 1267 1412 1332 invitationem

301 1363 507 1448 Sigismundi
539 1364 631 1448 sequi
666 1365 845 1445 constituit,
884 1374 917 1427 et
946 1363 1073 1447 Pragae
1105 1385 1185 1428 mox
1217 1365 1415 1428 documentis

301 1461 484 1545 parietibus
507 1459 618 1524 affixis
642 1458 838 1545 publicavit,
873 1483 906 1526 se
940 1463 1062 1524 iturum
1088 1483 1159 1526 esse
1184 1461 1415 1540 Constantiam,

301 1569 338 1623 ut
367 1557 444 1623 fidei
476 1581 556 1622 suae
587 1569 619 1621 et
650 1559 718 1644 spei
752 1558 906 1623 redderet
938 1560 1100 1624 rationem
1134 1571 1167 1623 et
1196 1561 1414 1624 innocentiam

301 1678 394 1720 suam
425 1656 629 1736 ostenderet3
670 1678 705 1719 se
735 1667 889 1741 paratum
921 1677 1006 1736 esse,
1047 1659 1073 1720 si
1106 1659 1141 1721 in
1167 1655 1318 1722 Concilio
1348 1677 1414 1718 reus

300 1756 507 1819 inveniretur
532 1753 686 1835 haeresis,
711 1766 748 1817 ut
772 1763 931 1840 tanquam
955 1753 1141 1818 haereticus
1155 1766 1334 1840 pateretur.
1357 1753 1414 1818 Ad·

300 1854 463 1916 versarios
488 1852 613 1916 ibidem
636 1874 713 1916 eum
738 1854 936 1938 impugnare
960 1874 1066 1938 posse,
1099 1852 1156 1917 sed
1187 1864 1322 1940 paratos
1352 1873 1415 1916 esse

301 1948 431 2031 debere,
457 1959 502 2034 ut,
517 1951 543 2014 si
561 1949 826 2030 succumberent,
850 1971 992 2036 poenam
1008 1951 1141 2016 talionis
1157 1952 1367 2015 sustinerent
1378 1987 1413 1994 -

300 2047 394 2112 Adeo
412 2047 555 2112 Hessius
579 2069 724 2112 errorum
750 2049 895 2112 tenebris
920 2049 1119 2114 obcaecatus
1142 2060 1222 2128 erat,
1248 2061 1285 2113 ut
1309 2069 1412 2112 revera

300 2147 515 2226 existimaret,
548 2145 802 2211 Constantiense
827 2144 1025 2226 Concilium,
1051 2157 1163 2232 utpote
1187 2145 1353 2231 synodum
1377 2165 1412 2208 re·
1441 2173 1442 2180 ¹

299 2245 533 2326 formatricem,
564 2243 826 2330 approbaturum
858 2265 929 2308 esse
960 2266 1036 2310 suas
1059 2244 1247 2325 doctrinas,
1277 2257 1414 2307 attamen

299 2364 367 2406 non
390 2343 521 2427 penitus
546 2343 636 2406 omni
661 2343 779 2407 timore
804 2344 913 2406 exitus
931 2341 1009 2408 mali
1035 2342 1159 2407 solutus
1177 2354 1256 2409 erat.
1291 2342 1415 2408 Etenim

300 2442 333 2504 in
359 2439 496 2524 epistola
520 2439 563 2504 ad
587 2439 841 2524 Sigismundum
865 2440 943 2506 data
967 2443 1140 2526 promittit,
1174 2463 1208 2504 se
1233 2440 1297 2504 sub
1322 2437 1416 2502 tutela

299 2537 382 2602 salvi
421 2539 605 2603 conductus
648 2539 752 2623 ipsius
784 2537 999 2604 Constantiae
1039 2541 1303 2623 comparitutum
1343 2559 1416 2605 esse.

299 2659 339 2701 ac
362 2637 453 2722 petit,
480 2647 514 2700 ut
539 2638 601 2722 ipsi
627 2635 829 2700 concedetur
853 2659 964 2700 coram
990 2635 1138 2702 Concilio
1162 2634 1300 2722 publice
1324 2633 1415 2699 tidem

299 2756 393 2798 suam
418 2733 572 2820 profiteri.
609 2733 786 2798 Caeterum
803 2757 837 2798 se
853 2745 1006 2820 paratum
1031 2757 1102 2800 esse
1126 2756 1184 2819 pro
1202 2755 1284 2798 vera
1302 2732 1415 2798 Christi

297 2831 370 2916 lege
401 2835 500 2896 etiam
535 2843 671 2896 mortem
702 2833 874 2897 sustinere.
921 2835 962 2897 In
995 2832 1133 2918 epistola
1165 2855 1232 2918 qua
1261 2831 1419 2896 valedixit

298 2931 415 2994 amicis
439 2929 629 3010 Bohemiae,
666 2953 700 2993 se
725 2930 974 2995 commendavit
998 2931 1204 2995 orationibus
1228 2951 1355 3012 eorum,
1389 2945 1419 2989 ut

298 3029 325 3092 si
357 3037 521 3114 oporteret
552 3030 623 3092 sine
653 3030 771 3093 timore
803 3038 941 3094 mortem
979 3029 1150 3094 sustineat.
1203 3028 1359 3092 Jactatur
1388 3013 1441 3108 inl

299 3125 425 3208 eadem,
466 3149 499 3190 se
535 3127 601 3189 aitte
635 3125 723 3189 solvo
755 3127 910 3192 conducta
945 3125 1109 3212 proficisci
1143 3125 1185 3190 ad
1213 3125 1441 3190 adversariosl

299 3245 435 3287 numero
471 3223 647 3309 plurimos;
689 3224 723 3287 id
760 3235 872 3288 tamen
908 3223 1028 3290 falsum
1063 3233 1144 3288 erat.
1191 3223 1328 3288 Etenim
1351 3223 1417 3307 jam

298 3319 532 3405 Sigismundus
546 3321 772 3385 destinaverat
784 3321 895 3408 plures
908 3321 1035 3388 nobiles
1048 3325 1104 3408 qui
1118 3343 1193 3386 eum
1202 3335 1416 3406 protegerent.

298 3429 331 3482 et
369 3418 492 3482 littorea
532 3418 615 3484 salvi
650 3419 834 3484 conductus
866 3443 944 3486 mox
979 3422 1080 3485 etiam
1116 3420 1324 3484 adventuras
1354 3441 1418 3484 esse

298 3515 555 3600 significaverat.

387 3614 441 3680 51.
489 3613 666 3678 Nobilibus
698 3616 778 3678 viris
809 3626 843 3678 et
872 3616 989 3680 amicis
1023 3617 1163 3699 stipatus
1187 3615 1335 3680 Hussius
1370 3614 1417 3678 dir

300 3711 359 3775 11ο
383 3711 537 3777 Octobris
571 3713 679 3796 Pragit
715 3713 898 3797 profectus,
937 3705 1164 3778 Constantiam
1199 3714 1334 3800 appulit
1370 3714 1440 3780 dic¹

297 3811 337 3875 3⁰
359 3809 560 3876 Novembris
591 3834 621 3876 a.
649 3812 743 3875 1414.
794 3813 860 3878 Iter
889 3813 1015 3878 faciens
1046 3811 1287 3896 Notimbergae
1322 3827 1355 3876 et
1388 3809 1440 3882 inl

297 3908 372 3972 aliis
396 3908 599 3990 civitatibus,
632 3933 714 3994 quas
738 3913 940 3996 pertransiit,
964 3911 1222 3976 contestationes
1245 3910 1364 3985 edidit,
1388 3911 1415 3972 in

298 4005 420 4093 quibus
444 4005 621 4088 asserebat,
647 4030 682 4071 se
698 4006 927 4077 Constantiam
954 4008 1117 4094 proficisci
1142 4021 1180 4072 ut
1202 4007 1304 4072 fidem
1328 4029 1414 4072 susm

298 4101 510 4184 defenderet3
534 4104 744 4170 adversarios
768 4128 846 4171 vero
871 4107 1085 4192 provocabat,
1109 4117 1200 4171 uteo
1225 4109 1328 4172 ctiam
1353 4129 1415 4194 pro·

296 4213 461 4285 perarent,
487 4224 521 4265 se
545 4205 654 4268 cuivis
679 4203 719 4267 de
733 4205 799 4269 lide
812 4225 871 4269 sua
884 4207 1046 4270 rationem
1058 4205 1268 4270 redditurum
1282 4227 1365 4272 esse.
1382 4243 1411 4254 -
