2868 4844
454 507 493 561 De
512 507 687 562 Commentis.
1080 509 1137 564 223

30 671 82 714 non
107 649 251 714 habebat
281 659 442 736 quantum
475 651 517 715 ad
541 649 713 715 honestam
738 651 828 713 vitae
861 653 1134 714 sustentationem

31 759 87 810 erat
117 750 354 830 necessarium,
393 749 422 812 ei
463 748 662 834 quandoque
700 747 998 812 commendabatur
1031 747 1134 812 altera

28 847 151 911 eeclesia
181 858 240 910 aut
270 846 415 914 abbatia.
463 846 635 910 Interdum
660 847 759 910 etiam
791 846 931 911 Romani
956 845 1136 910 Pontifices

28 957 145 1028 propter
168 947 332 1009 incuriam
358 943 554 1009 clericorum
592 945 647 1030 qui
687 947 721 1009 in
746 947 843 1008 certis
867 943 1016 1007 ecclesiis
1041 965 1134 1008 sacro

28 1045 192 1107 ministerio
217 1043 452 1126 fungebantur,
477 1066 533 1107 eas
557 1042 876 1107 commendaverunt
895 1043 997 1105 vicini
1024 1063 1133 1105 mona·

27 1143 102 1204 surii
125 1140 314 1222 abbatibus,
347 1143 403 1226 qui
429 1143 565 1204 istarum
590 1140 805 1204 ecclesiarum
830 1151 1011 1224 proventus
1034 1139 1134 1203 habe·

25 1251 95 1309 rent,
126 1238 337 1325 presbyteros
368 1260 427 1324 pro
461 1260 553 1304 sacro
587 1241 620 1302 in
650 1240 697 1302 cis
728 1239 910 1302 ministerio
935 1236 1070 1318 alerent,
1102 1247 1136 1302 et

25 1339 257 1421 reparationum
296 1349 447 1422 sumptus
486 1336 644 1402 facerent.
706 1337 757 1400 Ita
804 1359 828 1400 s.
868 1333 1050 1419 Gregorius
1088 1335 1133 1400 M.

24 1433 66 1500 (L.
85 1435 145 1498 111.
172 1457 222 1520 cp.
243 1435 307 1515 18.)
333 1435 507 1498 ecclesiam
532 1457 556 1498 s.
572 1435 739 1499 Pancratii
754 1433 1002 1497 commendavit
1016 1433 1134 1498 Mauro

24 1531 123 1595 abbati
159 1535 350 1597 monasterii
383 1533 562 1597 vicinioris.
610 1531 784 1596 Ecclesium
821 1554 846 1594 a.
871 1532 1048 1610 Panerotii,
1087 1533 1136 1595 ait

22 1629 175 1711 Pontifex,
191 1653 271 1717 quoe
286 1643 356 1695 erat
368 1633 532 1695 commisso
542 1631 746 1717 presbyteria,
763 1630 952 1715 frequenter
962 1628 1134 1715 neglectam

16 1729 108 1810 ‚bure
125 1731 333 1816 cognovimus.
416 1729 615 1793 TeMaurum
626 1729 769 1792 abbatem
783 1728 985 1813 providimus
995 1750 1133 1812 proepo-

22 1827 155 1904 neudum,
168 1827 675 1912 statuenteauttemaspraefatoe
685 1824 834 1890 ecclesiae
849 1836 878 1888 et
894 1825 1042 1910 quiequid
1057 1824 1134 1890 illue

22 1927 178 1988 intruserit
202 1925 362 1988 antedicto
387 1936 438 1988 tuo
462 1926 651 1988 monasterio
677 1923 790 1988 debeat
803 1923 974 2010 applicari.
988 1979 993 1988 .
1007 1979 1011 1987 .
1023 1971 1030 1986 .
1044 1923 1133 1986 Pere-

19 2025 132 2104 priuum
157 2021 224 2086 illie
248 2022 363 2086 debeor
387 2023 536 2086 adbibere
554 2021 785 2109 presbyterum,
809 2025 1040 2106 quieceret-um
1062 2021 1133 2085 mie-

21 2143 115 2182 rnrum
134 2122 241 2206 possit
264 2121 417 2184 solemnio
450 2117 616 2184 celebrare.
667 2118 764 2192 Quem
789 2130 893 2182 tumen
916 2132 946 2182 et
969 2121 1003 2182 in
1027 2141 1132 2182 anonu-

18 2221 101 2281 aterio
135 2231 187 2282 tuo
219 2219 363 2283 babitare
394 2230 423 2283 et
451 2219 565 2282 exinde
587 2221 671 2282 uitae
696 2217 839 2282 subsidio
869 2215 980 2280 lubere
1011 2237 1133 2280 nessaeo

17 2327 62 2377 ert.
117 2315 275 2380 Vicissim
319 2328 453 2402 propter
496 2317 735 2380 monachorum
774 2316 937 2379 incuriam
976 2313 1131 2377 abbatiae

17 2415 207 2500 quandoque
231 2415 552 2479 commendabantur
575 2416 782 2500 episcopis.¹)

98 2532 150 2596 75.
182 2531 288 2595 Justis
313 2531 414 2614 igitur
438 2531 603 2595 decausis
628 2529 934 2595 commendaesunt
950 2530 1129 2610 institutae,

16 2639 42 2690 et
53 2629 185 2714 quaudo
199 2639 332 2715 propter
344 2651 460 2693 causas
470 2630 579 2716 justas
591 2629 723 2708 dantur,
740 2629 877 2692 minime
891 2625 1131 2711 improbandae
1236 2628 1238 2639 '

16 2737 91 2793 sunt.
122 2728 260 2808 Verum,
286 2727 567 2813 quemadmodum
587 2730 620 2791 in
638 2727 737 2791 rebus
761 2727 917 2790 humanis
941 2727 1133 2809 contingere

14 2824 96 2906 solet,
128 2827 163 2890 in
197 2826 284 2889 hanc
317 2847 384 2889 rem
415 2847 545 2912 quoque
577 2825 701 2890 abusus
729 2829 939 2910 irrepserunt.
988 2821 1132 2902 Quando

15 2925 95 2987 enim
125 2923 256 2988 saeculo
282 2923 330 2987 VI
364 2933 396 2986 et
429 2923 586 3010 deinceps
617 2925 784 3009 principes
816 2923 892 2986 laici
921 2931 953 2984 et
980 2942 1133 3006 proceres

13 3017 93 3085 bona
109 3021 333 3086 ecelesiastica
358 3020 517 3085 invadere
542 3032 730 3107 coeperunt,
756 3023 818 3106 ipsi
843 3029 1006 3083 certarum
1031 3018 1133 3081 eccle·

12 3119 127 3184 siarum
153 3131 186 3184 et
201 3119 412 3184 abbatiarum
429 3129 611 3204 proventus
627 3119 904 3182 commendarunt
919 3138 986 3179 non
1002 3125 1129 3180 tantum

14 3216 146 3300 clericis,
171 3219 229 3283 sed
255 3219 353 3280 etiam
379 3215 474 3280 laicis
498 3217 539 3280 de
563 3216 734 3302 republica
766 3214 1011 3294 benemeritis,
1040 3235 1131 3298 prae-

11 3319 120 3380 sertim
153 3316 325 3395 militibus,
361 3313 413 3377 vel
438 3314 481 3378 ad
505 3314 753 3399 compensanda
777 3334 890 3377 eorum
915 3313 1044 3394 merita,
1078 3311 1132 3376 vel

12 3427 43 3474 nt
66 3437 147 3500 opes
170 3416 211 3480 ad
239 3415 363 3479 bellum
386 3402 568 3498 gerendum
603 3412 773 3477 haberent.
823 3409 906 3475 Inde
930 3412 1021 3495 origo
1046 3432 1133 3474 oom-

12 3513 202 3576 mendarnm
226 3512 387 3578 laicarum
411 3521 444 3575 et
467 3510 671 3592 militarium,
696 3533 782 3597 quae
797 3511 952 3595 gravium
969 3507 1131 3572 malorum

9 3625 103 3694 atque
126 3610 292 3675 abusuum
318 3632 438 3674 causae
469 3610 675 3673 exstiterunt.
732 3609 817 3672 Nam
851 3610 885 3672 in
919 3606 1067 3671 ecclesiis
1100 3615 1134 3670 et

9 3706 147 3772 abbatiis
172 3711 245 3772 istis
262 3707 357 3773 laicis
371 3719 403 3771 et
417 3707 578 3772 militibus
595 3708 846 3788 commendatis,
870 3707 993 3790 passim
1014 3705 1131 3768 divina

9 3805 116 3870 officia
155 3819 186 3870 et
226 3829 356 3870 sacrum
388 3807 608 3870 ministerium
649 3803 912 3892 negligebantur,
953 3803 1133 3889 disciplina

6 3907 183 3970 monastica
209 3915 243 3968 et
267 3903 428 3989 regularis
452 3903 664 3968 observantia
690 3901 951 3968 collabebantur.

6 4287 24 4338 C
49 4209 110 4340 X¹)
139 4207 170 4261 V.
198 4207 366 4262 Thomsssin.
413 4205 474 4259 Vet.
504 4211 532 4258 et
560 4221 621 4259 nov.
648 4205 718 4260 Eccl.
752 4205 855 4273 discipl.
890 4203 919 4260 P.
947 4203 984 4257 11.
1017 4203 1046 4256 L.
1077 4203 1132 4260 111.

25 4329 31 4340 .
78 4329 81 4335 .
105 4301 159 4354 sqq.
