2868 4844
54 1649 413 1773 Dissertatio
453 1651 785 1800 trigesima
817 1665 1070 1802 quarta.

234 1885 296 1965 lte
325 1883 524 1965 Concilio
553 1884 891 1968 constantiensi,

92 2191 120 2251 l.
161 2170 410 2250 constantiense
445 2184 632 2251 Concilium
671 2188 757 2251 inter
796 2197 925 2253 caetera
963 2210 1122 2273 maguum
1151 2189 1281 2291 fflflffl'fl

11 2283 100 2350 habet
131 2285 249 2350 merito
281 2304 416 2365 nomen,
447 2306 485 2348 eo
517 2283 606 2370 quod
636 2283 724 2348 felici
755 2306 910 2350 successu
940 2289 974 2351 iu
1006 2287 1122 2351 eodem
1167 2263 1261 2354 gran

10 2384 226 2446 tristissimum
250 2380 443 2447 Occidentis
480 2381 626 2446 schisma
665 2384 895 2467 compositum,
935 2395 968 2448 et
1004 2386 1124 2450 unicus

10 2480 115 2546 Pastor
137 2483 231 2566 gregi
256 2479 428 2544 christiani
446 2479 560 2566 populi
578 2479 728 2546 redditus
741 2480 851 2562 fuerit,
875 2490 974 2567 atque
991 2480 1123 2546 Wiclcfi

9 2601 39 2641 ac
61 2580 180 2644 Hussii
216 2577 362 2642 haeresis
395 2577 586 2642 solemniter
623 2577 853 2644 condemnata.
908 2579 993 2643 Inde
1023 2581 1126 2664 igitur

9 2681 180 2764 praecipua
222 2676 321 2760 hujus
365 2673 504 2740 Concilii
548 2675 636 2738 lacta
681 2674 817 2760 speciali
860 2675 1124 2741 consideratione

9 2779 145 2840 maximo
177 2773 279 2859 digua
309 2785 396 2836 sunt.
452 2773 516 2838 Sed
550 2773 652 2836 etiam
683 2772 747 2837 alio
772 2795 815 2838 cx
835 2775 943 2858 capite
967 2775 1124 2858 Synodus

9 2870 264 2938 Constanticnsis
302 2871 504 2957 peculiarem
546 2872 762 2935 attentionem
803 2881 956 2938 meretur.
1007 2873 1047 2937 Iu
1085 2894 1125 2937 ca

9 2971 157 3036 videlicet
181 2981 250 3034 tum
275 2969 434 3034 doctrinis
457 2978 529 3033 tum
550 2969 648 3032 factis
663 2969 834 3033 tendentia
848 2991 883 3033 se
898 2969 1125 3034 manifestavit

9 3069 170 3134 Ecclesiae
194 3069 421 3133 constitutioni
446 3067 525 3130 satis
547 3065 744 3152 periculosa,
769 3069 933 3152 oppositio
958 3067 1122 3153 quaedam

9 3170 145 3233 rirorum
173 3165 408 3230 catholicorum
434 3175 549 3229 contra
564 3166 767 3251 principium
784 3186 901 3230 verum
917 3167 1124 3231 auctoritatis

9 3280 28 3328 st
57 3275 213 3330 centrum
250 3265 387 3328 unitatis
419 3287 439 3327 a
473 3261 604 3327 Christo
643 3265 678 3326 in
708 3262 860 3328 Ecclesia
898 3266 1123 3346 constitutum,

9 3365 128 3448 negatio
163 3361 412 3448 privilegiorum
449 3361 670 3447 quorumdam
709 3359 805 3426 Sedis
835 3360 1056 3446 Apostolicac,
1091 3372 1125 3426 et

9 3475 133 3526 cuatus
170 3460 240 3545 ejus
271 3461 349 3545 jura
388 3457 474 3522 ultra
505 3459 554 3522 fas
585 3457 815 3542 restringendi.
868 3457 1006 3542 Singula
1037 3481 1124 3546 quae

10 3583 58 3624 rue
89 3560 264 3646 pertinent
287 3560 321 3622 in
346 3558 489 3623 decursu
513 3556 613 3643 hujus
637 3555 878 3621 dissertationis
907 3557 1024 3622 melius
1048 3579 1124 3622 con-

9 3661 198 3742 pioientur3
232 3656 329 3720 modo
354 3665 577 3742 opportunum
603 3656 675 3735 erit,
701 3653 860 3718 nonnulla
883 3653 1056 3719 advertere
1081 3677 1123 3719 cx

9 3756 113 3842 [uibus
140 3752 274 3819 facilius
297 3776 382 3840 quae
407 3755 440 3817 in
467 3751 615 3818 Concilio
641 3749 888 3816 Constantiensi
917 3752 1123 3836 acciderunt,

9 3864 150 3918 ›oterunt
177 3850 348 3936 explicari.

78 3963 110 4028 2.
167 3957 279 4038 Quum
304 3969 450 4044 tempore
475 3956 664 4022 schismatis
688 3966 792 4020 status
816 3955 986 4020 Ecclesiae
1014 3959 1124 4041 magis

9 4063 170 4146 pagisque
194 4049 453 4142 perturbaretur,
477 4055 722 4120 Universitates
746 4064 778 4117 ct
800 4055 944 4118 maxime
959 4054 1121 4119 Parisieu-

9 4160 42 4235 is,
66 4176 205 4224 necnon
231 4153 381 4218 doctores
404 4152 589 4238 theologiae
615 4153 749 4236 iugenio
774 4161 987 4242 praestantes,
1018 4174 1122 4238 quum

9 4255 166 4322 chismati
198 4251 440 4337 exstinguendo
472 4250 566 4316 libris
596 4252 740 4336 scriptis,
779 4249 1019 4334 congressibus,
1058 4273 1123 4314 scr·

943 4357 992 4412 19*
