2964 4838
335 441 388 493 402
461 439 573 494 XXXV.
592 439 633 492 De
650 438 750 494 concil.
769 437 919 494 Basileensi
940 455 972 494 ac
989 439 1022 494 de
1041 439 1146 508 Synodo
1166 441 1330 500 Florentino,

336 581 512 667 Bailletus,
542 582 670 646 Natalis
694 581 888 647 Alexander
915 583 1038 670 allique
1062 581 1230 649 Gallicani
1254 600 1434 670 negaverunt

334 683 571 767 poenitentiam
596 679 761 745 Ludovici
785 690 819 744 et
841 681 1097 763 contenderunt,
1121 685 1157 746 in
1182 705 1222 747 ea
1245 705 1319 748 eum
1342 681 1434 748 delun-

335 789 424 842 ctum
448 780 549 843 fuisse
581 779 754 864 opinione,
786 799 884 864 quam
910 789 1043 843 secutus
1071 779 1181 846 fuerat
1204 779 1344 845 Concilii
1363 779 1435 844 Basi·
1464 777 1465 852 l

333 877 453 941 leensis
483 886 641 962 tempore.
688 877 825 941 Fatetur
848 876 982 963 quidem
1008 877 1219 960 Alexander,
1251 901 1313 942 neo
1330 879 1436 964 justam

334 975 435 1039 fuisse
459 975 698 1060 depositionem
718 975 862 1060 Eugenii
879 973 932 1039 IV
956 997 1018 1040 nec
1042 978 1238 1041 canonicam
1263 975 1433 1042 electionem

221 1153 224 1158 ¹
333 1073 454 1137 Felicis
477 1073 525 1154 V,
563 1072 616 1138 vel
647 1073 695 1136 sic
726 1083 837 1138 tamen
868 1073 1029 1156 affirmat,
1066 1073 1296 1138 schismaticos
1326 1077 1435 1159 proprio

333 1169 438 1235 dictos
463 1191 528 1235 non
552 1171 653 1235 fuisse
676 1169 925 1254 Basileenses.¹)
971 1171 1066 1238 Bona
1090 1171 1155 1238 fide
1179 1193 1235 1236 eos
1258 1173 1358 1236 fnisse
1378 1194 1435 1236 cen-

332 1279 396 1352 set,
422 1279 454 1334 et
478 1269 541 1333 liac
565 1268 704 1354 aliisque
728 1269 913 1335 rationibus
937 1290 993 1334 eos
1016 1280 1169 1352 excusat,
1206 1281 1307 1358 atque
1331 1273 1437 1337 statuit.

332 1367 513 1432 consultius
537 1368 637 1431 asseri
662 1377 695 1431 et
718 1369 840 1449 verius,
869 1367 1080 1433 Ludovicum
1106 1368 1319 1435 Cardinalem
1344 1367 1435 1433 Arela-

330 1476 455 1530 tensem
489 1477 654 1551 gestorum
688 1467 722 1529 in
755 1465 891 1550 Synodo
923 1466 1108 1532 Basileensi
1142 1489 1208 1531 non
1242 1468 1437 1553 poenituisse.

330 1567 409 1652 quia
433 1565 514 1630 nihil
540 1586 574 1628 se
598 1565 703 1649 egisse
727 1564 962 1650 poenitendum
993 1587 1171 1650 persuasus
1194 1576 1275 1632 erat.
1312 1603 1355 1614 -
1385 1563 1434 1629 Sed

329 1663 393 1727 hae
415 1663 544 1728 Natalis
567 1661 762 1727 Alexander
785 1664 967 1728 sententiae
1000 1675 1088 1728 certe
1112 1661 1174 1728 sibi
1200 1685 1267 1730 nou
1293 1672 1435 1728 conatam.

330 1761 481 1828 Dubium
520 1783 586 1824 non
624 1770 689 1842 est,
734 1760 942 1825 Basileonses
973 1761 1076 1826 fuisse
1107 1771 1181 1847 post
1211 1762 1434 1848 depositionem

328 1859 471 1944 Eugenii
481 1859 529 1923 IV
546 1868 578 1922 et
592 1857 786 1922 electionem
805 1857 965 1922 FelicisV
984 1858 1222 1925 schismaticos.
1256 1860 1304 1925 Ut
1318 1858 1433 1923 talasab

327 1957 478 2042 Eugenio
495 1957 544 2020 IV
565 1957 599 2019 in
609 1955 759 2020 Concilio
770 1955 972 2021 Ferrariensi
980 1955 1202 2044 (Florentino)
1218 1958 1371 2022 damnati
1385 1955 1427 2019 fne-

326 2065 413 2120 runt.
449 2055 520 2118 Nec
544 2054 726 2118 universim
743 2055 843 2117 statui
867 2064 985 2140 potest,
1010 2076 1065 2119 eos
1086 2055 1120 2118 in
1144 2053 1233 2119 bona
1258 2055 1328 2121 fide
1343 2056 1428 2120 fuine

262 2247 268 2258 ,
415 2171 468 2236 69.
500 2169 552 2234 De
569 2167 741 2234 Ludovico
759 2166 944 2233 Arelatensi
969 2184 1080 2234 autem
1101 2180 1197 2234 caute
1221 2180 1256 2236 et
1273 2172 1431 2258 prudenter

325 2269 489 2354 disceptat
509 2267 643 2353 Stilting
666 2269 700 2334 in
719 2266 964 2333 Commentario
987 2271 1124 2354 praevio
1148 2267 1191 2332 ad
1215 2271 1291 2355 ejus
1307 2267 1433 2348 vitamst

325 2365 495 2448 Advertit,
527 2367 637 2452 specie
669 2364 747 2430 boni
781 2363 965 2452 deceptum¹
989 2375 1022 2429 et
1051 2366 1121 2430 zelo
1145 2368 1249 2431 nimio
1276 2369 1433 2453 abreptum

323 2465 424 2530 fuisse
442 2463 779 2530 videriLndovieum.
828 2463 868 2528 Ei
893 2464 1089 2550 persuasum
1113 2464 1226 2543 fuisse,
1252 2477 1432 2551 potestaten

325 2561 466 2627 Concilii
490 2561 654 2647 generalis
679 2561 838 2648 majorem
863 2583 933 2626 esse
951 2573 1111 2648 potestate
1124 2562 1246 2626 summi
1265 2563 1436 2630 Pontificis.

323 2683 364 2726 ac
386 2659 581 2726 Pontificem
606 2659 727 2724 debere
749 2655 897 2725 Concilio
923 2683 1049 2746 parcre,
1074 2683 1140 2724 non
1157 2661 1351 2727 Concilium
1368 2662 1435 2725 Pon·

323 2758 414 2826 tifici.
464 2757 576 2840 Quum
608 2780 703 2844 porro
728 2757 921 2822 Ludovicus
952 2760 1091 2822 scientia
1122 2755 1312 2843 theologica
1343 2761 1439 2824 minus

323 2855 470 2920 imbutus
493 2855 595 2920 fuisse
617 2855 781 2934 videatur,
806 2877 905 2942 quam
922 2855 1064 2920 lectione
1082 2855 1261 2920 multorum
1275 2857 1436 2922 librorum.

323 2966 359 3018 ut
381 2952 479 3018 facile
503 2952 613 3039 colligi
637 2962 743 3039 potest
767 2975 809 3017 ex
833 2954 874 3018 iis
899 2975 984 3040 quae
1008 2954 1111 3018 variis
1135 2951 1270 3018 vicibus
1303 2955 1436 3042 disputa·

323 3055 380 3132 vit,
405 3051 488 3116 adeo
513 3053 548 3116 in
571 3073 631 3116 sua
655 3052 811 3137 opinione
835 3073 869 3114 se
894 3051 1138 3134 obfirmaverat,
1162 3062 1200 3114 ut
1223 3073 1288 3116 neo
1304 3053 1440 3117 rationes

322 3161 437 3217 contra
461 3150 702 3235 disputantium
727 3149 806 3213 satis
835 3148 1019 3233 intelligere
1050 3148 1203 3235 potuerit,
1237 3173 1301 3214 nec
1334 3151 1439 3215 adrer-

321 3252 406 3330 terit,
432 3259 561 3313 coetum
586 3244 679 3312 illum
697 3246 948 3328 Basileensium,
974 3246 1108 3336 quando
1132 3248 1203 3332 ipse
1219 3247 1436 3334 praesidebat.

320 3369 387 3413 non
411 3368 505 3432 posse
536 3344 680 3431 amplius
703 3343 818 3409 haberi
844 3367 902 3430 pro
927 3343 1078 3410 Concilio
1109 3343 1268 3429 generali.
1319 3345 1440 3412 Tantae

321 3448 404 3526 viro,
435 3446 575 3510 nimium
605 3464 664 3529 pro
688 3465 748 3507 sua
771 3441 1092 3528 opinionefervido,
1123 3453 1213 3506 ortae
1238 3457 1339 3508 erant
1362 3459 1437 3508 teno-

320 3543 410 3608 brae.
435 3581 476 3590 -
505 3539 652 3626 „Vellem
676 3563 765 3622 sane,
797 3542 845 3606 eit
867 3563 963 3626 porro
989 3539 1173 3628 Stiltingus,
1207 3551 1244 3604 ut
1268 3545 1353 3607 satis
1376 3563 1437 3630 pm·

320 3637 478 3706 habiliter
497 3640 621 3725 possim
646 3640 846 3722 existimare,
879 3639 951 3703 sine
982 3641 1070 3704 omni
1101 3638 1198 3726 culpa
1231 3641 1266 3704 in
1292 3639 1439 3706 Concilio

319 3739 419 3803 fuisse
443 3737 476 3802 b.
500 3735 722 3802 Ludovicnm.
769 3735 840 3801 Imo
865 3748 897 3801 et
920 3735 1038 3801 lubens
1068 3757 1225 3822 agnosco,
1258 3739 1371 3804 videri
1403 3761 1438 3802 ex

319 3837 508 3924 ignorantia
530 3836 728 3921 processisse
752 3835 864 3900 omnia
887 3832 953 3918 illa,
988 3857 1073 3921 quac
1096 3836 1130 3898 in
1155 3833 1308 3901 Concilio
1335 3841 1436 3923 poeni-

202 4001 207 4014 ,
319 3935 419 4000 tenda
433 3934 608 4000 commisit.
639 3932 766 3998 Verum
790 3935 910 3998 iterum
935 3931 1021 4014 dico,
1046 3954 1111 3997 nou
1136 3937 1226 3998 omni
1252 3937 1437 4019 ignorantis

393 4140 413 4208 ¹)
431 4139 465 4195 V.
485 4138 519 4196 H.
539 4139 571 4194 n.
590 4137 619 4192 in
637 4153 707 4193 saec.
727 4137 786 4192 XV.
806 4137 920 4192 Dissert.
940 4137 1017 4193 VIII.
1037 4139 1096 4192 Art
1117 4139 1140 4194 7.

392 4217 414 4288 ²)
434 4217 489 4272 err.
510 4219 582 4272 Acta
601 4215 710 4270 Stornm
728 4215 746 4269 1.
766 4235 786 4271 c.
