2828 4842
359 402 504 471 Expeditio
522 403 643 458 cruciata
662 409 768 470 quarta.
1090 407 1142 461 301

52 549 167 609 tinorum
190 569 294 611 mores
318 557 351 610 et
374 547 530 632 dogmata
552 555 589 610 ut
621 546 788 611 haeretica
819 547 1070 633 improbassent‚
1105 557 1255 614 utosena·
1269 561 1314 603 1²¹·

51 646 133 728 inquit
162 645 228 708 Leo
259 644 401 709 Allatius
433 645 471 709 de
501 666 653 708 concensu
681 643 842 708 Ecclesiae
879 644 1084 711 occidentalis
1112 657 1143 712 et
1184 623 1281 676 'mm'

50 741 189 806 edentulis
211 742 245 808 L.
271 744 314 809 II.
340 768 364 809 c.
389 746 442 808 11.
483 742 613 808 Uxores
636 743 737 806 etiam
761 765 800 806 ea
821 753 931 830 aetate
953 743 1144 830 frequenter

49 837 190 904 ducebant
211 842 431 926 Imperatores
454 838 629 904 orientales
652 863 695 904 ex
718 839 852 904 familiis
876 842 1067 927 principum
1091 864 1143 906 ca·

48 935 216 1002 tbolicorum
234 936 447 1020 Occidentis3
472 937 607 1002 bivero
631 939 755 1024 pariter
779 939 990 1004 matrimonia
1013 938 1145 1004 inibant

48 1057 102 1098 cum
124 1037 220 1120 regiis
243 1036 432 1121 virginibus
456 1035 684 1103 orientalibus.

114 1133 163 1200 90.
209 1134 290 1199 Post
317 1133 421 1198 multa
455 1133 623 1220 praeclare
655 1143 748 1217 gesta
775 1134 923 1199 Joannes
954 1133 1144 1200 Comneuus

46 1230 109 1294 obiit
133 1254 219 1297 anno
245 1233 341 1314 1143,
374 1234 472 1318 eique
494 1234 653 1296 successit
675 1229 809 1296 Massa
840 1230 926 1296 filius
949 1232 1030 1318 ejus.
1078 1233 1144 1298 Hie

47 1329 70 1391 in
88 1328 166 1394 bello
190 1329 326 1416 quidem
348 1330 467 1394 fortem
492 1340 526 1395 et
548 1339 719 1394 strenuum
734 1351 805 1394 sese
821 1331 974 1413 ostendit,
999 1330 1057 1396 sed
1071 1331 1143 1396 libi·

46 1427 113 1490 dinis
133 1437 165 1492 et
187 1428 347 1514 perfidiae
371 1429 489 1492 merito
513 1429 683 1512 arguitur3
709 1430 744 1492 in
767 1427 942 1493 ecclesiam
958 1426 1143 1494 Romanam

45 1535 133 1590 tanen
160 1528 241 1590 satis
273 1548 456 1612 propensus
485 1526 558 1590 fuit
606 1523 701 1590 Obiit
732 1534 806 1611 post
836 1546 976 1611 regnum
1007 1528 1143 1612 triginta

46 1633 146 1704 septem
169 1645 344 1706 annorum,
376 1645 463 1689 anno
490 1623 586 1704 1180,
618 1644 721 1708 quum
754 1621 851 1708 paulo
881 1632 960 1687 ante
988 1624 1142 1690 monachi

45 1715 170 1784 habitum
195 1721 367 1804 induisset,
391 1721 601 1786 et·Matthaei
624 1721 758 1785 nomine
782 1721 923 1786 donatus
938 1721 1064 1788 fuisset.
1092 1723 1142 1788 Eo

45 1815 186 1900 defuncto,
211 1831 248 1884 ut
271 1819 387 1884 scribit
409 1819 479 1884 Leo
496 1817 641 1884 Allatius
665 1818 700 1906 (l.
725 1841 752 1885 c.
777 1818 820 1886 II.
847 1820 912 1902 13),
937 1817 1142 1886 Graecorum

44 1911 201 2000 Imperium
224 1917 372 2003 quotidie
396 1919 431 1981 in
454 1917 549 2003 pejus
572 1939 668 1981 ruere
692 1918 811 2003 coepit,
839 1928 910 1981 tum
934 1929 1068 2003 propter
1091 1940 1143 1984 oc·

43 2011 136 2076 eiduas
167 2025 201 2078 et
230 2014 405 2081 orientales
427 2014 645 2079 barbarorum
668 2017 883 2095 incursiones,
916 2024 985 2079 tum
1010 2027 1145 2103 propter

44 2109 191 2176 mollitiem
215 2123 249 2176 et
271 2113 484 2198 tyrannidem
509 2115 754 2198 imperantium,
785 2115 952 2178 continuis
983 2114 1143 2180 caedibus

43 2219 65 2266 et
85 2208 251 2274 fraudibus
274 2234 344 2275 sese
370 2222 484 2275 mutuo
507 2211 730 2296 prodentium,
753 2220 825 2275 tum
850 2212 892 2276 ob
916 2214 1142 2278 ministrorum

43 2308 208 2386 stantiam,
247 2318 318 2372 tum
350 2311 450 2374 etiam
488 2307 529 2372 ob
554 2309 742 2395 frequentes
767 2320 959 2394 magnatum
983 2320 1016 2374 et
1038 2311 1142 2376 ambi·

43 2403 178 2469 tiosorum
201 2405 375 2472 hominum
399 2405 605 2473 rebelliones.
652 2406 780 2492 Religio
814 2429 945 2493 quoque
969 2410 1042 2493 ipsa
1065 2430 1142 2473 cum

43 2496 163 2585 Imperio
195 2506 229 2568 in
260 2515 353 2569 tanta
380 2527 490 2569 rerum
514 2504 747 2569 vicissitudine
771 2505 855 2569 tristi
879 2507 976 2570 ruina
1001 2507 1143 2572 convelli

43 2599 97 2660 visa
124 2613 179 2683 est,
220 2625 322 2688 quum
353 2625 420 2668 non
449 2604 533 2667 ratio
564 2612 597 2666 et
624 2602 732 2685 decor,
772 2603 830 2667 sed
855 2602 1087 2669 malevolentia
1111 2615 1144 2670 et

43 2695 139 2778 rabies,
162 2702 284 2765 animis
306 2701 508 2787 perturbatis
531 2711 563 2764 et
587 2701 790 2778 infusorem
813 2703 905 2784 actis,
931 2703 1042 2767 omnia
1067 2704 1142 2768 diri-

43 2806 143 2872 gerent.
171 2833 209 2846 -
235 2799 383 2864 Manueli
407 2800 442 2863 in
466 2800 646 2885 Imperium
679 2809 882 2863 successerat
903 2799 1037 2865 Alesios
1060 2824 1144 2887 puer

45 2887 198 2959 duodecim
223 2919 397 2975 annorum,
423 2897 519 2982 eique
542 2897 578 2960 in
601 2905 741 2960 tutorem
766 2896 970 2962 Andronicus
992 2899 1063 2984 ejus
1087 2922 1142 2986 pa·

43 2989 135 3054 melis
157 2992 254 3058 datus
278 3005 336 3059 est.
384 2993 450 3060 Sed
475 2994 687 3058 Andronicus
722 3016 828 3078 prava
861 2996 1046 3082 imperandi
1069 2994 1143 3062 libi-

44 3083 103 3150 dine
123 3094 275 3174 percitus,
299 3095 405 3178 primo
431 3093 642 3178 Imperatoris
666 3091 778 3156 Alexii
802 3104 951 3178 matrem,
976 3093 1141 3180 (Mariam,

45 3186 180 3273 principis
212 3189 390 3254 Raimundi
420 3189 622 3254 Antiocheni
656 3189 782 3272 filiam)
827 3191 981 3255 suffocari
1022 3192 1141 3277 jussit;

45 3279 104 3346 dein
125 3286 301 3370 ipsummet
322 3287 560 3374 Imperatorem
596 3310 698 3352 nervo
722 3311 818 3353 arcus
842 3312 862 3352 a
885 3291 1014 3354 sicariis
1039 3300 1142 3355 stran-

44 3379 138 3461 gulari,
160 3387 329 3472 ipsiusque
353 3409 472 3472 corpus
496 3389 530 3451 in
546 3409 636 3450 mare
660 3387 777 3472 projici
792 3389 922 3451 curavit
938 3409 1025 3452 anno
1044 3389 1140 3456 1183.

45 3475 97 3542 Nec
118 3481 218 3548 solnm
242 3486 276 3549 in
296 3486 464 3571 juniorem
481 3485 639 3550 Alexium
654 3486 890 3570 Imperatorem
915 3486 1052 3573 ejusque
1075 3509 1143 3552 ma·

45 3587 108 3640 trem
130 3582 303 3647 crudeliter
325 3585 445 3648 saeviit
461 3583 684 3667 Andronicus,
707 3592 745 3646 ut
759 3582 941 3669 Imperium
958 3595 1141 3669 usurparet,

47 3673 88 3735 sed
114 3681 208 3744 etiarn
233 3681 380 3746 Graecos
412 3682 574 3745 excitavit
611 3682 646 3745 in
670 3680 808 3745 Latinos
833 3693 865 3746 et
889 3682 1044 3764 Francos,
1084 3684 1141 3768 qui

48 3770 306 3865 Consuntinopoli
331 3778 507 3863 degebant,
542 3780 659 3861 sciens,
688 3779 835 3844 Francos
860 3779 1004 3865 junioris
1028 3779 1140 3845 Alexii

49 3870 224 3954 majestatem
247 3877 497 3963 Imperiumque
520 3878 615 3958 tueri,
647 3877 735 3962 quod
759 3876 924 3962 Agnetem
948 3876 1051 3942 filiam
1075 3876 1141 3941 Lu·

50 3964 140 4036 turiei
161 3973 226 4039 VII
249 3973 435 4040 Galliarum
457 3976 545 4060 regis
567 3996 705 4039 uxorem
730 3975 887 4041 duxisset.
936 3973 1058 4039 Graeci
1082 3977 1140 4039 ita-

51 4083 96 4145 que
122 4067 160 4134 ab
182 4072 373 4138 Andronico
397 4075 535 4138 animati
560 4074 728 4138 irruerunt
757 4075 791 4137 in
814 4073 952 4138 Latinos
982 4084 1014 4138 et
1038 4073 1139 4138 Fran·

52 4181 99 4240 105»
122 4178 151 4230 et
171 4180 330 4257 quotquot
352 4173 563 4254 invenerunt,
596 4171 805 4237 trucidarunt
827 4180 886 4236 aut
907 4170 990 4235 urbe
1014 4181 1140 4256 protur-
