2840 4840
307 447 342 500 98
521 444 622 500 XXXI.
641 445 682 500 De
700 445 846 500 abolitione
865 445 973 500 Ordinis
991 444 1215 514 Templsriornm.

399 590 449 654 17.
475 589 612 654 Interim
635 598 747 653 tamen
772 589 927 653 Pontifex
952 590 1071 653 certior
1094 589 1203 654 factus
1226 600 1284 670 est,
1308 588 1404 652 multos

307 687 514 772 Templarios
546 688 686 751 crimina
719 686 879 768 confiteri,
917 687 1046 772 ipsique
1078 685 1199 750 nobilis
1222 687 1406 773 Templarius

137 787 242 888 ”mh
257 785 297 825 ¹³⁰·
308 785 449 850 similem
474 785 714 850 confessionem
737 783 825 848 fecit.
854 784 894 848 Id
919 793 1008 870 patet
1031 806 1074 847 ex
1097 783 1237 869 epistola
1253 785 1407 850 Partoralir

136 859 298 952 'iniisti'
304 885 584 970 praeeminentiae,
608 903 708 969 quam
725 880 877 946 Clemens
901 881 933 946 d.
947 881 979 945 d.
997 883 1057 946 22⁰
1073 881 1275 947 Novembris
1297 907 1326 948 a.
1342 885 1406 948 130:

307 982 350 1046 ad
366 981 562 1046 Eduardum
587 979 734 1064 Anglum
758 980 905 1065 aliosque
928 981 1097 1065 principes
1121 981 1221 1058 misit,
1246 992 1364 1066 petens,
1383 998 1419 1060 ut

306 1082 341 1144 in
378 1100 492 1143 eorum
527 1080 638 1164 regnis
670 1077 713 1142 ab
745 1079 825 1163 ipsis
848 1077 1030 1162 Templarii
1060 1079 1193 1142 nomine
1223 1077 1319 1144 Sedis
1341 1081 1419 1165 spo-2

306 1177 441 1243 stolicae
465 1177 700 1257 detinerentur,
725 1175 892 1240 ethorum
916 1175 1005 1240 bona
1029 1175 1166 1241 mobilia
1190 1187 1224 1240 et
1247 1178 1419 1242 immobilia

306 1274 461 1340 fidelibus
484 1276 633 1361 personis
656 1275 790 1338 nomine
814 1295 927 1338 sacrae
951 1273 1048 1339 Sedis
1079 1274 1300 1340 custodienda
1326 1274 1419 1356 trade}

306 1383 429 1438 rentur.
476 1373 530 1437 Ad
554 1372 637 1436 baec
661 1381 770 1435 motus
794 1382 843 1434 est
859 1370 1023 1453 Clemens,
1048 1381 1085 1435 ut
1108 1371 1299 1457 provideret
1321 1371 1419 1438 aucto]

306 1473 395 1536 ritati
419 1493 509 1536 suae.
544 1471 621 1536 Jam
646 1471 734 1534 enim
758 1468 908 1551 videbat,
933 1491 1075 1533 examen
1099 1472 1133 1534 in
1159 1469 1253 1534 illum
1271 1461 1419 1554 Ordinem}

307 1593 377 1635 esse
401 1569 657 1642 instituendum
683 1567 870 1631 cavendum
896 1588 975 1632 vero
1001 1576 1080 1651 erat,
1106 1590 1147 1632 ne
1171 1567 1228 1631 alii
1254 1571 1415 1654 principes.

307 1669 354 1732 uti
378 1667 554 1753 Philippus
576 1665 709 1746 iecerat,
740 1675 871 1750 praeter
895 1664 1088 1730 mandatum
1114 1665 1286 1730 Ecclesiae
1310 1667 1370 1731 hac
1390 1670 1419 1754 iu}

306 1789 342 1830 re
371 1766 588 1852 procederent
616 1773 649 1829 et
679 1763 767 1828 bona
790 1762 927 1829 Ordinis
957 1773 1168 1850 occuparent.
1216 1764 1370 1830 Advertit
1390 1769 1419 1834 inl

307 1864 371 1929 hae
395 1863 543 1949 epistola,
567 1863 764 1948 Magistrum
788 1861 925 1928 Ordinis
949 1872 981 1926 et
1006 1883 1106 1947 quam
1130 1861 1291 1948 plurimos
1314 1843 1419 1927 fratresl

307 1985 349 2027 ex
370 1962 510 2026 diversis
533 1959 683 2047 partibus
706 1961 800 2044 regni
827 1959 988 2024 Franciae
1012 1959 1136 2024 scelera
1160 1982 1231 2024 esse
1255 1957 1419 2044 confessori

306 2084 412 2126 veram
440 2071 470 2123 et
496 2082 560 2123 non
583 2057 766 2123 circulatam
791 2069 916 2142 aperitet
937 2058 1165 2144 poenitentiam
1189 2057 1227 2122 de
1251 2061 1419 2134 commisrir.

302 2169 401 2244 proiit
423 2159 497 2221 baec
521 2157 623 2221 dietus
645 2179 703 2220 ren·
720 2153 923 2242 (Philippus)
946 2155 1038 2219 nobis
1054 2177 1117 2241 per
1139 2177 1215 2220 arras
1238 2157 1363 2220 litteras
1385 2159 1411 2220 in

307 2257 441 2335 limavit,
465 2266 495 2320 et
517 2256 562 2319 ad
583 2277 642 2319 nos
665 2257 758 2319 etiam
776 2253 979 2340 postmodnm
997 2263 1219 2339 peruenerant,
1234 2253 1335 2339 sama
1355 2281 1395 2341 po

308 2353 371 2417 lica
401 2352 571 2438 deferente.
626 2353 696 2418 Nos
728 2373 845 2438 quoqne
877 2375 973 2415 unam
1005 2350 1136 2414 mii-item
1173 2353 1254 2416 dicti
1289 2353 1419 2444 Ordinis

306 2473 439 2538 magnae
467 2452 688 2536 peneresitatie
716 2461 745 2514 et
778 2450 978 2514 auctoritatis
1008 2450 1110 2512 cimam
1142 2472 1237 2536 snper
1267 2453 1419 2542 pravitati

300 2553 372 2638 jam
394 2550 483 2613 dieta
500 2549 717 2637 personaliter
740 2549 998 2629 terminavimus,
1023 2549 1077 2632 qni
1092 2548 1210 2611 dicim
1224 2549 1364 2636 facinus
1383 2547 1419 2610 ab

307 2649 485 2733 nepotianis
507 2649 588 2713 ιῘνενι
615 2644 732 2711 Christi
763 2647 797 2710 in
821 2647 964 2732 inpressu
993 2645 1072 2708 dicti
1099 2645 1232 2710 Ordinis
1255 2671 1275 2709 a
1302 2671 1336 2710 se
1360 2621 1419 2710 mol

308 2747 436 2810 misnam
459 2757 569 2833 sponte
593 2745 754 2832 conferens
769 2743 843 2830 fnit
865 2741 1011 2829 plenarie
1035 2766 1141 2807 eoram
1163 2743 1263 2809 nobis.
1316 2747 1359 2810 Et
1382 2713 1419 2814 ai

301 2845 391 2933 jecit,
415 2844 595 2922 sevidisse,
627 2841 864 2929 quodquidam
885 2839 1003 2905 nobilis
1025 2842 1060 2905 in
1079 2845 1265 2928 praesentia
1291 2843 1404 2908 ducent

308 2963 377 3003 rum
400 2939 548 3026 fratrum
581 2940 630 3004 nel
659 2940 803 3027 plurium
839 2939 918 3002 dicti
946 2939 1088 3016 Ordinis,
1128 2942 1211 3004 inter
1233 2963 1313 3026 qnos
1348 2966 1400 3005 era

308 3049 430 3103 centnm
452 3037 567 3102 milites
590 3039 641 3102 nel
663 3040 758 3120 cirea,
782 3035 870 3101 nitra
893 3059 979 3100 mare
1002 3035 1148 3102 videlicet
1170 3039 1206 3101 in
1220 3061 1319 3122 reqno
1341 3039 1419 3126 Cypn

303 3161 366 3223 per
389 3137 578 3224 praefatum
602 3137 793 3222 Mapistrnm
824 3135 902 3199 dicti
930 3135 1063 3201 Ordinis
1094 3138 1130 3200 in
1152 3135 1298 3224 capitulo
1323 3137 1414 3202 suoi

298 3234 441 3320 fratrem
462 3235 585 3320 Templi
606 3245 748 3322 receptae
771 3235 855 3314 fnit;
880 3244 909 3296 et
931 3233 977 3298 ibi
999 3235 1034 3297 in
1057 3234 1211 3299 dictorum
1228 3235 1387 3320 Mayistri

299 3332 447 3419 fratrum
464 3335 662 3419 praesentia,
686 3333 770 3397 idem
791 3331 909 3396 nobilis
933 3332 977 3396 nd
999 3332 1184 3396 mandatnm
1206 3334 1315 3419 ipsine
1336 3335 1401 3418 Mag

309 3431 380 3514 stri,
413 3431 529 3494 dictum
551 3429 686 3516 facinus
709 3433 744 3494 in
768 3453 826 3494 sua
849 3433 1022 3516 receptione
1053 3433 1214 3495 commisit.
1224 3431 1248 3516 ¹)
1298 3419 1419 3510 Tallbol

1406 3269 1417 3293 f

383 3734 403 3804 ¹)
422 3732 510 3801 Epist.
536 3733 692 3786 Pastoralis
712 3735 949 3802 praeeminentiae
977 3748 1020 3801 ap.
1044 3733 1203 3798 Benavides,
1231 3738 1381 3790 memorias

310 3817 342 3870 D.
361 3814 503 3868 Femando
522 3813 570 3874 lv.
589 3811 793 3878 Medrid18603
819 3813 849 3866 T.
860 3813 896 3872 ΙΙ,
917 3829 942 3880 p.
963 3815 1024 3869 619,
1044 3813 1146 3867 Exstat
1164 3815 1249 3868 etiam
1261 3831 1308 3884 ep.
1322 3817 1383 3872 wn

310 3895 327 3949 l.
346 3911 368 3952 c.
386 3895 417 3952 T.
437 3893 473 3948 11.
494 3910 519 3962 p.
537 3896 591 3950 434
608 3893 722 3962 Beilage
741 3893 766 3948 7.
796 3893 875 3948 Miles
894 3892 948 3958 ille,
967 3909 1046 3960 quem
1066 3893 1188 3948 Clemens
1206 3895 1275 3950 dicit
1295 3913 1313 3949 a
1332 3913 1364 3950 se
1384 3913 1414 3964 pe

309 3975 441 4030 sonaliter
465 3989 522 4029 esse
547 3973 737 4037 examinatum,
769 3972 946 4040 probabiliter
968 3973 1023 4027 init
1042 3973 1180 4028 Olirarius
1208 3974 1241 4030 de
1260 3974 1368 4033 Penne
1396 3998 1410 4044 *l

310 4061 371 4111 erat
395 4070 426 4109 eo
444 4060 565 4123 tempore
587 4051 768 4108 cubicularius
793 4051 877 4119 ipsius
897 4051 1036 4108 Pontificis
1055 4053 1204 4122 (Proceri.
1224 4055 1310 4118 390i.
1353 4059 1395 4125 On
1418 4121 1419 4130 χ

310 4136 381 4191 Ordo
393 4135 613 4204 supprimeretur,
627 4133 749 4188 Clemens
767 4132 818 4187 sibi
838 4133 990 4188 reservavit
1009 4134 1174 4190 sententiam
1188 4133 1331 4190 serendam
1346 4139 1381 4192 de
1394 4139 1419 4204 bl

311 4216 439 4281 Olivario¹
458 4214 500 4269 nti
518 4215 551 4269 de
569 4214 679 4269 summis
698 4212 806 4268 Ordinis
825 4213 992 4282 dignitariis.
1418 4205 1419 4288 l

1397 3943 1419 4110 Ξ-.
1385 3661 1419 3870 Ξ.ᾼΑ
