2916 4842
93 1315 441 1440 Dissertatio
488 1318 801 1465 vigesima
840 1317 1079 1468 quinta,

147 1549 207 1631 Ito
236 1569 368 1631 causa
397 1569 429 1632 s.
458 1550 659 1632 'thomae
688 1550 1018 1633 cantuariensis

396 1665 752 1768 archiepiscopi.

493 1845 654 1854 -ι---

113 1987 138 2050 1,
160 1971 199 2050 ln
223 1984 407 2050 Alexandri
427 1984 479 2048 III
502 1995 652 2071 tempora
676 1985 794 2051 incidit
816 1987 917 2050 etiam
940 1986 1030 2051 lucta
1053 1986 1134 2052 cele
1154 2015 1302 2056 ornamen-

48 2078 170 2164 berrima,
198 2105 283 2170 quae
307 2085 393 2148 inter
415 2081 599 2147 Heuricum
623 2082 657 2148 Π
679 2081 823 2168 Angliae
853 2107 964 2169 regem
992 2096 1025 2149 et
1047 2085 1132 2150 Tho·
1149 2074 1189 2118 ²¹¹⁸
1207 2078 1306 2124 ¹¹⁶⁰¹⁰¹·

47 2197 109 2242 nam
129 2181 254 2246 Becket
276 2181 563 2267 archiepiscopum
589 2179 862 2246 cantuariensem
887 2191 1010 2264 exorta,
1043 2182 1139 2248 vehe-

49 2291 145 2342 nenter
175 2278 327 2356 invaluit,
359 2288 392 2343 et
415 2301 481 2344 non
512 2279 618 2342 solum
642 2278 810 2363 Angliam‚
841 2280 899 2345 sed
932 2289 1037 2344 totum
1071 2281 1139 2345 fere

48 2373 130 2440 orbem
154 2377 360 2442 christanum
376 2377 569 2461 exagitavit.
618 2377 795 2460 Negotium
819 2377 884 2441 tale
908 2378 980 2458 fuit,
1005 2388 1042 2441 ut
1057 2379 1139 2464 ejus-

47 2469 99 2536 dem
120 2478 295 2561 participes
320 2476 486 2539 evaserint
515 2473 614 2560 hujus
637 2477 795 2560 temporis
826 2477 948 2539 summi
978 2477 1059 2558 viri3
1091 2478 1138 2540 in·

45 2567 111 2633 doles
131 2572 235 2638 luctae
259 2574 328 2638 fere
357 2573 472 2638 eadem
498 2581 578 2651 erat,
603 2572 711 2657 qualis
742 2574 777 2637 in
806 2573 943 2637 dissidio
974 2573 1138 2638 Friderici

45 2688 98 2730 cun
118 2669 306 2743 Alexandro
321 2671 520 2755 invenitur3
555 2668 778 2734 dimicabatur
802 2671 960 2735 videlicet
987 2671 1029 2735 de
1052 2675 1139 2758 prin·

44 2765 124 2848 cipiis,
152 2769 271 2854 quibus
300 2769 434 2833 babitus
463 2769 548 2832 inter
571 2766 755 2832 Ecclesiam
780 2791 820 2832 ac
848 2792 987 2853 regnum
1012 2772 1138 2854 nititur,

44 2859 72 2922 de
91 2863 229 2930 Ecclesia
244 2865 408 2948 libertate,
428 2865 562 2952 juribus
586 2875 619 2929 et
642 2867 847 2932 auctoritate.
895 2867 1005 2953 Hujus
1028 2877 1139 2932 autem

43 2965 205 3028 certaminis
238 2976 328 3046 ortu,
366 2985 540 3051 progressu
572 2973 604 3026 et
632 2964 735 3045 exitu,
765 2966 847 3028 mire
883 2965 1140 3029 commotisunt

42 3059 120 3122 uini
134 3064 290 3144 omnium,
308 3063 430 3149 quibus
447 3084 498 3126 ree
514 3060 686 3125 Ecclesiae
703 3062 794 3127 cordi
812 3072 914 3141 erant,
933 3070 1034 3148 utque
1050 3064 1138 3148 prin-

46 3155 111 3239 cipia
133 3181 208 3224 vera
231 3160 468 3226 deEcclesiae
492 3161 732 3246 praerogativis
747 3159 967 3240 firmarentur,
993 3181 1059 3224 non
1082 3183 1138 3246 pa·

46 3272 96 3316 un
111 3258 229 3341 profuit
243 3258 392 3324 Thomae
417 3261 451 3323 in
476 3258 658 3322 certamine
675 3260 861 3322 constantia
878 3267 911 3321 et
925 3278 985 3342 per
1000 3268 1138 3324 mortem

46 3363 185 3420 euenum
210 3357 362 3422 victoria.
409 3355 664 3422 Controversiae
688 3357 790 3439 igitur
818 3355 990 3419 historiam
1015 3356 1060 3419 ita
1084 3377 1138 3419 ex-

46 3441 212 3536 hibebimus,
238 3464 274 3518 ut
297 3453 473 3519 eventibus
497 3463 622 3540 quanta
646 3452 717 3516 fieri
741 3464 850 3539 potest
865 3454 1029 3518 brevitate
1053 3475 1138 3518 com·

46 3555 212 3634 memoratis,
237 3555 356 3618 iterum
376 3554 555 3639 praecipue
572 3553 788 3616 attentionem
806 3561 974 3615 vertamus
991 3551 1033 3615 ad
1050 3553 1138 3636 prin-

46 3644 118 3727 epia,
139 3650 257 3735 quibus
282 3651 491 3717 ducebantur
506 3651 591 3715 varii
616 3651 673 3736 qui
698 3651 731 3714 in
757 3648 821 3713 hac
844 3649 934 3713 lucta
958 3650 1044 3712 inter
1067 3671 1137 3713 sese

45 3757 297 3815 concertaverunt.

111 3843 137 3906 2.
159 3845 235 3910 Jam
251 3846 408 3928 diximus,
432 3847 701 3912 Normaunorum
726 3847 915 3930 principum
940 3845 1042 3909 luisse
1066 3866 1138 3929 pro·

48 3936 144 4022 tuum,
174 3957 211 4008 ut
239 3944 317 4009 dum
343 3943 514 4009 Ecclesiae
548 3942 601 4008 vel
633 3943 791 4007 Romanis
822 3941 1042 4006 Pontificibus
1078 3963 1136 4006 suo

48 4036 142 4102 auxilio
163 4044 284 4126 passim
308 4052 438 4128 praesto
457 4053 567 4108 essent
590 4052 705 4106 contra
729 4039 873 4108 hostium
898 4041 1136 4124 aggressiones,

50 4129 84 4194 a}
104 4135 303 4224 disciplinam
332 4163 373 4204 ac
397 4161 504 4205 moros
536 4142 571 4204 in
596 4139 682 4204 clero
709 4139 809 4225 juxta
832 4148 955 4210 statuta
984 4137 1137 4203 concilio-

50 4245 100 4293 ΜΠ
120 4238 191 4301 satis
213 4249 384 4302 tuerentur
415 4246 448 4302 ct
469 4248 711 4324 promoverent,
743 4247 855 4301 umen
884 4237 980 4300 sicuti
1006 4237 1040 4300 in
1064 4258 1137 4322 pro-
