<?xml version="1.0" encoding="UTF-8"?>
<!DOCTYPE html PUBLIC "-//W3C//DTD XHTML 1.0 Transitional//EN"
    "http://www.w3.org/TR/xhtml1/DTD/xhtml1-transitional.dtd">
<html xmlns="http://www.w3.org/1999/xhtml" xml:lang="en" lang="en">
 <head>
  <title>
</title>
<meta http-equiv="Content-Type" content="text/html;charset=utf-8" />
  <meta name='ocr-system' content='tesseract 3.04.00' />
  <meta name='ocr-capabilities' content='ocr_page ocr_carea ocr_par ocr_line ocrx_word'/>
</head>
<body>
  <div class='ocr_page' id='page_1' title='image "./dissertationess00junggoog_0910.png"; bbox 0 0 2902 4848; ppageno 0'>
   <div class='ocr_carea' id='block_1_1' title="bbox 416 437 1152 508">
    <p class='ocr_par' dir='ltr' id='par_1_1' title="bbox 416 437 1152 508">
     <span class='ocr_line' id='line_1_1' title="bbox 416 437 1152 508; baseline -0.004 -14"><span class='ocrx_word' id='word_1_1' title='bbox 416 440 456 494; x_wconf 85' lang='lat' dir='ltr'><strong>De</strong></span> <span class='ocrx_word' id='word_1_2' title='bbox 474 439 581 508; x_wconf 71' lang='lat' dir='ltr'><strong>synodo</strong></span> <span class='ocrx_word' id='word_1_3' title='bbox 599 439 764 498; x_wconf 78' lang='lat' dir='ltr'><strong>Florentino.</strong></span> <span class='ocrx_word' id='word_1_4' title='bbox 1099 437 1152 494; x_wconf 84' lang='grc'><strong>377</strong></span> 
     </span>
    </p>
   </div>
   <div class='ocr_carea' id='block_1_2' title="bbox 29 577 1151 1549">
    <p class='ocr_par' dir='ltr' id='par_1_2' title="bbox 29 577 1151 1549">
     <span class='ocr_line' id='line_1_2' title="bbox 36 577 1149 668; baseline 0.004 -27"><span class='ocrx_word' id='word_1_5' title='bbox 36 577 141 664; x_wconf 76' lang='grc'>(1283)</span> <span class='ocrx_word' id='word_1_6' title='bbox 165 583 199 644; x_wconf 91' lang='lat' dir='ltr'><strong>in</strong></span> <span class='ocrx_word' id='word_1_7' title='bbox 223 583 346 646; x_wconf 90' lang='lat' dir='ltr'><strong>unione</strong></span> <span class='ocrx_word' id='word_1_8' title='bbox 370 604 608 668; x_wconf 85' lang='lat' dir='ltr'><strong>perseverasse,</strong></span> <span class='ocrx_word' id='word_1_9' title='bbox 633 597 666 648; x_wconf 87' lang='lat' dir='ltr'><strong>et</strong></span> <span class='ocrx_word' id='word_1_10' title='bbox 681 583 863 648; x_wconf 83' lang='lat' dir='ltr'><strong>Ilartinum</strong></span> <span class='ocrx_word' id='word_1_11' title='bbox 881 582 929 646; x_wconf 88' lang='lat' dir='ltr'><strong>IV</strong></span> <span class='ocrx_word' id='word_1_12' title='bbox 950 581 1036 647; x_wconf 89' lang='lat' dir='ltr'><strong>mala</strong></span> <span class='ocrx_word' id='word_1_13' title='bbox 1060 582 1149 646; x_wconf 81' lang='lat' dir='ltr'><strong>fama</strong></span> 
     </span>
     <span class='ocr_line' id='line_1_3' title="bbox 36 675 1151 768; baseline 0.004 -30"><span class='ocrx_word' id='word_1_14' title='bbox 36 675 128 740; x_wconf 87' lang='lat' dir='ltr'><strong>luisse</strong></span> <span class='ocrx_word' id='word_1_15' title='bbox 150 678 336 764; x_wconf 89' lang='lat' dir='ltr'><strong>deceptum.</strong></span> <span class='ocrx_word' id='word_1_16' title='bbox 386 680 599 746; x_wconf 74' lang='lat' dir='ltr'>Andronicus</span> <span class='ocrx_word' id='word_1_17' title='bbox 622 683 673 762; x_wconf 91' lang='lat'><strong>11,</strong></span> <span class='ocrx_word' id='word_1_18' title='bbox 708 683 764 768; x_wconf 93' lang='lat' dir='ltr'><strong>qui</strong></span> <span class='ocrx_word' id='word_1_19' title='bbox 789 679 946 745; x_wconf 75' lang='lat' dir='ltr'><strong>Michacti</strong></span> <span class='ocrx_word' id='word_1_20' title='bbox 971 681 1055 766; x_wconf 90' lang='lat' dir='ltr'><strong>patri</strong></span> <span class='ocrx_word' id='word_1_21' title='bbox 1080 701 1151 743; x_wconf 90' lang='lat' dir='ltr'><strong>suc·</strong></span> 
     </span>
     <span class='ocr_line' id='line_1_4' title="bbox 35 775 1151 855; baseline 0.005 -21"><span class='ocrx_word' id='word_1_22' title='bbox 35 775 140 855; x_wconf 89' lang='lat' dir='ltr'><strong>cessit,</strong></span> <span class='ocrx_word' id='word_1_23' title='bbox 172 797 305 842; x_wconf 89' lang='lat' dir='ltr'><strong>omnem</strong></span> <span class='ocrx_word' id='word_1_24' title='bbox 329 799 405 841; x_wconf 89' lang='lat' dir='ltr'><strong>cum</strong></span> <span class='ocrx_word' id='word_1_25' title='bbox 429 777 533 843; x_wconf 88' lang='lat' dir='ltr'><strong>latina</strong></span> <span class='ocrx_word' id='word_1_26' title='bbox 557 799 615 844; x_wconf 90' lang='lat' dir='ltr'><strong>seu</strong></span> <span class='ocrx_word' id='word_1_27' title='bbox 639 777 975 844; x_wconf 85' lang='lat' dir='ltr'><strong>Romano-catholica</strong></span> <span class='ocrx_word' id='word_1_28' title='bbox 999 776 1151 842; x_wconf 78' lang='lat' dir='ltr'><strong>Ecclesia</strong></span> 
     </span>
     <span class='ocr_line' id='line_1_5' title="bbox 34 871 1151 964; baseline 0.004 -30"><span class='ocrx_word' id='word_1_29' title='bbox 34 871 238 938; x_wconf 74' lang='lat' dir='ltr'><strong>concordiam</strong></span> <span class='ocrx_word' id='word_1_30' title='bbox 261 875 406 962; x_wconf 82' lang='lat' dir='ltr'><strong>abrupit,</strong></span> <span class='ocrx_word' id='word_1_31' title='bbox 431 877 660 944; x_wconf 85' lang='lat' dir='ltr'><strong>schismaticos</strong></span> <span class='ocrx_word' id='word_1_32' title='bbox 679 879 852 964; x_wconf 88' lang='lat' dir='ltr'><strong>episcopos</strong></span> <span class='ocrx_word' id='word_1_33' title='bbox 876 899 895 942; x_wconf 89' lang='lat' dir='ltr'><strong>a</strong></span> <span class='ocrx_word' id='word_1_34' title='bbox 919 888 1012 962; x_wconf 91' lang='lat' dir='ltr'><strong>patre</strong></span> <span class='ocrx_word' id='word_1_35' title='bbox 1029 877 1151 961; x_wconf 87' lang='lat' dir='ltr'><strong>ejectos</strong></span> 
     </span>
     <span class='ocr_line' id='line_1_6' title="bbox 34 971 1150 1059; baseline 0.004 -29"><span class='ocrx_word' id='word_1_36' title='bbox 34 971 177 1052; x_wconf 78' lang='lat' dir='ltr'><strong>restituit,</strong></span> <span class='ocrx_word' id='word_1_37' title='bbox 203 983 236 1036; x_wconf 88' lang='lat' dir='ltr'><strong>et</strong></span> <span class='ocrx_word' id='word_1_38' title='bbox 258 975 444 1039; x_wconf 81' lang='lat' dir='ltr'><strong>nnIcnistas</strong></span> <span class='ocrx_word' id='word_1_39' title='bbox 468 976 649 1040; x_wconf 89' lang='lat' dir='ltr'><strong>insectatus</strong></span> <span class='ocrx_word' id='word_1_40' title='bbox 672 986 731 1040; x_wconf 90' lang='lat' dir='ltr'><strong>est.</strong></span> <span class='ocrx_word' id='word_1_41' title='bbox 778 973 991 1039; x_wconf 80' lang='lat' dir='ltr'><strong>Andronicus</strong></span> <span class='ocrx_word' id='word_1_42' title='bbox 1007 973 1069 1054; x_wconf 88' lang='grc' dir='ltr'>ΙΙΙ,</span> <span class='ocrx_word' id='word_1_43' title='bbox 1094 975 1150 1059; x_wconf 93' lang='lat' dir='ltr'><strong>qui</strong></span> 
     </span>
     <span class='ocr_line' id='line_1_7' title="bbox 32 1069 1150 1157; baseline 0.004 -27"><span class='ocrx_word' id='word_1_44' title='bbox 32 1089 59 1130; x_wconf 91' lang='lat' dir='ltr'><strong>a.</strong></span> <span class='ocrx_word' id='word_1_45' title='bbox 83 1069 166 1132; x_wconf 78' lang='lat'><strong>1327</strong></span> <span class='ocrx_word' id='word_1_46' title='bbox 191 1069 319 1156; x_wconf 87' lang='lat' dir='ltr'><strong>dejecto</strong></span> <span class='ocrx_word' id='word_1_47' title='bbox 353 1094 416 1136; x_wconf 82' lang='lat' dir='ltr'><strong>avo</strong></span> <span class='ocrx_word' id='word_1_48' title='bbox 441 1095 500 1138; x_wconf 91' lang='lat' dir='ltr'><strong>sno</strong></span> <span class='ocrx_word' id='word_1_49' title='bbox 524 1073 718 1138; x_wconf 84' lang='lat' dir='ltr'><strong>Andronico</strong></span> <span class='ocrx_word' id='word_1_50' title='bbox 742 1073 776 1137; x_wconf 91' lang='grc' dir='ltr'><strong>Π</strong></span> <span class='ocrx_word' id='word_1_51' title='bbox 799 1074 976 1157; x_wconf 89' lang='lat' dir='ltr'><strong>Imperium</strong></span> <span class='ocrx_word' id='word_1_52' title='bbox 1000 1072 1150 1157; x_wconf 87' lang='lat' dir='ltr'><strong>arripuit,</strong></span> 
     </span>
     <span class='ocr_line' id='line_1_8' title="bbox 33 1167 1151 1254; baseline 0.004 -27"><span class='ocrx_word' id='word_1_53' title='bbox 33 1187 59 1230; x_wconf 90' lang='lat' dir='ltr'><strong>a.</strong></span> <span class='ocrx_word' id='word_1_54' title='bbox 93 1167 178 1234; x_wconf 85' lang='lat'><strong>1339</strong></span> <span class='ocrx_word' id='word_1_55' title='bbox 213 1168 339 1254; x_wconf 86' lang='lat' dir='ltr'><strong>legatos</strong></span> <span class='ocrx_word' id='word_1_56' title='bbox 373 1173 464 1236; x_wconf 89' lang='lat' dir='ltr'><strong>misit</strong></span> <span class='ocrx_word' id='word_1_57' title='bbox 497 1171 540 1236; x_wconf 88' lang='lat' dir='ltr'><strong>sd</strong></span> <span class='ocrx_word' id='word_1_58' title='bbox 575 1171 794 1236; x_wconf 90' lang='lat' dir='ltr'><strong>Benedictnm</strong></span> <span class='ocrx_word' id='word_1_59' title='bbox 830 1171 899 1234; x_wconf 91' lang='lat' dir='ltr'><strong>Xll</strong></span> <span class='ocrx_word' id='word_1_60' title='bbox 942 1168 983 1234; x_wconf 93' lang='lat' dir='ltr'><strong>de</strong></span> <span class='ocrx_word' id='word_1_61' title='bbox 1018 1171 1151 1254; x_wconf 91' lang='lat' dir='ltr'><strong>negotio</strong></span> 
     </span>
     <span class='ocr_line' id='line_1_9' title="bbox 34 1264 1149 1355; baseline 0.007 -31"><span class='ocrx_word' id='word_1_62' title='bbox 34 1264 157 1330; x_wconf 89' lang='lat' dir='ltr'><strong>unionis</strong></span> <span class='ocrx_word' id='word_1_63' title='bbox 181 1276 213 1330; x_wconf 91' lang='lat' dir='ltr'><strong>et</strong></span> <span class='ocrx_word' id='word_1_64' title='bbox 237 1265 278 1331; x_wconf 90' lang='lat' dir='ltr'><strong>de</strong></span> <span class='ocrx_word' id='word_1_65' title='bbox 301 1269 497 1355; x_wconf 89' lang='lat' dir='ltr'><strong>accipiendo</strong></span> <span class='ocrx_word' id='word_1_66' title='bbox 522 1281 637 1334; x_wconf 87' lang='lat' dir='ltr'><strong>contra</strong></span> <span class='ocrx_word' id='word_1_67' title='bbox 651 1269 778 1333; x_wconf 85' lang='lat' dir='ltr'><strong>Turcas</strong></span> <span class='ocrx_word' id='word_1_68' title='bbox 792 1268 918 1332; x_wconf 88' lang='lat' dir='ltr'><strong>auxilio</strong></span> <span class='ocrx_word' id='word_1_69' title='bbox 941 1277 1149 1332; x_wconf 79' lang='lat' dir='ltr'><strong>tractaturos.</strong></span> 
     </span>
     <span class='ocr_line' id='line_1_10' title="bbox 34 1359 1149 1450; baseline 0.008 -29"><span class='ocrx_word' id='word_1_70' title='bbox 34 1359 148 1428; x_wconf 89' lang='lat' dir='ltr'><strong>Verum</strong></span> <span class='ocrx_word' id='word_1_71' title='bbox 174 1363 273 1450; x_wconf 88' lang='lat' dir='ltr'><strong>culpa</strong></span> <span class='ocrx_word' id='word_1_72' title='bbox 290 1364 494 1432; x_wconf 86' lang='lat' dir='ltr'><strong>Graecorum</strong></span> <span class='ocrx_word' id='word_1_73' title='bbox 518 1365 602 1431; x_wconf 91' lang='lat' dir='ltr'><strong>nihil</strong></span> <span class='ocrx_word' id='word_1_74' title='bbox 623 1367 778 1432; x_wconf 84' lang='lat' dir='ltr'><strong>effectum</strong></span> <span class='ocrx_word' id='word_1_75' title='bbox 795 1379 862 1446; x_wconf 77' lang='lat' dir='ltr'><strong>est3</strong></span> <span class='ocrx_word' id='word_1_76' title='bbox 887 1375 1033 1431; x_wconf 88' lang='lat' dir='ltr'><strong>attamen</strong></span> <span class='ocrx_word' id='word_1_77' title='bbox 1050 1366 1149 1430; x_wconf 88' lang='lat' dir='ltr'><strong>etiam</strong></span> 
     </span>
     <span class='ocr_line' id='line_1_11' title="bbox 29 1457 1149 1549; baseline 0.005 -29"><span class='ocrx_word' id='word_1_78' title='bbox 29 1457 86 1522; x_wconf 92' lang='lat' dir='ltr'><strong>snb</strong></span> <span class='ocrx_word' id='word_1_79' title='bbox 102 1462 319 1547; x_wconf 88' lang='lat' dir='ltr'><strong>sequentibus</strong></span> <span class='ocrx_word' id='word_1_80' title='bbox 334 1464 564 1549; x_wconf 84' lang='lat' dir='ltr'><strong>Pontificibus,</strong></span> <span class='ocrx_word' id='word_1_81' title='bbox 583 1463 753 1530; x_wconf 88' lang='lat' dir='ltr'><strong>Clemente</strong></span> <span class='ocrx_word' id='word_1_82' title='bbox 769 1463 817 1527; x_wconf 96' lang='lat' dir='ltr'><strong>Vl</strong></span> <span class='ocrx_word' id='word_1_83' title='bbox 832 1474 865 1527; x_wconf 89' lang='lat' dir='ltr'><strong>et</strong></span> <span class='ocrx_word' id='word_1_84' title='bbox 878 1465 1073 1528; x_wconf 80' lang='lat' dir='ltr'><strong>Innocentio</strong></span> <span class='ocrx_word' id='word_1_85' title='bbox 1090 1463 1149 1538; x_wconf 87' lang='lat' dir='ltr'><strong>VI,</strong></span> 
     </span>
    </p>
   </div>
   <div class='ocr_carea' id='block_1_3' title="bbox 1190 582 1295 625">
    <p class='ocr_par' dir='ltr' id='par_1_3' title="bbox 1190 582 1295 625">
     <span class='ocr_line' id='line_1_12' title="bbox 1190 582 1295 625; baseline 0.01 -1"><span class='ocrx_word' id='word_1_86' title='bbox 1190 582 1295 625; x_wconf 70' lang='lat' dir='ltr'><strong>Solutum</strong></span> 
     </span>
    </p>
   </div>
   <div class='ocr_carea' id='block_1_4' title="bbox 1163 646 1311 688">
    <p class='ocr_par' dir='ltr' id='par_1_4' title="bbox 1163 646 1311 688">
     <span class='ocr_line' id='line_1_13' title="bbox 1163 646 1311 688; baseline 0.007 -2"><span class='ocrx_word' id='word_1_87' title='bbox 1163 646 1311 688; x_wconf 78' lang='lat' dir='ltr'><strong>Graecorum.</strong></span> 
     </span>
    </p>
   </div>
   <div class='ocr_carea' id='block_1_5' title="bbox 31 1560 1183 1640">
    <p class='ocr_par' dir='ltr' id='par_1_5' title="bbox 31 1560 1183 1640">
     <span class='ocr_line' id='line_1_14' title="bbox 31 1560 1183 1640; baseline 0.007 -24"><span class='ocrx_word' id='word_1_88' title='bbox 31 1560 203 1640; x_wconf 81' lang='lat' dir='ltr'><strong>negotiatio</strong></span> <span class='ocrx_word' id='word_1_89' title='bbox 248 1560 289 1625; x_wconf 88' lang='lat' dir='ltr'><strong>de</strong></span> <span class='ocrx_word' id='word_1_90' title='bbox 324 1563 447 1627; x_wconf 88' lang='lat' dir='ltr'><strong>unione</strong></span> <span class='ocrx_word' id='word_1_91' title='bbox 483 1563 688 1628; x_wconf 89' lang='lat' dir='ltr'><strong>Graecorum</strong></span> <span class='ocrx_word' id='word_1_92' title='bbox 724 1585 790 1627; x_wconf 89' lang='lat' dir='ltr'><strong>non</strong></span> <span class='ocrx_word' id='word_1_93' title='bbox 826 1564 961 1627; x_wconf 90' lang='lat' dir='ltr'><strong>omuino</strong></span> <span class='ocrx_word' id='word_1_94' title='bbox 997 1563 1149 1626; x_wconf 83' lang='lat' dir='ltr'><strong>cessavit.</strong></span> <span class='ocrx_word' id='word_1_95' title='bbox 1180 1601 1183 1606; x_wconf 76' lang='lat'><strong>,</strong></span> 
     </span>
    </p>
   </div>
   <div class='ocr_carea' id='block_1_6' title="bbox 24 1651 1151 2432">
    <p class='ocr_par' dir='ltr' id='par_1_6' title="bbox 24 1651 1151 2432">
     <span class='ocr_line' id='line_1_15' title="bbox 27 1651 1150 1746; baseline 0.006 -30"><span class='ocrx_word' id='word_1_96' title='bbox 27 1651 93 1718; x_wconf 87' lang='lat' dir='ltr'><strong>Sub</strong></span> <span class='ocrx_word' id='word_1_97' title='bbox 118 1656 255 1724; x_wconf 91' lang='lat' dir='ltr'><strong>Urbano</strong></span> <span class='ocrx_word' id='word_1_98' title='bbox 281 1659 311 1722; x_wconf 90' lang='lat' dir='ltr'>V</span> <span class='ocrx_word' id='word_1_99' title='bbox 334 1659 483 1724; x_wconf 80' lang='lat' dir='ltr'><strong>loannes</strong></span> <span class='ocrx_word' id='word_1_100' title='bbox 508 1660 722 1745; x_wconf 86' lang='lat' dir='ltr'><strong>Palacclogus</strong></span> <span class='ocrx_word' id='word_1_101' title='bbox 746 1661 930 1746; x_wconf 89' lang='lat' dir='ltr'><strong>Imperator</strong></span> <span class='ocrx_word' id='word_1_102' title='bbox 958 1659 1150 1746; x_wconf 90' lang='lat' dir='ltr'><strong>undiquea</strong></span> 
     </span>
     <span class='ocr_line' id='line_1_16' title="bbox 29 1749 1151 1844; baseline 0.004 -30"><span class='ocrx_word' id='word_1_103' title='bbox 29 1749 141 1818; x_wconf 73' lang='lat' dir='ltr'><strong>Tuscis</strong></span> <span class='ocrx_word' id='word_1_104' title='bbox 166 1757 345 1841; x_wconf 84' lang='lat' dir='ltr'><strong>impetitus,</strong></span> <span class='ocrx_word' id='word_1_105' title='bbox 370 1758 593 1843; x_wconf 87' lang='lat' dir='ltr'><strong>patriarcham</strong></span> <span class='ocrx_word' id='word_1_106' title='bbox 609 1759 780 1824; x_wconf 88' lang='lat' dir='ltr'><strong>CPtanum</strong></span> <span class='ocrx_word' id='word_1_107' title='bbox 805 1769 837 1822; x_wconf 89' lang='lat' dir='ltr'><strong>et</strong></span> <span class='ocrx_word' id='word_1_108' title='bbox 858 1757 984 1844; x_wconf 85' lang='lat' dir='ltr'><strong>aliquot</strong></span> <span class='ocrx_word' id='word_1_109' title='bbox 999 1779 1151 1843; x_wconf 88' lang='lat' dir='ltr'><strong>proceres</strong></span> 
     </span>
     <span class='ocr_line' id='line_1_17' title="bbox 26 1848 1151 1944; baseline 0.008 -34"><span class='ocrx_word' id='word_1_110' title='bbox 26 1848 66 1912; x_wconf 87' lang='lat' dir='ltr'><strong>ad</strong></span> <span class='ocrx_word' id='word_1_111' title='bbox 89 1851 287 1918; x_wconf 87' lang='lat' dir='ltr'><strong>Pontificem</strong></span> <span class='ocrx_word' id='word_1_112' title='bbox 316 1855 459 1942; x_wconf 90' lang='lat' dir='ltr'><strong>legavit,</strong></span> <span class='ocrx_word' id='word_1_113' title='bbox 495 1860 550 1944; x_wconf 90' lang='lat' dir='ltr'><strong>qui</strong></span> <span class='ocrx_word' id='word_1_114' title='bbox 578 1857 792 1943; x_wconf 85' lang='lat' dir='ltr'><strong>Imperatoris</strong></span> <span class='ocrx_word' id='word_1_115' title='bbox 823 1862 957 1922; x_wconf 80' lang='lat' dir='ltr'><strong>nomIne</strong></span> <span class='ocrx_word' id='word_1_116' title='bbox 981 1857 1151 1921; x_wconf 89' lang='lat' dir='ltr'><strong>Romanae</strong></span> 
     </span>
     <span class='ocr_line' id='line_1_18' title="bbox 28 1947 1150 2041; baseline 0.008 -32"><span class='ocrx_word' id='word_1_117' title='bbox 28 1947 183 2014; x_wconf 89' lang='lat' dir='ltr'><strong>ecclesiae</strong></span> <span class='ocrx_word' id='word_1_118' title='bbox 214 1951 410 2040; x_wconf 79' lang='lat' dir='ltr'><strong>obsequium</strong></span> <span class='ocrx_word' id='word_1_119' title='bbox 435 1954 653 2041; x_wconf 83' lang='lat' dir='ltr'><strong>sponderent,</strong></span> <span class='ocrx_word' id='word_1_120' title='bbox 689 1967 722 2020; x_wconf 91' lang='lat' dir='ltr'><strong>et</strong></span> <span class='ocrx_word' id='word_1_121' title='bbox 744 1955 870 2020; x_wconf 86' lang='lat' dir='ltr'><strong>auxilia</strong></span> <span class='ocrx_word' id='word_1_122' title='bbox 903 1965 1018 2019; x_wconf 85' lang='lat' dir='ltr'><strong>contra</strong></span> <span class='ocrx_word' id='word_1_123' title='bbox 1041 1953 1150 2018; x_wconf 86' lang='lat' dir='ltr'><strong>hostes</strong></span> 
     </span>
     <span class='ocr_line' id='line_1_19' title="bbox 26 2051 1149 2140; baseline 0.004 -31"><span class='ocrx_word' id='word_1_124' title='bbox 26 2057 181 2128; x_wconf 88' lang='lat' dir='ltr'><strong>peterent.</strong></span> <span class='ocrx_word' id='word_1_125' title='bbox 233 2051 338 2116; x_wconf 91' lang='lat' dir='ltr'><strong>Paulo</strong></span> <span class='ocrx_word' id='word_1_126' title='bbox 369 2063 443 2139; x_wconf 89' lang='lat' dir='ltr'><strong>post</strong></span> <span class='ocrx_word' id='word_1_127' title='bbox 474 2061 517 2136; x_wconf 89' lang='lat' dir='ltr'><strong>(a.</strong></span> <span class='ocrx_word' id='word_1_128' title='bbox 554 2055 652 2136; x_wconf 87' lang='lat'>1369)</span> <span class='ocrx_word' id='word_1_129' title='bbox 684 2055 868 2140; x_wconf 87' lang='lat' dir='ltr'><strong>Imperator</strong></span> <span class='ocrx_word' id='word_1_130' title='bbox 899 2055 969 2139; x_wconf 89' lang='lat' dir='ltr'><strong>ipse</strong></span> <span class='ocrx_word' id='word_1_131' title='bbox 999 2053 1149 2137; x_wconf 81' lang='lat' dir='ltr'><strong>Romam,</strong></span> 
     </span>
     <span class='ocr_line' id='line_1_20' title="bbox 27 2142 1149 2238; baseline 0.007 -33"><span class='ocrx_word' id='word_1_132' title='bbox 27 2142 79 2208; x_wconf 91' lang='lat' dir='ltr'><strong>uhi</strong></span> <span class='ocrx_word' id='word_1_133' title='bbox 103 2156 186 2211; x_wconf 90' lang='lat' dir='ltr'><strong>tunc</strong></span> <span class='ocrx_word' id='word_1_134' title='bbox 209 2148 331 2234; x_wconf 86' lang='lat' dir='ltr'><strong>agebat</strong></span> <span class='ocrx_word' id='word_1_135' title='bbox 345 2151 502 2216; x_wconf 86' lang='lat' dir='ltr'><strong>Urbanus</strong></span> <span class='ocrx_word' id='word_1_136' title='bbox 519 2151 560 2233; x_wconf 84' lang='lat' dir='ltr'><strong>V,</strong></span> <span class='ocrx_word' id='word_1_137' title='bbox 586 2154 687 2234; x_wconf 87' lang='lat' dir='ltr'><strong>venit,</strong></span> <span class='ocrx_word' id='word_1_138' title='bbox 712 2151 894 2217; x_wconf 90' lang='lat' dir='ltr'><strong>secundum</strong></span> <span class='ocrx_word' id='word_1_139' title='bbox 912 2151 1149 2238; x_wconf 87' lang='lat' dir='ltr'><strong>praescriptam</strong></span> 
     </span>
     <span class='ocr_line' id='line_1_21' title="bbox 24 2241 1147 2336; baseline 0.006 -32"><span class='ocrx_word' id='word_1_140' title='bbox 24 2241 197 2308; x_wconf 80' lang='lat' dir='ltr'><strong>formulam</strong></span> <span class='ocrx_word' id='word_1_141' title='bbox 222 2246 366 2312; x_wconf 87' lang='lat' dir='ltr'><strong>schisma</strong></span> <span class='ocrx_word' id='word_1_142' title='bbox 390 2249 543 2334; x_wconf 84' lang='lat' dir='ltr'><strong>ejuravit,</strong></span> <span class='ocrx_word' id='word_1_143' title='bbox 569 2260 601 2312; x_wconf 90' lang='lat' dir='ltr'><strong>et</strong></span> <span class='ocrx_word' id='word_1_144' title='bbox 623 2249 723 2314; x_wconf 87' lang='lat' dir='ltr'><strong>fidem</strong></span> <span class='ocrx_word' id='word_1_145' title='bbox 749 2248 947 2314; x_wconf 88' lang='lat' dir='ltr'><strong>catholicam</strong></span> <span class='ocrx_word' id='word_1_146' title='bbox 971 2247 1147 2336; x_wconf 85' lang='lat' dir='ltr'><strong>professus,</strong></span> 
     </span>
     <span class='ocr_line' id='line_1_22' title="bbox 24 2339 1148 2432; baseline 0.007 -30"><span class='ocrx_word' id='word_1_147' title='bbox 24 2339 161 2407; x_wconf 86' lang='lat' dir='ltr'><strong>solemni</strong></span> <span class='ocrx_word' id='word_1_148' title='bbox 195 2345 292 2410; x_wconf 89' lang='lat' dir='ltr'><strong>modo</strong></span> <span class='ocrx_word' id='word_1_149' title='bbox 325 2346 358 2411; x_wconf 92' lang='lat' dir='ltr'><strong>in</strong></span> <span class='ocrx_word' id='word_1_150' title='bbox 392 2349 660 2411; x_wconf 90' lang='lat' dir='ltr'><strong>communionem</strong></span> <span class='ocrx_word' id='word_1_151' title='bbox 692 2345 862 2411; x_wconf 86' lang='lat' dir='ltr'><strong>Ecclesiae</strong></span> <span class='ocrx_word' id='word_1_152' title='bbox 894 2355 1046 2432; x_wconf 86' lang='lat' dir='ltr'><strong>receptus</strong></span> <span class='ocrx_word' id='word_1_153' title='bbox 1077 2345 1148 2410; x_wconf 86' lang='lat' dir='ltr'><strong>luit.</strong></span> 
     </span>
    </p>
   </div>
   <div class='ocr_carea' id='block_1_7' title="bbox 23 2437 1150 2924">
    <p class='ocr_par' dir='ltr' id='par_1_7' title="bbox 23 2437 1150 2924">
     <span class='ocr_line' id='line_1_23' title="bbox 25 2437 1150 2532; baseline 0.005 -32"><span class='ocrx_word' id='word_1_154' title='bbox 25 2437 151 2504; x_wconf 87' lang='lat' dir='ltr'><strong>Verum</strong></span> <span class='ocrx_word' id='word_1_155' title='bbox 177 2442 334 2508; x_wconf 90' lang='lat' dir='ltr'><strong>Urbanus</strong></span> <span class='ocrx_word' id='word_1_156' title='bbox 350 2444 381 2507; x_wconf 94' lang='lat' dir='ltr'>V</span> <span class='ocrx_word' id='word_1_157' title='bbox 405 2447 542 2532; x_wconf 87' lang='lat' dir='ltr'><strong>ejusque</strong></span> <span class='ocrx_word' id='word_1_158' title='bbox 566 2466 736 2510; x_wconf 89' lang='lat' dir='ltr'><strong>successor</strong></span> <span class='ocrx_word' id='word_1_159' title='bbox 758 2443 939 2530; x_wconf 82' lang='lat' dir='ltr'><strong>Gregorius</strong></span> <span class='ocrx_word' id='word_1_160' title='bbox 955 2443 1006 2508; x_wconf 91' lang='lat' dir='ltr'><strong>XI</strong></span> <span class='ocrx_word' id='word_1_161' title='bbox 1029 2443 1150 2508; x_wconf 85' lang='lat' dir='ltr'><strong>frustra</strong></span> 
     </span>
     <span class='ocr_line' id='line_1_24' title="bbox 23 2540 1149 2628; baseline 0.004 -30"><span class='ocrx_word' id='word_1_162' title='bbox 23 2540 213 2603; x_wconf 82' lang='lat' dir='ltr'><strong>excitarunt</strong></span> <span class='ocrx_word' id='word_1_163' title='bbox 236 2543 405 2628; x_wconf 84' lang='lat' dir='ltr'><strong>priucipes</strong></span> <span class='ocrx_word' id='word_1_164' title='bbox 429 2543 472 2607; x_wconf 93' lang='lat' dir='ltr'><strong>ad</strong></span> <span class='ocrx_word' id='word_1_165' title='bbox 495 2543 632 2608; x_wconf 87' lang='lat' dir='ltr'><strong>ferenda</strong></span> <span class='ocrx_word' id='word_1_166' title='bbox 649 2542 787 2608; x_wconf 84' lang='lat' dir='ltr'><strong>Graecis</strong></span> <span class='ocrx_word' id='word_1_167' title='bbox 802 2541 939 2606; x_wconf 83' lang='lat' dir='ltr'><strong>auxilia.</strong></span> <span class='ocrx_word' id='word_1_168' title='bbox 977 2540 1032 2604; x_wconf 85' lang='lat' dir='ltr'><strong>Sic</strong></span> <span class='ocrx_word' id='word_1_169' title='bbox 1049 2542 1149 2604; x_wconf 89' lang='lat' dir='ltr'><strong>etiam</strong></span> 
     </span>
     <span class='ocr_line' id='line_1_25' title="bbox 23 2639 1149 2725; baseline 0.004 -27"><span class='ocrx_word' id='word_1_170' title='bbox 23 2639 192 2722; x_wconf 86' lang='lat' dir='ltr'><strong>negotium</strong></span> <span class='ocrx_word' id='word_1_171' title='bbox 228 2642 361 2704; x_wconf 88' lang='lat' dir='ltr'><strong>unionis</strong></span> <span class='ocrx_word' id='word_1_172' title='bbox 407 2663 474 2706; x_wconf 89' lang='lat' dir='ltr'><strong>non</strong></span> <span class='ocrx_word' id='word_1_173' title='bbox 510 2643 697 2706; x_wconf 76' lang='lat' dir='ltr'><strong>contectum</strong></span> <span class='ocrx_word' id='word_1_174' title='bbox 733 2651 799 2723; x_wconf 90' lang='lat' dir='ltr'><strong>est,</strong></span> <span class='ocrx_word' id='word_1_175' title='bbox 847 2643 1021 2725; x_wconf 87' lang='lat' dir='ltr'><strong>ipsumque</strong></span> <span class='ocrx_word' id='word_1_176' title='bbox 1057 2640 1149 2703; x_wconf 90' lang='lat' dir='ltr'><strong>triste</strong></span> 
     </span>
     <span class='ocr_line' id='line_1_26' title="bbox 23 2735 1147 2824; baseline 0 -24"><span class='ocrx_word' id='word_1_177' title='bbox 23 2735 217 2800; x_wconf 87' lang='lat' dir='ltr'><strong>Occidentis</strong></span> <span class='ocrx_word' id='word_1_178' title='bbox 255 2737 399 2802; x_wconf 86' lang='lat' dir='ltr'><strong>schisma</strong></span> <span class='ocrx_word' id='word_1_179' title='bbox 429 2759 553 2803; x_wconf 83' lang='lat' dir='ltr'><strong>novum</strong></span> <span class='ocrx_word' id='word_1_180' title='bbox 591 2738 654 2802; x_wconf 81' lang='lat' dir='ltr'><strong>tuit</strong></span> <span class='ocrx_word' id='word_1_181' title='bbox 691 2741 824 2803; x_wconf 89' lang='lat' dir='ltr'><strong>unionis</strong></span> <span class='ocrx_word' id='word_1_182' title='bbox 862 2737 1147 2824; x_wconf 90' lang='lat' dir='ltr'><strong>impedimentum.</strong></span> 
     </span>
     <span class='ocr_line' id='line_1_27' title="bbox 23 2833 1148 2924; baseline 0.001 -28"><span class='ocrx_word' id='word_1_183' title='bbox 23 2833 211 2898; x_wconf 86' lang='lat' dir='ltr'><strong>Videbatur</strong></span> <span class='ocrx_word' id='word_1_184' title='bbox 232 2845 345 2899; x_wconf 87' lang='lat' dir='ltr'><strong>tamen</strong></span> <span class='ocrx_word' id='word_1_185' title='bbox 362 2835 506 2920; x_wconf 89' lang='lat' dir='ltr'><strong>Manuel‚</strong></span> <span class='ocrx_word' id='word_1_186' title='bbox 532 2837 587 2924; x_wconf 92' lang='lat' dir='ltr'><strong>qui</strong></span> <span class='ocrx_word' id='word_1_187' title='bbox 613 2838 708 2902; x_wconf 87' lang='lat' dir='ltr'><strong>initio</strong></span> <span class='ocrx_word' id='word_1_188' title='bbox 723 2835 845 2902; x_wconf 91' lang='lat' dir='ltr'><strong>saeculi</strong></span> <span class='ocrx_word' id='word_1_189' title='bbox 861 2833 927 2900; x_wconf 90' lang='lat' dir='ltr'><strong>XV</strong></span> <span class='ocrx_word' id='word_1_190' title='bbox 944 2833 1148 2901; x_wconf 85' lang='lat' dir='ltr'><strong>Graecorum</strong></span> 
     </span>
    </p>
   </div>
   <div class='ocr_carea' id='block_1_8' title="bbox 10 2931 1149 4294">
    <p class='ocr_par' dir='ltr' id='par_1_8' title="bbox 17 2931 1149 3880">
     <span class='ocr_line' id='line_1_28' title="bbox 21 2931 1149 3021; baseline 0 -27"><span class='ocrx_word' id='word_1_191' title='bbox 21 2931 208 3018; x_wconf 87' lang='lat' dir='ltr'><strong>Imperator</strong></span> <span class='ocrx_word' id='word_1_192' title='bbox 231 2943 311 3014; x_wconf 90' lang='lat' dir='ltr'><strong>erat,</strong></span> <span class='ocrx_word' id='word_1_193' title='bbox 336 2936 492 2998; x_wconf 90' lang='lat' dir='ltr'><strong>unionem</strong></span> <span class='ocrx_word' id='word_1_194' title='bbox 518 2933 717 3016; x_wconf 87' lang='lat' dir='ltr'><strong>desiderare,</strong></span> <span class='ocrx_word' id='word_1_195' title='bbox 742 2945 774 2999; x_wconf 90' lang='lat' dir='ltr'><strong>et</strong></span> <span class='ocrx_word' id='word_1_196' title='bbox 797 2945 871 3021; x_wconf 90' lang='lat' dir='ltr'><strong>post</strong></span> <span class='ocrx_word' id='word_1_197' title='bbox 890 2945 1028 2998; x_wconf 87' lang='lat' dir='ltr'><strong>mortem</strong></span> <span class='ocrx_word' id='word_1_198' title='bbox 1045 2933 1149 3017; x_wconf 89' lang='lat' dir='ltr'><strong>ipsius</strong></span> 
     </span>
     <span class='ocr_line' id='line_1_29' title="bbox 20 3031 1147 3117; baseline 0.002 -26"><span class='ocrx_word' id='word_1_199' title='bbox 20 3033 62 3108; x_wconf 86' lang='lat' dir='ltr'><strong>(a.</strong></span> <span class='ocrx_word' id='word_1_200' title='bbox 92 3031 193 3112; x_wconf 85' lang='lat'>1418)</span> <span class='ocrx_word' id='word_1_201' title='bbox 226 3031 297 3116; x_wconf 89' lang='lat' dir='ltr'><strong>ejus</strong></span> <span class='ocrx_word' id='word_1_202' title='bbox 321 3031 408 3096; x_wconf 87' lang='lat' dir='ltr'><strong>filius</strong></span> <span class='ocrx_word' id='word_1_203' title='bbox 432 3043 464 3096; x_wconf 89' lang='lat' dir='ltr'><strong>et</strong></span> <span class='ocrx_word' id='word_1_204' title='bbox 488 3053 658 3098; x_wconf 87' lang='lat' dir='ltr'><strong>successor</strong></span> <span class='ocrx_word' id='word_1_205' title='bbox 679 3031 827 3100; x_wconf 86' lang='lat' dir='ltr'><strong>Joannes</strong></span> <span class='ocrx_word' id='word_1_206' title='bbox 850 3031 884 3096; x_wconf 93' lang='lat' dir='ltr'><strong>II</strong></span> <span class='ocrx_word' id='word_1_207' title='bbox 907 3034 1006 3096; x_wconf 88' lang='lat' dir='ltr'><strong>ctiam</strong></span> <span class='ocrx_word' id='word_1_208' title='bbox 1032 3031 1147 3117; x_wconf 88' lang='lat' dir='ltr'><strong>majori</strong></span> 
     </span>
     <span class='ocr_line' id='line_1_30' title="bbox 22 3125 1149 3217; baseline 0.002 -27"><span class='ocrx_word' id='word_1_209' title='bbox 22 3148 96 3191; x_wconf 90' lang='lat' dir='ltr'><strong>cum</strong></span> <span class='ocrx_word' id='word_1_210' title='bbox 123 3129 252 3192; x_wconf 83' lang='lat' dir='ltr'><strong>fervore</strong></span> <span class='ocrx_word' id='word_1_211' title='bbox 269 3131 438 3212; x_wconf 89' lang='lat' dir='ltr'><strong>negotium</strong></span> <span class='ocrx_word' id='word_1_212' title='bbox 464 3129 544 3195; x_wconf 88' lang='lat' dir='ltr'><strong>illud</strong></span> <span class='ocrx_word' id='word_1_213' title='bbox 562 3133 737 3217; x_wconf 85' lang='lat' dir='ltr'><strong>promovit.</strong></span> <span class='ocrx_word' id='word_1_214' title='bbox 775 3132 940 3194; x_wconf 87' lang='lat' dir='ltr'><strong>Martinus</strong></span> <span class='ocrx_word' id='word_1_215' title='bbox 956 3127 986 3192; x_wconf 81' lang='lat' dir='ltr'>V</span> <span class='ocrx_word' id='word_1_216' title='bbox 1003 3125 1149 3192; x_wconf 82' lang='lat' dir='ltr'><strong>Graecos</strong></span> 
     </span>
     <span class='ocr_line' id='line_1_31' title="bbox 20 3223 1147 3313; baseline 0.002 -25"><span class='ocrx_word' id='word_1_217' title='bbox 20 3226 181 3290; x_wconf 86' lang='lat' dir='ltr'><strong>invitavit</strong></span> <span class='ocrx_word' id='word_1_218' title='bbox 211 3227 254 3313; x_wconf 85' lang='lat' dir='ltr'><strong>(a.</strong></span> <span class='ocrx_word' id='word_1_219' title='bbox 282 3227 398 3312; x_wconf 85' lang='lat'><strong>1430),</strong></span> <span class='ocrx_word' id='word_1_220' title='bbox 435 3239 471 3292; x_wconf 90' lang='lat' dir='ltr'><strong>ut</strong></span> <span class='ocrx_word' id='word_1_221' title='bbox 494 3227 537 3292; x_wconf 89' lang='lat' dir='ltr'><strong>ad</strong></span> <span class='ocrx_word' id='word_1_222' title='bbox 563 3227 750 3293; x_wconf 85' lang='lat' dir='ltr'><strong>Concilium</strong></span> <span class='ocrx_word' id='word_1_223' title='bbox 774 3223 925 3292; x_wconf 87' lang='lat' dir='ltr'><strong>Basileae</strong></span> <span class='ocrx_word' id='word_1_224' title='bbox 955 3225 1147 3291; x_wconf 88' lang='lat' dir='ltr'><strong>habendum</strong></span> 
     </span>
     <span class='ocr_line' id='line_1_32' title="bbox 21 3325 1149 3412; baseline 0.002 -27"><span class='ocrx_word' id='word_1_225' title='bbox 21 3325 192 3407; x_wconf 88' lang='lat' dir='ltr'><strong>venirent,</strong></span> <span class='ocrx_word' id='word_1_226' title='bbox 228 3347 268 3388; x_wconf 90' lang='lat' dir='ltr'><strong>ac</strong></span> <span class='ocrx_word' id='word_1_227' title='bbox 291 3335 366 3410; x_wconf 88' lang='lat' dir='ltr'><strong>post</strong></span> <span class='ocrx_word' id='word_1_228' title='bbox 390 3338 527 3390; x_wconf 87' lang='lat' dir='ltr'><strong>mortem</strong></span> <span class='ocrx_word' id='word_1_229' title='bbox 560 3325 659 3412; x_wconf 89' lang='lat' dir='ltr'><strong>hujus</strong></span> <span class='ocrx_word' id='word_1_230' title='bbox 683 3325 854 3391; x_wconf 80' lang='lat' dir='ltr'><strong>Pontificio</strong></span> <span class='ocrx_word' id='word_1_231' title='bbox 885 3325 956 3410; x_wconf 89' lang='lat' dir='ltr'><strong>ejus</strong></span> <span class='ocrx_word' id='word_1_232' title='bbox 979 3345 1149 3388; x_wconf 86' lang='lat' dir='ltr'><strong>successor</strong></span> 
     </span>
     <span class='ocr_line' id='line_1_33' title="bbox 20 3419 1148 3510; baseline 0.002 -26"><span class='ocrx_word' id='word_1_233' title='bbox 20 3419 194 3507; x_wconf 85' lang='lat' dir='ltr'><strong>Eugenins</strong></span> <span class='ocrx_word' id='word_1_234' title='bbox 209 3423 268 3505; x_wconf 88' lang='lat' dir='ltr'><strong>IV,</strong></span> <span class='ocrx_word' id='word_1_235' title='bbox 293 3444 395 3508; x_wconf 91' lang='lat' dir='ltr'><strong>quum</strong></span> <span class='ocrx_word' id='word_1_236' title='bbox 412 3422 619 3489; x_wconf 88' lang='lat' dir='ltr'><strong>Basileenses</strong></span> <span class='ocrx_word' id='word_1_237' title='bbox 643 3426 748 3508; x_wconf 89' lang='lat' dir='ltr'><strong>magis</strong></span> <span class='ocrx_word' id='word_1_238' title='bbox 764 3425 935 3510; x_wconf 91' lang='lat' dir='ltr'><strong>magisque</strong></span> <span class='ocrx_word' id='word_1_239' title='bbox 951 3445 985 3486; x_wconf 88' lang='lat' dir='ltr'><strong>se</strong></span> <span class='ocrx_word' id='word_1_240' title='bbox 1002 3421 1148 3486; x_wconf 87' lang='lat' dir='ltr'><strong>infensos</strong></span> 
     </span>
     <span class='ocr_line' id='line_1_34' title="bbox 18 3521 1148 3608; baseline 0.002 -25"><span class='ocrx_word' id='word_1_241' title='bbox 18 3521 250 3604; x_wconf 89' lang='lat' dir='ltr'><strong>ostenderent,</strong></span> <span class='ocrx_word' id='word_1_242' title='bbox 287 3523 431 3586; x_wconf 88' lang='lat' dir='ltr'><strong>obtinuit</strong></span> <span class='ocrx_word' id='word_1_243' title='bbox 466 3522 507 3586; x_wconf 91' lang='lat' dir='ltr'><strong>ab</strong></span> <span class='ocrx_word' id='word_1_244' title='bbox 544 3521 765 3608; x_wconf 89' lang='lat' dir='ltr'><strong>Imperatore,</strong></span> <span class='ocrx_word' id='word_1_245' title='bbox 801 3531 838 3585; x_wconf 89' lang='lat' dir='ltr'><strong>ut</strong></span> <span class='ocrx_word' id='word_1_246' title='bbox 873 3541 947 3584; x_wconf 92' lang='lat' dir='ltr'><strong>cum</strong></span> <span class='ocrx_word' id='word_1_247' title='bbox 984 3522 1148 3606; x_wconf 92' lang='lat' dir='ltr'><strong>episcopis</strong></span> 
     </span>
     <span class='ocr_line' id='line_1_35' title="bbox 17 3617 1148 3685; baseline 0.002 -5"><span class='ocrx_word' id='word_1_248' title='bbox 17 3620 238 3684; x_wconf 88' lang='lat' dir='ltr'><strong>orientalibus</strong></span> <span class='ocrx_word' id='word_1_249' title='bbox 271 3621 399 3684; x_wconf 85' lang='lat' dir='ltr'><strong>veniret</strong></span> <span class='ocrx_word' id='word_1_250' title='bbox 429 3620 473 3685; x_wconf 90' lang='lat' dir='ltr'><strong>ad</strong></span> <span class='ocrx_word' id='word_1_251' title='bbox 505 3617 691 3685; x_wconf 86' lang='lat' dir='ltr'><strong>Concilium</strong></span> <span class='ocrx_word' id='word_1_252' title='bbox 724 3619 895 3683; x_wconf 84' lang='lat' dir='ltr'><strong>Ferrariae</strong></span> <span class='ocrx_word' id='word_1_253' title='bbox 928 3629 1148 3683; x_wconf 89' lang='lat' dir='ltr'><strong>convocatum</strong></span> 
     </span>
     <span class='ocr_line' id='line_1_36' title="bbox 18 3715 1148 3803; baseline 0.004 -27"><span class='ocrx_word' id='word_1_254' title='bbox 18 3715 72 3780; x_wconf 78' lang='lat' dir='ltr'><strong>vel</strong></span> <span class='ocrx_word' id='word_1_255' title='bbox 98 3717 209 3801; x_wconf 87' lang='lat' dir='ltr'><strong>potius</strong></span> <span class='ocrx_word' id='word_1_256' title='bbox 233 3716 363 3781; x_wconf 89' lang='lat' dir='ltr'><strong>Basilea</strong></span> <span class='ocrx_word' id='word_1_257' title='bbox 393 3717 606 3800; x_wconf 89' lang='lat' dir='ltr'><strong>translatum,</strong></span> <span class='ocrx_word' id='word_1_258' title='bbox 643 3717 732 3803; x_wconf 89' lang='lat' dir='ltr'><strong>qnod</strong></span> <span class='ocrx_word' id='word_1_259' title='bbox 757 3717 834 3781; x_wconf 92' lang='lat' dir='ltr'><strong>dein</strong></span> <span class='ocrx_word' id='word_1_260' title='bbox 860 3715 1049 3780; x_wconf 83' lang='lat' dir='ltr'><strong>Florentiae</strong></span> <span class='ocrx_word' id='word_1_261' title='bbox 1073 3736 1148 3780; x_wconf 89' lang='lat' dir='ltr'><strong>con-</strong></span> 
     </span>
     <span class='ocr_line' id='line_1_37' title="bbox 17 3815 269 3880; baseline 0.012 -4"><span class='ocrx_word' id='word_1_262' title='bbox 17 3815 186 3878; x_wconf 87' lang='lat' dir='ltr'><strong>tinuatum</strong></span> <span class='ocrx_word' id='word_1_263' title='bbox 211 3825 269 3880; x_wconf 87' lang='lat' dir='ltr'><strong>cst.</strong></span> 
     </span>
    </p>

    <p class='ocr_par' dir='ltr' id='par_1_9' title="bbox 10 3911 1147 4294">
     <span class='ocr_line' id='line_1_38' title="bbox 110 3911 1147 3999; baseline -0.001 -22"><span class='ocrx_word' id='word_1_264' title='bbox 110 3913 162 3978; x_wconf 83' lang='lat'><strong>38.</strong></span> <span class='ocrx_word' id='word_1_265' title='bbox 201 3911 327 3999; x_wconf 85' lang='lat' dir='ltr'><strong>Coepta</strong></span> <span class='ocrx_word' id='word_1_266' title='bbox 362 3915 464 3997; x_wconf 89' lang='lat' dir='ltr'><strong>igitur</strong></span> <span class='ocrx_word' id='word_1_267' title='bbox 497 3925 546 3979; x_wconf 90' lang='lat' dir='ltr'><strong>est</strong></span> <span class='ocrx_word' id='word_1_268' title='bbox 588 3913 747 3978; x_wconf 89' lang='lat' dir='ltr'><strong>celebrari</strong></span> <span class='ocrx_word' id='word_1_269' title='bbox 783 3913 955 3977; x_wconf 83' lang='lat' dir='ltr'><strong>Ferrariae</strong></span> <span class='ocrx_word' id='word_1_270' title='bbox 991 3912 1147 3998; x_wconf 85' lang='lat' dir='ltr'><strong>Synodus</strong></span> 
     </span>
     <span class='ocr_line' id='line_1_39' title="bbox 14 4010 1146 4097; baseline 0.001 -25"><span class='ocrx_word' id='word_1_271' title='bbox 14 4013 252 4094; x_wconf 88' lang='lat' dir='ltr'><strong>oecumenica,</strong></span> <span class='ocrx_word' id='word_1_272' title='bbox 276 4011 382 4076; x_wconf 88' lang='lat' dir='ltr'><strong>soluta</strong></span> <span class='ocrx_word' id='word_1_273' title='bbox 401 4011 473 4097; x_wconf 90' lang='lat' dir='ltr'><strong>jam</strong></span> <span class='ocrx_word' id='word_1_274' title='bbox 497 4010 693 4094; x_wconf 91' lang='lat' dir='ltr'><strong>Basileensi,</strong></span> <span class='ocrx_word' id='word_1_275' title='bbox 719 4031 805 4075; x_wconf 90' lang='lat' dir='ltr'><strong>anno</strong></span> <span class='ocrx_word' id='word_1_276' title='bbox 830 4033 850 4074; x_wconf 99' lang='lat' dir='ltr'><strong>a</strong></span> <span class='ocrx_word' id='word_1_277' title='bbox 874 4021 970 4097; x_wconf 90' lang='lat' dir='ltr'><strong>partu</strong></span> <span class='ocrx_word' id='word_1_278' title='bbox 996 4012 1146 4094; x_wconf 89' lang='lat' dir='ltr'><strong>virgineo</strong></span> 
     </span>
     <span class='ocr_line' id='line_1_40' title="bbox 20 4107 1146 4194; baseline 0.004 -26"><span class='ocrx_word' id='word_1_279' title='bbox 20 4107 126 4188; x_wconf 69' lang='lat'><strong>1438,</strong></span> <span class='ocrx_word' id='word_1_280' title='bbox 161 4109 314 4194; x_wconf 88' lang='lat' dir='ltr'><strong>praeside</strong></span> <span class='ocrx_word' id='word_1_281' title='bbox 346 4109 384 4176; x_wconf 91' lang='lat' dir='ltr'><strong>B.</strong></span> <span class='ocrx_word' id='word_1_282' title='bbox 421 4109 557 4174; x_wconf 89' lang='lat' dir='ltr'><strong>Nicolao</strong></span> <span class='ocrx_word' id='word_1_283' title='bbox 591 4108 771 4192; x_wconf 86' lang='lat' dir='ltr'><strong>Albergatc</strong></span> <span class='ocrx_word' id='word_1_284' title='bbox 807 4109 856 4172; x_wconf 90' lang='lat' dir='ltr'><strong>tit.</strong></span> <span class='ocrx_word' id='word_1_285' title='bbox 890 4107 923 4173; x_wconf 89' lang='lat' dir='ltr'><strong>S.</strong></span> <span class='ocrx_word' id='word_1_286' title='bbox 958 4109 1075 4173; x_wconf 89' lang='lat' dir='ltr'><strong>Crucis</strong></span> <span class='ocrx_word' id='word_1_287' title='bbox 1111 4109 1146 4172; x_wconf 91' lang='lat' dir='ltr'><strong>in</strong></span> 
     </span>
     <span class='ocr_line' id='line_1_41' title="bbox 10 4204 1145 4294; baseline 0 -26"><span class='ocrx_word' id='word_1_288' title='bbox 10 4205 203 4272; x_wconf 85' lang='lat' dir='ltr'><strong>Jerusalem</strong></span> <span class='ocrx_word' id='word_1_289' title='bbox 229 4207 399 4273; x_wconf 87' lang='lat' dir='ltr'><strong>Cardinali</strong></span> <span class='ocrx_word' id='word_1_290' title='bbox 430 4207 632 4294; x_wconf 87' lang='lat' dir='ltr'><strong>presbytero.</strong></span> <span class='ocrx_word' id='word_1_291' title='bbox 680 4206 746 4271; x_wconf 87' lang='lat' dir='ltr'><strong>Hic</strong></span> <span class='ocrx_word' id='word_1_292' title='bbox 777 4206 831 4270; x_wconf 94' lang='lat' dir='ltr'><strong>die</strong></span> <span class='ocrx_word' id='word_1_293' title='bbox 862 4205 901 4270; x_wconf 76' lang='grc' dir='ltr'><strong>8ο</strong></span> <span class='ocrx_word' id='word_1_294' title='bbox 923 4204 1076 4269; x_wconf 90' lang='lat' dir='ltr'><strong>Jauuarii</strong></span> <span class='ocrx_word' id='word_1_295' title='bbox 1109 4207 1145 4269; x_wconf 86' lang='lat' dir='ltr'><strong>In</strong></span> 
     </span>
    </p>
   </div>
   <div class='ocr_carea' id='block_1_9' title="bbox 0 0 1456 4848">
    <p class='ocr_par' dir='ltr' id='par_1_10' title="bbox 0 0 1456 4848">
     <span class='ocr_line' id='line_1_42' title="bbox 0 0 1456 4848; baseline 0 4"><span class='ocrx_word' id='word_1_296' title='bbox 0 0 1456 4848; x_wconf 95' lang='lat' dir='ltr'><strong> </strong></span> 
     </span>
    </p>
   </div>
  </div>
 </body>
</html>
