2916 4842
357 470 480 524 Eventus
499 475 560 537 post
578 483 670 536 penem
689 469 854 524 restitutum.
1106 473 1158 526 145

58 613 104 676 dii
118 613 277 692 Catbaros,
303 611 364 678 clii
379 615 530 678 Patrinos
553 614 771 695 (Petarenos),
796 614 857 678 alii
873 614 1071 693 Reblicanos,
1097 612 1158 678 alii

57 713 116 776 eliis
136 711 313 776 nominibus
335 723 458 790 vocant,
483 711 619 776 invaluit
642 713 796 776 damnata
804 713 1012 800 peruersitas,
1035 723 1070 775 ut
1086 716 1158 801 jam

56 813 156 874 nonin
177 808 307 888 occulto,
331 813 412 873 sicut
437 809 548 896 aliqui,
577 813 750 896 nequitiam
783 833 872 874 suam
895 820 1070 886 enerceant,
1103 809 1160 873 sed

54 931 126 972 seem
156 931 293 972 errorem
318 906 446 994 publice
477 909 695 994 manifestent,
729 919 758 972 et
790 909 834 971 ad
857 930 947 972 suum
978 930 1159 971 consensum

53 1005 190 1092 simplices
214 1007 379 1070 attrahant
403 1017 432 1069 et
454 1007 614 1092 infirmos:
645 1028 696 1070 eos
720 1017 750 1069 et
777 1005 959 1092 defensores
992 1028 1096 1069 earum
1130 1016 1160 1068 et

54 1116 208 1190 receptores
232 1106 428 1168 anathemati
452 1105 645 1169 decernimus
668 1103 845 1193 subjacere:
878 1114 908 1168 et
940 1103 996 1167 sub
1029 1104 1158 1166 oeeatbe·

54 1212 117 1264 mute
133 1202 347 1288 probibemus,
378 1225 416 1265 ne
440 1203 510 1288 quis
535 1225 585 1265 eoo
618 1204 653 1265 in
676 1201 828 1281 domibus,
861 1201 910 1266 vel
932 1203 967 1264 in
991 1211 1077 1265 terra
1101 1224 1160 1264 suo

52 1311 147 1378 tenere,
175 1299 227 1363 oel
243 1298 372 1385 fouere,
397 1299 445 1364 uel
468 1301 708 1386 neqotiationem
736 1323 804 1362 cum
832 1301 877 1364 eis
900 1322 1042 1363 euercere
1062 1321 1158 1385 prae·

50 1411 146 1462 nnat.
171 1447 179 1462 .
205 1447 212 1461 .
241 1449 249 1462 .
274 1397 322 1460 De
345 1397 619 1462 Brabantionibus
642 1409 672 1461 et
695 1397 962 1481 Araqoneneibus,
989 1397 1158 1473 Noooeiis,

52 1495 187 1574 lineolis,
216 1492 381 1560 Coterellie
405 1507 434 1560 et
462 1497 690 1574 Triauerdinis,
723 1498 777 1581 qui
801 1505 922 1560 tantam
945 1498 980 1559 in
1007 1492 1159 1559 Christia-

53 1616 95 1654 ne
115 1595 341 1658 immanitatem
365 1605 525 1674 anement,
559 1606 593 1658 ut
615 1618 671 1658 nec
704 1593 841 1658 ecclesiis
871 1618 926 1657 nec
958 1594 1159 1656 monasteriis

54 1689 191 1772 ‹lqiernnu
226 1713 289 1754 non
311 1693 417 1756 uiduis
440 1703 470 1756 et
487 1692 636 1778 pupillis,
664 1715 728 1756 non
751 1691 875 1756 senibus
899 1701 929 1755 et
947 1693 1072 1778 pneris,
1102 1713 1158 1753 nec

52 1786 158 1851 militet
168 1801 313 1875 parcunt
336 1793 437 1853 aetati
460 1801 515 1853 out
539 1792 637 1868 senui,
663 1789 718 1852 eed
733 1812 817 1853 more
825 1811 1027 1875 paqcnorum
1050 1789 1156 1852 omnio

45 1885 169 1968 perdent
193 1898 224 1950 et
247 1898 383 1951 vastent:
413 1889 560 1952 similiter
582 1889 808 1966 constituimus,
832 1899 867 1950 nt
889 1887 943 1972 qui
966 1910 1017 1951 eos
1039 1887 1153 1950 condu-

48 1985 148 2060 res-int,
173 1984 223 2047 ool
240 1987 426 2064 telenum-int,
450 1985 499 2049 ael
514 1985 662 2072 facerint
681 2009 742 2072 per
756 1985 897 2070 reqiones
920 1988 955 2048 in
971 1985 1081 2070 quibus
1105 1994 1150 2049 ta·

49 2075 106 2142 liter
136 2081 379 2162 debacchantur,
411 2085 446 2147 in
480 2084 645 2148 dominicis
678 2093 707 2147 et
730 2083 806 2147 aliis
829 2083 1018 2146 solemnibus
1041 2083 1152 2148 diebus

46 2202 92 2262 per
112 2179 259 2244 ecclesias
280 2181 406 2268 publice
439 2181 672 2258 denuntientur,
704 2191 734 2245 ct
757 2181 865 2244 ecdem
889 2183 1013 2245 omnino
1039 2193 1158 2247 eonten-

50 2277 84 2337 tia
104 2289 133 2340 et
155 2300 267 2364 poena
298 2303 366 2342 curn
386 2280 567 2365 praedictis
595 2281 761 2342 haereticis
790 2278 965 2342 habeantur
995 2279 1155 2359 adstricti,

51 2399 91 2436 ure
112 2375 157 2438 ad
180 2379 424 2440 communionem
438 2379 637 2464 recipiantur
650 2377 822 2455 Ecclesiae,
845 2378 911 2439 nisi
927 2378 1073 2470 societate
1098 2377 1160 2442 illo

44 2475 189 2558 pestifera
213 2486 243 2538 et
265 2475 390 2538 haeresi
412 2474 579 2564 abjuratis.
626 2475 803 2539 Helenotos
828 2485 932 2538 autem
960 2498 991 2538 ee
1015 2477 1160 2539 noverint

49 2570 183 2636 alchite
203 2572 373 2654 fidelitatis
404 2584 434 2636 et
456 2574 596 2650 laminii,
631 2597 668 2636 ac
699 2575 795 2637 totins
819 2571 967 2656 obsequii,
1001 2573 1098 2636 donec
1124 2575 1161 2638 in

48 2677 126 2730 tenta
149 2672 320 2756 iniquitate
340 2672 585 2756 permanserint,
610 2673 788 2756 quicumque
811 2668 879 2734 illis
902 2671 1008 2755 aliquo
1026 2681 1159 2756 peccato

60 2772 160 2850 pacto)
185 2779 331 2831 terrentur
354 2769 481 2832 areneni.
529 2771 614 2856 ipsis
637 2781 740 2832 autem
756 2770 933 2853 cunctisque
947 2769 1102 2852 fidelibus
1124 2771 1159 2833 in

47 2867 249 2930 remissionem
266 2877 469 2951 peccatorem
491 2869 695 2957 injunqimue,
719 2855 754 2930 ut
778 2868 877 2931 tontis
900 2866 1046 2931 cladibus
1068 2891 1100 2931 se
1114 2868 1157 2931 ui·

48 2961 140 3026 reliter
163 2975 337 3050 opponant,
367 2975 397 3028 et
420 2976 530 3028 contra
563 2988 614 3028 eos
642 2966 740 3029 armis
766 2964 921 3051 populum
954 2965 1159 3029 clerintiunum

48 3069 191 3125 necantur.
244 3059 512 3148 Confiscenturque
536 3087 641 3128 eorum
665 3063 755 3141 bona,
790 3073 819 3127 et
842 3063 974 3127 liberum
1006 3067 1048 3128 sit
1069 3066 1157 3150 prin-

48 3159 158 3244 opibus
181 3161 361 3251 hujusmodi
382 3161 519 3224 homines
542 3161 693 3250 siebjicere
717 3161 869 3226 seruituti.
912 3159 975 3234 Qui
998 3171 1101 3225 autem
1124 3164 1159 3226 in

51 3282 111 3320 nra
129 3261 328 3343 poenitentia
351 3259 398 3322 ibi
421 3259 618 3338 decesserint,
651 3269 681 3323 et
699 3269 900 3344 peccatorum
929 3259 1159 3344 indnlqentiam

49 3367 72 3415 et
85 3357 225 3441 finenem
240 3357 392 3420 mercedis
415 3369 561 3422 aeternae
585 3379 616 3421 se
639 3379 703 3420 non
727 3356 870 3421 dubitent
878 3369 1097 3445 percepturos.
1114 3397 1158 3406 -

51 3451 126 3518 Dein
150 3466 182 3518 et
204 3455 434 3539 indulgentiae
457 3455 685 3520 conceduntur
708 3455 749 3518 iis
772 3457 828 3541 qui
854 3465 968 3520 contra
999 3454 1060 3520 hos
1084 3455 1158 3519 hac·

50 3553 156 3617 reticos
178 3553 450 3633 dimicaverint¹)

128 3669 178 3733 50.
216 3669 358 3733 Biennio
389 3679 463 3754 post
493 3667 678 3733 Concilium
710 3668 934 3733 Letoranense
968 3667 1159 3734 Alexander

52 3763 132 3850 Papa
153 3767 202 3832 111
226 3771 317 3832 senio
342 3776 375 3831 et
398 3766 588 3831 infirmitate
613 3765 775 3850 detentus,
799 3767 920 3830 ΧΧΙΙο
943 3789 1030 3831 enno
1054 3767 1158 3853 Papu-

60 3919 249 3930 -—--—.....

118 4009 139 4072 ¹)
157 4007 220 4062 Colt.
240 4007 319 4061 Cone.
338 4005 437 4070 nabbe,
456 4005 487 4060 T.
507 4006 541 4062 X.
566 4006 625 4062 coll,
647 4007 715 4060 1506
733 4021 788 4073 sqq.
813 4036 847 4046 —
873 4005 925 4073 Qui
947 4005 1076 4061 dieantur
1092 4005 1159 4060 Bre-

56 4083 192 4150 tentiones,
211 4089 408 4156 Aregonensee
434 4091 483 4141 ete
504 4093 582 4140 erant
600 4085 720 4140 homines
743 4085 845 4140 feroces
869 4101 902 4140 ex
920 4085 975 4140 illis
993 4085 1157 4154 regionibns,

57 4163 95 4228 ¹mi
113 4167 152 4220 vei
170 4167 311 4235 stipendiis
330 4166 413 4221 elicui
431 4167 630 4233 militabantnr,
654 4166 700 4220 vel
717 4181 790 4221 moro
808 4166 944 4221 latronum
967 4183 1015 4234 per
1033 4167 1157 4236 regiones

56 4253 176 4312 neantes
193 4248 292 4302 incolas
310 4247 369 4302 dire
388 4246 557 4316 affligebant.

103 4345 234 4396 tangam,
248 4347 437 4389 niues-testones.
450 4349 515 4388 Tom.
531 4346 560 4388 V.
981 4337 1015 4390 10

1189 613 1268 655 Conon
1283 617 1311 656 de

1182 679 1311 746 hem-ottus.
