2916 4842
296 451 348 507 138
456 449 555 506 XXIV.
575 451 616 506 De
634 450 753 505 dissidii·
773 450 903 504 Friderici
923 450 936 503 1
955 465 1015 504 cum
1034 449 1066 506 R.
1085 448 1270 504 Pontificibus.

294 596 492 681 Imperator,
527 597 561 659 in
594 593 772 659 schismate
805 595 968 679 pertinax,
1000 595 1145 678 suscepit
1176 613 1301 656 novum
1335 594 1423 655 anti-

293 716 416 780 papam
441 691 621 772 Calixtum,
653 692 712 757 sed
735 693 770 756 in
793 691 891 755 Italia
919 691 999 755 hnic
1021 699 1149 755 tantum
1173 691 1272 776 pauci
1296 688 1423 754 adhae-

295 800 417 857 serunt.
452 789 583 860 Bellum
609 800 722 855 contra
738 789 946 854 Fridericum
963 788 1176 873 Longobardi
1194 797 1327 852 strenue
1342 808 1422 851 con·

294 891 475 971 tinuarunt,
500 889 672 953 eteoclem
696 909 782 952 anno
810 887 895 951 1168
926 907 1049 950 novam
1077 885 1342 950 aedificaverunt
1376 887 1422 948 ci-

294 990 433 1052 vitatem
466 987 737 1067 munitissimam,
770 995 806 1049 ut
829 994 914 1050 esset
937 994 1051 1049 contra
1075 983 1312 1070 Imperatorem
1345 1005 1423 1068 pro-

294 1086 538 1172 pugnaculum
562 1086 597 1148 in
621 1083 779 1148 honorem
804 1083 973 1148 Pontificis
998 1105 1071 1146 eam
1095 1081 1251 1146 dixerunt
1272 1080 1423 1145 Alexan-

295 1186 412 1263 driam,
438 1193 471 1247 et
493 1206 581 1248 anno
606 1182 690 1247 1110
714 1183 859 1246 civitatis
874 1181 1031 1266 praefecti
1056 1201 1130 1244 eam
1155 1181 1322 1267 propriam
1347 1180 1423 1242 red-

296 1283 453 1346 diderunt
467 1281 544 1347 Sedi
562 1280 784 1367 Apostolicae,
809 1281 863 1343 cui
878 1281 978 1343 etiam
1002 1277 1162 1342 tributum
1184 1299 1334 1342 annuum
1359 1277 1426 1341 sol·

295 1390 437 1445 veretur.

384 1567 438 1630 42.
463 1565 653 1629 Fridericus
678 1585 753 1628 cum
774 1563 894 1628 frustra
911 1563 1134 1648 negotiatione
1158 1560 1278 1627 callida
1301 1561 1425 1626 foedus

296 1666 382 1728 inter
404 1663 600 1727 Pontificem
632 1672 665 1727 et
699 1660 934 1745 Longobardos
969 1659 1097 1725 solvere
1130 1669 1297 1741 tentasset,
1330 1683 1424 1724 anno

298 1763 384 1827 1174
408 1783 513 1826 novas
537 1763 648 1846 copias
672 1763 706 1824 in
730 1759 862 1824 Italiam
887 1759 998 1842 duxit3
1035 1757 1094 1823 sed
1119 1759 1272 1843 quamvis
1296 1778 1426 1840 magna

296 1881 373 1924 eum
389 1861 575 1924 constantia
589 1880 629 1922 ac
642 1857 836 1922 fortitudine
852 1857 975 1922 bellum
993 1855 1290 1942 susciperet,·baud
1305 1865 1424 1918 tamen
1445 1921 1446 1926 ,

295 1957 490 2043 praevaluit.
538 1958 610 2021 Imo
634 1956 677 2021 ab
702 1955 873 2021 obsidione
897 1955 1124 2020 Alexandriae
1149 1958 1192 2036 (a.
1219 1951 1319 2037 1175)
1346 1965 1446 2038 post

295 2057 442 2142 quinque
467 2076 596 2118 menses
620 2054 776 2119 desistere
801 2063 934 2118 coactus
950 2054 1029 2135 fuit3
1053 2074 1142 2116 anno
1158 2073 1236 2116 vero
1255 2051 1341 2114 1116
1365 2051 1426 2115 die

296 2153 443 2238 29⁰Maji
468 2151 593 2238 praelio
617 2152 658 2216 ad
683 2151 874 2236 Lignanum
899 2153 1083 2232 commisso,
1108 2159 1201 2214 tanta
1225 2147 1319 2213 clade
1343 2150 1425 2212 affe·

296 2261 368 2315 ctus
392 2261 450 2332 est,
477 2260 513 2314 ut
537 2252 595 2314 vix
618 2251 690 2336 ipse
714 2248 889 2314 incolumis
915 2250 1066 2314 evaserit.
1113 2248 1177 2312 Tot
1199 2249 1300 2332 igitur
1324 2245 1426 2310 malis

296 2349 438 2426 fractus,
470 2349 654 2433 Imperator
691 2348 840 2411 animum
874 2346 917 2410 ad
947 2347 1128 2410 ineundam
1166 2367 1242 2408 cum
1272 2343 1423 2408 Alexan-

296 2445 355 2510 dro
379 2447 430 2511 III
455 2446 666 2511 concordiam
696 2445 836 2510 inflexit.
892 2445 1006 2509 Mense
1030 2442 1167 2510 Octobri
1200 2445 1270 2528 ipse
1293 2441 1426 2524 legatos

295 2546 338 2609 ad
364 2544 593 2610 Alexandrum
623 2545 712 2608 misit
736 2542 962 2607 Christianum
987 2543 1219 2626 Moguntinum
1245 2550 1277 2604 et
1300 2539 1425 2602 Wich·

297 2665 457 2707 mannum
490 2642 812 2726 Magdeburgenscm
845 2641 1129 2727 archiepiscopos,
1164 2650 1195 2703 et
1226 2637 1423 2703 Conradum

297 2743 489 2826 episcopum
518 2739 812 2821 Wormatiensem,
853 2741 909 2825 qui
941 2739 1115 2822 Anagniae
1149 2759 1225 2800 cum
1256 2735 1446 2800 Pontifice

297 2849 525 2903 convenerunt
549 2848 581 2902 et
605 2838 646 2902 de
669 2859 751 2924 pace
768 2845 962 2901 tractarunt.
1007 2837 1084 2902 Jam
1108 2847 1188 2899 tunc
1212 2834 1425 2898 conditiones

297 2937 494 3001 concordiae
519 2959 594 3000 cum
619 2935 779 3000 Pontifiee
812 2944 953 2999 statutae
986 2944 1071 3014 sunt,
1108 2933 1165 2998 sed
1196 2933 1317 2997 institit
1345 2929 1422 2994 Ale-

296 3035 425 3099 xander
447 3035 508 3114 III,
534 3044 571 3098 ut
593 3034 692 3099 simul
720 3056 787 3119 pax
811 3055 886 3096 cum
910 3031 1143 3117 Langobardis
1172 3039 1205 3094 et
1235 3051 1312 3093 eum
1342 3051 1423 3112 rege

296 3131 430 3198 Siciliae
454 3131 716 3197 concluderetur.
767 3132 854 3196 Hinc
877 3152 965 3195 anno
990 3132 1140 3216 sequenti
1164 3139 1234 3192 tum
1251 3126 1421 3206 Pontifex,

296 3241 365 3294 tum
391 3229 533 3312 delegati
558 3232 644 3314 regis
658 3228 793 3294 Siciliae
817 3238 850 3292 et
872 3227 1167 3312 Longobardorum
1184 3225 1343 3290 Venetiae
1365 3245 1424 3286 ve·

296 3340 426 3409 nerunt,
452 3328 564 3414 ibique
588 3330 675 3392 inter
699 3331 785 3413 ipsos
810 3339 842 3390 et
856 3326 1103 3412 Imperatorem,
1127 3325 1290 3411 superatis
1306 3320 1423 3386 multis

297 3426 561 3510 difficultatibus,
587 3435 751 3511 postremo
775 3448 842 3511 pax
866 3435 899 3488 et
922 3424 1099 3489 concordia
1124 3422 1274 3487 confecta
1298 3431 1358 3485 est.

385 3623 438 3687 43.
463 3623 643 3708 Postquam
667 3644 719 3686 res
743 3643 802 3707 pro
827 3621 1038 3686 conclusione
1068 3619 1161 3705 pacis
1184 3618 1343 3683 diuturna
1366 3637 1422 3679 ne·

296 3721 477 3805 gotiatione
502 3720 682 3806 dispositae
706 3729 809 3802 erant,
842 3719 1033 3785 Fridericns
1057 3716 1247 3781 solemniter
1269 3738 1290 3779 a
1313 3713 1423 3777 Vene-

296 3819 396 3882 tianis
420 3819 454 3882 in
479 3819 648 3882 civitatem
674 3817 836 3882 deductus
859 3827 918 3882 est.
964 3816 996 3880 A
1021 3813 1257 3879 Cardinalibus
1280 3810 1323 3876 ab
1344 3810 1421 3874 Ale·

295 3915 425 3980 xandro
449 3915 501 3980 Ill
525 3915 691 4001 deputatis
719 3915 761 3980 ab
786 3914 1130 4006 excommunicatione
1153 3910 1323 3976 absolutus
1347 3908 1421 3988 fuit,

298 4023 330 4076 et
360 4013 439 4077 dein
472 4013 526 4077 die
551 4013 611 4077 24⁰
634 4014 717 4079 ι11111
747 4037 766 4078 1
798 4013 959 4078 Pontifice
993 4011 1036 4076 ad
1059 4010 1182 4096 gradus
1210 4008 1371 4074 ecelesiae
1395 4029 1420 4070 s.

297 4111 402 4175 Marci
427 4111 607 4176 honorilice
632 4122 800 4197 exceptus.
848 4110 1038 4175 Fridericus
1062 4119 1179 4194 sponte
1203 4129 1314 4172 coram
1339 4107 1421 4170 Pon-

297 4209 386 4273 tifice
410 4209 585 4294 procidens
601 4211 631 4274 ei
649 4208 874 4274 obedientiam
889 4207 1055 4294 professus
1069 4217 1136 4290 est3
1161 4205 1358 4272 Alexander
1371 4203 1422 4268 111
