3000 4838
274 363 309 460 ll
469 405 573 462 XXIII,
593 405 634 459 De
654 409 730 458 statu
749 405 849 460 Ecclea
864 405 949 473 priori
968 404 1055 458 medio
1073 419 1142 462 saec.
1161 403 1224 458 ΧΠ.

274 557 306 612 et
328 547 514 612 sollicitudo
539 558 780 633 occuparentur
803 550 838 612 in
862 546 1131 634 expeditionibus
1155 549 1235 629 istis,
1263 567 1322 633 pro
1347 567 1399 608 re-

272 646 406 731 ligionis
438 669 478 712 ac
508 645 656 710 fidelium
687 647 914 712 incolumitate
944 656 977 710 et
1006 645 1131 710 honore
1154 646 1327 731 susceptis.
1352 681 1383 690 -

273 743 481 811 Cohaerebat
513 766 589 808 cunr
621 744 674 809 his
701 744 797 809 bellis
829 744 984 808 exaltatio
1009 743 1178 809 Ecclesiae
1212 740 1400 807 catholicae

273 853 305 908 et
339 841 435 908 Sedis
465 841 676 927 Apostolicae
715 843 864 908 influxus
902 841 1054 907 salutaris
1093 851 1126 906 et
1160 841 1400 926 amplissimus,

272 941 397 1006 sedatio
421 941 671 1005 inimicitiarum
696 951 729 1004 et
752 941 858 1027 major
880 942 959 1004 unio
976 961 1015 1004 ac
1031 962 1099 1025 pax
1114 940 1201 1003 inter
1216 938 1399 1025 principes,

272 1060 443 1125 proceres,
478 1047 510 1101 et
540 1037 654 1102 fideles
685 1036 881 1102 christianos
915 1037 1118 1103 Occidentis.
1164 1035 1204 1100 In
1240 1035 1401 1100 eumdem

272 1139 360 1201 enim
386 1135 485 1200 finem
510 1158 641 1200 sacrum
660 1135 898 1222 jungebantur,
923 1158 962 1200 ac
978 1155 1110 1222 pugnae
1133 1143 1167 1197 et
1188 1132 1262 1197 lites
1285 1133 1399 1197 dome·

271 1237 374 1299 sticae
397 1233 594 1299 interdictae
611 1243 715 1316 erant,
740 1233 819 1298 dum
835 1232 1064 1319 expeditiones
1079 1231 1157 1296 illac·
1170 1229 1401 1316 suscipieban-

272 1342 334 1398 tur.
362 1369 399 1380 -
426 1331 531 1396 Multa
555 1333 656 1395 etiam
679 1333 829 1396 instituta
849 1353 952 1414 saera,
977 1333 1110 1395 virtutis
1126 1351 1237 1416 opera,
1261 1328 1401 1413 pietatis

272 1431 440 1511 exercitia,
478 1428 573 1494 bellis
604 1431 706 1494 sacris
730 1451 882 1495 connexa
912 1438 1015 1512 eraut,
1053 1437 1153 1514 atque
1176 1427 1259 1491 haec
1283 1427 1402 1489 omnia

273 1527 489 1594 conferebant
511 1527 553 1592 ad
577 1527 677 1592 fidem
703 1538 735 1591 et
756 1528 952 1612 religionem
976 1523 1247 1613 promovendam.

364 1691 414 1752 17.
452 1688 493 1753 In
517 1686 763 1752 multitudinem
788 1709 919 1774 quoque
944 1687 1025 1751 illud
1050 1685 1236 1750 dimanavit
1259 1684 1400 1766 bonum,

201 1785 207 1796 '
272 1786 360 1873 quod
385 1786 533 1852 conditio
559 1785 660 1870 vulgi,
686 1786 816 1850 servilis
840 1808 879 1849 ac
904 1786 997 1864 dura,
1029 1807 1150 1869 magna
1173 1791 1268 1869 parte
1291 1803 1400 1846 cessa·

271 1895 321 1949 ret
344 1883 397 1948 vel
422 1885 638 1968 mitigaretur.
670 1882 810 1948 Plurimi
832 1885 922 1948 enim
937 1883 1137 1948 conditionis
1161 1879 1290 1946 servilis
1314 1879 1399 1944 dum

272 2005 370 2048 cruce
394 1981 621 2066 signabantur,
646 1993 804 2068 tanquam
826 1980 996 2046 Ecclesiae
1021 1980 1141 2045 milites
1163 1978 1316 2044 libertate
1340 1976 1398 2040 do-

272 2080 447 2151 nabantur,
473 2080 612 2144 aliorum
630 2101 707 2143 vero
726 2078 872 2143 conditio
897 2080 1007 2143 minus
1031 2078 1115 2142 dura
1138 2100 1181 2158 ac
1194 2074 1401 2142 tolerabilior

270 2176 483 2260 reddebatur,
501 2189 571 2242 tum
586 2176 675 2263 quod
687 2176 858 2241 Ecclesiae
871 2187 1048 2263 augeretur
1059 2176 1207 2241 influxus
1219 2175 1398 2259 benignus,

271 2286 342 2340 tum
366 2274 455 2362 qnod
486 2296 639 2361 proceres
666 2297 761 2340 secus
791 2297 904 2340 eorum
935 2277 1091 2340 timerent
1122 2275 1310 2356 seditiones,
1341 2271 1399 2336 vel

271 2375 353 2459 ipsis
388 2373 482 2438 bellis
506 2375 608 2438 sacris
639 2371 683 2437 ad
715 2372 932 2438 humanitatis
963 2383 995 2437 et
1027 2373 1242 2457 benignitatis
1281 2392 1401 2435 sensus

271 2471 525 2538 adducerentur.
557 2510 601 2519 —
631 2470 863 2537 Occidentales
896 2493 991 2556 porro
1015 2471 1182 2535 visitando
1207 2469 1399 2550 Graeciam,

271 2569 399 2652 Asiam,
439 2579 472 2635 et
500 2569 703 2654 Aegyptum,
741 2579 873 2633 vetusta
904 2569 959 2634 illa
995 2568 1154 2652 culturae,
1193 2567 1399 2647 commercii,

272 2668 490 2754 opificiorum,
514 2669 702 2753 artiumque
719 2666 898 2748 domicilia,
923 2666 981 2730 ubi
996 2666 1146 2731 nondum
1160 2675 1291 2750 tempus
1307 2663 1400 2727 edax

219 2835 220 2840 γ
272 2785 386 2830 omnes
413 2766 539 2850 ingenii
572 2774 605 2828 et
633 2764 817 2833 industriae
840 2765 966 2829 fructus
989 2765 1229 2850 absumpserat,
1263 2771 1400 2826 etcum

272 2862 409 2929 Graecis
433 2862 628 2928 cultioribus
652 2862 890 2944 conversando,
923 2863 1098 2949 sphaeram
1126 2883 1260 2927 suarum
1285 2861 1400 2944 cogni·

271 2963 398 3027 tionum
414 2956 626 3047 ampliarunt.¹
664 2960 870 3025 Commercio
895 2982 955 3046 per
977 2961 1206 3048 expeditiones
1230 2959 1400 3023 cruciatae

272 3061 358 3124 inter
374 3061 524 3124 nationes
548 3060 745 3123 christianas
768 3067 801 3122 et
824 3060 910 3122 inter
926 3058 1096 3124 Orientem
1121 3081 1160 3122 ac
1176 3056 1399 3123 Occidentem

272 3167 396 3238 exorto,
421 3179 584 3221 novarum
598 3178 718 3240 rerum,
743 3166 861 3221 natura
878 3167 936 3222 aut
947 3167 1017 3221 arte
1032 3157 1270 3243 productarum
1284 3155 1398 3238 cogni·

271 3256 335 3338 tio,
360 3254 560 3319 desiderium
584 3276 698 3320 earum
721 3254 956 3341 parandarum,
981 3256 1144 3338 studium,
1168 3277 1209 3320 ac
1232 3256 1328 3341 proin
1352 3253 1399 3315 ci-

272 3353 365 3416 vium
388 3352 563 3434 industria,
591 3363 787 3435 mercatura,
812 3355 992 3437 navigatio,
1028 3365 1127 3440 atque
1151 3377 1193 3418 ex
1217 3351 1269 3418 his
1292 3351 1399 3415 omni-

272 3449 335 3513 bus
358 3449 515 3535 prodiens
538 3449 708 3536 opulentia
732 3461 764 3514 et
788 3449 917 3516 cultura
940 3454 1061 3516 mirum
1084 3455 1120 3518 in
1136 3452 1273 3517 modum
1296 3458 1399 3514 aucta

272 3550 362 3631 est.¹)
393 3548 503 3634 Atque
526 3551 710 3613 universim
735 3551 770 3613 in
794 3549 1017 3615 evolutionem
1041 3553 1162 3615 artium
1187 3571 1226 3614 ae
1250 3544 1399 3633 discipli·

347 3791 367 3856 ¹)
386 3787 440 3842 Cfr.
459 3788 626 3844 P.Vasootti
645 3787 674 3842 Ο.
694 3789 719 3843 S.
738 3788 778 3853 F,
797 3788 869 3844 Hist.
889 3790 949 3844 eccl.
969 3807 994 3844 v.
1013 3790 1050 3845 11.
1069 3792 1138 3861 510.
1161 3789 1294 3858 (Goritiae
1304 3787 1399 3854 1873).

272 3869 376 3922 Auctor
392 3868 437 3922 bic
455 3869 517 3923 dum
536 3869 665 3923 bellorum
683 3885 819 3922 sacrorum
848 3869 959 3925 effectus
986 3871 1069 3925 bonos
1097 3877 1126 3926 et
1151 3870 1235 3924 malos
1263 3875 1399 3934 recenset,

272 3949 403 4016 quaedam
421 3947 502 4002 affert
520 3964 589 4016 quae
607 3949 693 4002 citare
708 3949 791 4016 juvat
819 3951 973 4017 speciminis
991 3951 1092 4020 gratia,
1120 3967 1202 4018 quum
1230 3947 1398 4018 augustiori,

272 4028 314 4082 uti
332 4028 408 4082 nobis
428 4029 543 4094 videtur,
572 4035 670 4094 mente,
695 4029 729 4082 ab
748 4029 806 4096 ipso
825 4030 867 4083 uti
887 4031 920 4084 ab
939 4031 1001 4084 aliis
1019 4031 1174 4086 auctoribus
1198 4033 1397 4098 proponantur.

273 4109 331 4176 „Ad
344 4109 424 4173 mala,
445 4110 541 4175 inquit,
556 4104 692 4164 Ecclesiae
711 4124 744 4163 ex
758 4109 796 4164 eis
810 4115 892 4164 enata
911 4111 1032 4177 pertinet
1050 4110 1216 4179 superstitio,
1236 4109 1312 4162 falsis
1330 4107 1397 4162 reli-

272 4188 350 4255 quiis,
378 4189 455 4242 novis
473 4189 573 4256 spuriis
591 4194 746 4243 sanctorum
766 4189 850 4256 Actis,
879 4205 910 4243 ac
936 4190 1063 4246 fabulosis
1092 4191 1294 4244 narrationibus
1312 4191 1399 4242 ancta
