2814 4840
297 449 351 502 478
495 449 624 504 XXVIII.
646 450 685 503 De
704 455 780 504 stetu
799 449 938 504 societatis
957 449 1049 502 christ.
1068 465 1137 502 saec.
1156 448 1230 501 XIII.

390 591 462 657 109.
501 591 611 673 Quum
636 615 715 657 vero
740 593 871 657 scholae
896 591 970 658 illae
994 593 1176 672 interirent,
1208 592 1394 678 pauperiores

299 688 421 770 clerici,
455 690 711 776 quibusmodis.
740 711 805 754 non
840 690 987 770 aderant,
1021 691 1114 753 utin
1140 689 1325 753 civitatibus
1351 686 1394 750 ubi

299 786 541 852 Universitates
565 799 659 853 erant
687 791 857 871 niverent,
888 786 1067 852 difficulter
1090 789 1335 851 convenientem
1361 789 1394 848 io·

299 887 511 950 structionem
536 887 771 971 acquirebant3
803 896 903 972 atque
926 888 1026 949 etiam
1060 907 1126 949 non
1151 887 1266 970 paucis
1295 887 1327 948 in
1347 903 1394 946 mo·

299 986 450 1048 casteriis
474 983 663 1070 praevaluit
686 987 883 1068 ignorantia,
913 1006 1012 1069 quam
1038 984 1239 1069 sequebatur
1261 982 1394 1045 relaxatio

299 1101 426 1144 morum
451 1104 491 1145 ac
511 1080 716 1167 disciplinae.
765 1080 919 1167 Collapaa
942 1101 1073 1166 quoque
1097 1091 1175 1144 sunt
1191 1080 1310 1160 studia,
1333 1099 1394 1164 quos

298 1178 341 1242 ad
373 1178 536 1243 culturam
568 1181 771 1264 superiorem
804 1181 838 1243 in
869 1177 1151 1244 Universitatibus
1183 1177 1394 1263 acquirendam

298 1277 551 1362 praeparabant,
577 1279 719 1366 Indeque
743 1278 869 1342 factum
893 1289 951 1358 est,
977 1287 1013 1340 ut
1035 1276 1127 1340 multi
1152 1299 1256 1363 quum
1282 1278 1336 1339 vix
1356 1275 1394 1338 lin

298 1395 364 1458 gua
387 1373 490 1438 latina
514 1377 666 1440 instructi
691 1380 735 1440 ad
759 1376 869 1440 studia
888 1373 1057 1460 generalia
1074 1374 1282 1454 accederent,
1306 1393 1394 1458 paruo

298 1475 333 1536 in
358 1471 543 1558 disciplinis
559 1474 766 1559 proficerent.
807 1473 930 1558 Magna
945 1495 1042 1559 porro
1056 1472 1192 1536 libertas
1216 1483 1250 1536 et
1263 1471 1394 1535 relaxatis

298 1591 426 1634 morum
451 1572 616 1635 interdum
642 1574 676 1636 in
698 1571 992 1654 Universitatibus,
1017 1571 1059 1635 ad
1084 1592 1167 1656 quas
1191 1569 1296 1634 multa
1321 1567 1394 1632 millis

298 1666 558 1733 adolescentium
583 1669 806 1749 confluebant,
832 1669 977 1752 vigebat.
994 1703 1037 1715 —-
1054 1668 1196 1732 Romani
1212 1677 1324 1732 tamen
1339 1667 1392 1730 l’oo

297 1766 412 1848 tifioes,
438 1789 538 1852 quum
563 1770 598 1831 in
622 1770 753 1831 ruinam
785 1767 945 1832 inclinare
975 1766 1169 1830 viderentur
1199 1777 1272 1830 tum
1303 1769 1394 1850 episco

298 1885 415 1948 porum
448 1867 640 1948 seminaria,
676 1877 747 1928 tum
781 1863 913 1928 scholae
943 1866 1236 1942 monasteriorum,
1274 1864 1393 1926 reluctor

299 1971 385 2046 sunt,
410 1985 449 2026 ac
472 1966 616 2048 prImum
641 1973 855 2027 tentaverunt
878 1964 1039 2026 sustinere
1064 1961 1120 2026 illa
1144 1964 1307 2028 instituta.
1336 1961 1394 2024 llsir

300 2081 376 2124 vero
401 2060 542 2123 multum
574 2060 820 2142 adlaborarunt,
853 2071 890 2123 ut
913 2062 1003 2124 vitae
1026 2059 1196 2137 honestae,
1231 2059 1394 2146 praesertin

299 2157 503 2240 clericorum,
516 2161 548 2222 in
564 2158 854 2238 Universitatibus,
866 2157 996 2243 legibus
1006 2181 1045 2220 ac
1057 2160 1187 2222 statutis
1199 2155 1394 2222 convenis-no

300 2255 361 2319 bus
384 2265 416 2319 et
440 2256 651 2342 collegiorum
676 2259 891 2332 institutione,
917 2255 1140 2341 providerent.
1176 2255 1394 2339 ordinesque

299 2375 363 2439 qne
393 2354 537 2439 religiosi
570 2355 633 2417 hac
667 2356 700 2417 in
732 2375 767 2418 re
792 2375 849 2418 suo
874 2353 984 2418 officio
1014 2375 1079 2417 non
1104 2352 1311 2418 defecerunt.
1363 2331 1394 2413 ,tl

299 2463 408 2514 tomen
433 2475 475 2515 ex
500 2453 596 2516 dictis
620 2452 793 2536 colligitur,
818 2455 913 2515 varia
936 2474 978 2514 ex
1000 2451 1288 2517 Universitatibns
1312 2471 1393 2537 prose

299 2551 425 2613 nientia
457 2550 655 2613 detrimenta
686 2552 804 2614 evitari
836 2549 926 2614 haud
956 2551 1142 2635 potuisse.¹)
1191 2549 1293 2614 Unde
1325 2550 1393 2612 etist

300 2645 485 2710 Concilium
519 2647 752 2711 Tridentinum
783 2649 982 2710 restitutioni
1012 2649 1268 2712 seminariorum
1300 2633 1393 2710 tantal

299 2743 408 2807 attulit
431 2767 555 2826 cnram,
581 2766 685 2830 eoque
702 2744 892 2830 praesulum
918 2755 950 2807 et
972 2744 1172 2808 Pontificum
1195 2744 1328 2810 labores
1350 2741 1392 2804 ult

300 2843 362 2904 mis
386 2841 526 2905 saeculis
551 2845 695 2906 maxime
720 2842 836 2906 directi
854 2853 940 2923 sunt,
969 2851 1006 2905 ut
1029 2853 1107 2927 apta
1130 2845 1262 2906 ratione
1286 2843 1392 2908 Uniser

300 2942 434 3004 sitatum
458 2951 492 3003 et
514 2941 765 3004 seminariornm
790 2941 941 3005 instituta
959 2941 1190 3025 jungerentur.

219 3113 222 3122 ,
391 3039 464 3104 110.
501 3036 666 3119 Quod‘ad
689 3038 832 3102 haereses
861 3047 997 3123 spectat,
1028 3037 1149 3123 quibus
1181 3037 1316 3102 saeculo
1339 3033 1391 3101 XI]

299 3135 452 3200 Ecclesia
476 3135 608 3199 turbata
632 3143 690 3214 eet,
716 3135 758 3198 de
782 3133 1021 3219 Albigensibus
1045 3145 1077 3198 et
1100 3133 1349 3203 Waldensibus,
1370 3151 1391 3231 eq

299 3255 439 3320 rumque
464 3237 498 3298 in
523 3232 633 3298 Gellia
664 3242 696 3295 et
720 3231 817 3296 Italia
848 3233 953 3297 turbis
978 3234 1057 3296 satis
1082 3234 1152 3318 jam
1178 3233 1345 3314 diximus;
1374 3232 1390 3296 it

299 3333 433 3396 nuimus
458 3334 557 3396 etiam
586 3353 759 3416 perversas
792 3333 964 3417 opiniones
988 3351 1112 3412 eorum,
1145 3333 1201 3416 qui
1235 3353 1390 3418 regnumr

299 3428 440 3516 Spiritus
475 3428 733 3515 exspectabunt,
770 3431 893 3515 quique
929 3429 981 3493 vel
1013 3429 1219 3493 Almaricum
1258 3431 1300 3495 de
1336 3425 1390 3513 Bel

298 3528 352 3592 vel
385 3527 539 3594 Joachim
575 3526 741 3590 Abbatem
775 3540 811 3590 ut
847 3529 1039 3611 magistrum
1080 3550 1114 3591 se
1150 3529 1243 3613 sequi
1279 3540 1389 3614 practer

300 3624 462 3705 debent.²)
518 3624 835 3688 Commemorandae
871 3635 996 3688 restant
1030 3623 1155 3710 aliquot
1189 3627 1277 3691 aliae
1308 3629 1389 3720 seotq

375 3842 395 3901 ¹)
415 3837 469 3891 Ot'r.
491 3835 703 3905 Hergeurtther,
723 3837 757 3891 Κ,
777 3837 809 3892 G.
832 3839 852 3892 l.
872 3838 897 3892 S.
918 3838 979 3892 901.
1001 3867 1035 3878 -
1058 3839 1150 3892 Pottsn
1170 3837 1221 3892 l.o

370 3919 394 3984 ²)
413 3917 536 3972 JoaohIm
555 3917 645 3971 Abbas
663 3917 809 3984 Florensis,
834 3917 878 3971 vir
896 3919 957 3985 pirre
981 3923 1009 3972 et
1033 3929 1167 3979 austerus,
1194 3917 1239 3984 qui
1266 3933 1326 3970 cum
1350 3915 1362 3966 t

298 3998 456 4052 sanctitatis
475 4013 500 4054 e.
516 3997 584 4052 1192
603 3996 679 4058 obiit,
699 3998 810 4062 erravit,
830 3997 872 4051 nti
893 3999 1017 4062 vidimus,
1038 3999 1100 4051 dum
1120 3996 1296 4066 lmpngmrit
1316 3997 1359 4049 l'et

298 4077 486 4142 Lornberdnm,
516 4077 602 4145 quoad
628 4077 777 4132 doctrinam
803 4078 835 4131 oe
863 4077 906 4133 SS.
931 4079 1077 4132 TrIuitate.
1122 4077 1244 4144 Reliquit
1267 4075 1387 4359 ipselpq

299 4157 445 4226 genuinos:
472 4157 513 4211 De
532 4157 674 4211 concordia
699 4159 841 4225 utriusque
859 4158 1044 4222 Testamenti;
1071 4159 1274 4226 Expositionem
1295 4161 1344 4224 Ap<

301 4239 374 4306 pois,
399 4239 563 4291 Psulterinm
588 4237 869 4306 decemchordarum
895 4239 1106 4293 commentarios
1129 4239 1157 4292 iu
1176 4239 1276 4292 leniam
1302 4248 1329 4292 et
1352 4235 1367 4284 J

1379 4659 1385 4777 l
