2868 4844
205 453 247 508 Do
266 452 515 517 Reservationibns,
534 453 659 518 donatis,
679 451 857 509 Commendis.
1063 453 1119 506 238

20 597 112 677 Quoad
139 596 253 661 officia
277 595 409 662 claustri
436 596 615 682 plurimum
650 596 684 661 id
716 596 817 660 habet
839 599 940 660 etiam
965 595 1117 682 probabi-

18 693 103 776 litatis,
132 709 306 782 nunquam
337 715 377 758 ea
407 693 674 760 commendanda
704 693 817 776 fnisse,
850 696 877 758 si
910 695 1117 779 primaevam

18 797 205 860 retinuissent
228 792 453 858 conditionem
478 813 582 872 suam,
607 801 644 855 ut
667 811 758 856 mera
781 801 891 856 essent
907 789 1028 871 officia,
1053 811 1117 855 mc·

16 913 115 976 raeque
145 890 451 956 administrationes
474 888 637 954 arbitratu
668 891 876 974 superiorum
900 887 1117 954 revocabiles.

17 987 80 1054 lllnd
104 991 205 1054 etiam
229 987 442 1054 manifestum
465 986 620 1069 fecimus,
653 986 696 1052 ab
726 986 907 1052 abbatibus
936 988 1018 1072 ipsis
1041 998 1119 1051 ante

16 1087 242 1154 commendatos
256 1087 359 1152 fuisse
374 1087 549 1170 prioratus,
566 1107 665 1171 quam
683 1084 737 1150 vel
753 1084 973 1151 Pontificibus
990 1087 1120 1149 veniret

16 1185 40 1246 in
64 1195 202 1250 mentem
235 1181 287 1248 vel
316 1183 468 1268 regibus,
506 1193 544 1246 ut
587 1205 627 1248 ea
661 1183 895 1248 commendare
934 1181 1120 1264 vellent.“¹)

16 1279 106 1360 Quum
131 1284 234 1366 igitur
257 1303 309 1346 res
333 1282 380 1346 ita
403 1303 437 1346 se
461 1279 600 1346 haberet
613 1291 646 1348 et
661 1281 832 1366 dignitarii
850 1283 993 1366 separati
1009 1289 1122 1346 essent

14 1401 28 1440 a
46 1381 276 1444 communitate
289 1378 454 1464 religiosa,
478 1388 724 1464 proventusque
746 1378 910 1444 haberent
923 1376 1118 1458 uberrimos,

13 1475 125 1543 facilius
148 1477 287 1556 accidit,
326 1489 360 1540 ut
394 1487 529 1562 propter
558 1480 773 1542 necessitates
795 1477 967 1542 Ecclesiae
1001 1476 1054 1541 vel
1083 1479 1128 1542 in·

14 1573 143 1640 lavarem
158 1577 348 1662 principum
366 1575 476 1640 officia
490 1573 548 1641 illa
563 1574 885 1659 commendarentur,
910 1597 948 1640 eo
962 1574 1053 1661 quod
1067 1596 1120 1639 res

13 1693 61 1736 aon
83 1673 167 1738 adeo
192 1675 378 1759 perniciosa
402 1685 587 1758 appareret.
636 1673 763 1754 „Facili
787 1695 895 1759 porro,
928 1675 976 1739 ita
998 1676 1118 1738 iterum

13 1767 243 1852 Thomassinns,
279 1772 471 1856 conjectura
494 1773 711 1857 assequimur,
743 1794 786 1836 ex
809 1771 905 1838 Sedis
929 1771 1120 1857 pontificiae

13 1869 204 1934 Avenionem
228 1867 445 1934 translatione
468 1870 644 1934 scaturisse
660 1867 752 1934 illam
769 1869 1018 1934 multitudinem
1032 1891 1120 1935 com-

13 1966 201 2032 mendaram.
248 1967 318 2032 Nec
340 1967 430 2032 enim
455 1967 519 2032 nisi
544 1989 643 2052 aegre
666 1977 820 2052 poterant
842 1967 1020 2032 Pontifices
1052 1989 1119 2032 non

12 2085 154 2139 annuere,
184 2067 211 2128 si
237 2063 319 2150 qnid
343 2073 493 2148 peterent
516 2063 563 2129 illi
593 2067 770 2151 principes,
799 2087 939 2151 quorum
964 2066 998 2129 in
1024 2067 1121 2129 terris

12 2157 263 2226 demorabantur.
312 2159 509 2228 Cardinales
532 2173 644 2226 autem
667 2162 792 2242 (etalii
818 2162 989 2227 Ecclesiae
1013 2162 1120 2246 digni·

12 2261 83 2340 terii)
114 2257 279 2346 quamdiu
302 2260 408 2330 Βοωιι
439 2273 473 2324 et
494 2259 593 2326 Italia
624 2260 774 2340 aberant,
808 2260 910 2326 nullis
937 2261 1016 2326 inde
1046 2282 1119 2345 pro·

12 2357 161 2438 rentibus,
186 2357 286 2422 nullis
302 2356 539 2444 temporalibus
555 2357 714 2424 subsidiis
729 2357 874 2440 allevati,
898 2379 964 2424 non
985 2357 1120 2423 aliunde

13 2453 63 2518 lere
83 2467 249 2540 poterant,
280 2477 381 2541 quam
414 2476 458 2520 ex
481 2455 676 2521 Gallicanae
707 2456 866 2522 ecclesiae
891 2457 1064 2520 beneficiis
1088 2467 1122 2520 et

13 2552 95 2616 rium
128 2563 163 2618 et
194 2551 390 2636 dignitatem
422 2573 517 2618 snam
549 2563 743 2621 sustentare.
797 2554 837 2618 Ei
871 2553 958 2619 cladi
994 2553 1119 2618 mederi

13 2649 128 2714 roluere
143 2649 331 2732 Pontifices,
357 2653 405 2716 cti
430 2653 537 2736 patuit
560 2653 594 2716 in
612 2651 794 2716 Benedicta
812 2652 890 2733 Xll,
915 2652 972 2717 sed
989 2655 1119 2737 experti

13 2749 127 2814 tandem
142 2749 277 2834 ipsimet
287 2760 374 2823 sunt,
399 2749 505 2832 infligi
529 2749 661 2816 facilius
674 2749 813 2815 vulnera
828 2772 928 2836 quam
944 2750 1120 2836 sanari.“⁸)

82 2874 135 2941 86.
184 2871 338 2937 Clemens
371 2874 401 2937 V
442 2874 536 2937 initio
568 2873 781 2959 pontificatus
814 2877 865 2938 sui
891 2874 1003 2939 multis
1028 2875 1120 2938 dedit
1143 2887 1271 2964 ‘numu

14 2970 224 3052 commendas,
256 2969 313 3035 sed
350 2973 547 3056 gravissimo
580 2972 694 3035 morbo
737 2983 925 3058 correptum
957 2949 1289 3058 poenituit‘J‘mffln'v'

14 3065 88 3150 lacti,
131 3089 173 3132 ex
211 3089 277 3154 quo
316 3091 374 3155 pro
414 3069 591 3155 disciplina
627 3073 744 3155 gravia
784 3069 907 3134 damna
945 3073 1120 3156 proveniro

15 3165 293 3249 animadvertebat,
333 3190 373 3232 ac
411 3170 545 3232 sanitati
581 3170 751 3232 restitutus
776 3189 853 3232 mox
885 3190 999 3232 omncs
1035 3190 1120 3232 com-

15 3264 133 3328 nendas
156 3267 330 3329 revocavit
351 3287 412 3350 per
422 3264 632 3330 Decretalem
655 3267 708 3329 Ec
721 3288 876 3351 supernae
887 3267 1118 3352 providentioe.

15 3357 152 3426 Rationes
191 3364 313 3448 quibus
350 3361 395 3427 ad
430 3364 645 3428 commendas
684 3363 915 3428 concedendas
955 3363 1120 3428 adductus

15 3455 103 3542 berit,
138 3458 264 3525 ibidem
296 3458 433 3536 indicat.
481 3461 593 3542 Quum
618 3461 718 3526 simili
743 3461 840 3527 modo
865 3475 901 3528 ut
924 3465 995 3548 ipse
1021 3463 1130 3526 etiam¹

16 3553 53 3620 lii
83 3559 252 3624 interdum
275 3559 454 3624 Pontifices
485 3559 527 3624 ad
553 3560 642 3626 idem
669 3562 746 3623 moti
779 3560 914 3642 fuerint,
947 3559 1027 3625 utile
1059 3561 1122 3626 erit

16 3673 103 3719 rauca
125 3679 169 3720 cx
191 3659 255 3721 isto
280 3658 479 3722 documento
504 3658 661 3722 delibare.
698 3657 746 3721 Ab
771 3661 851 3743 ipso,
877 3660 994 3745 inquit,
1019 3661 1123 3722 nostri

16 3749 200 3837 loab'ficutua
232 3756 374 3835 exordio,
407 3759 557 3842 ortuquoc
587 3757 721 3819 notitiae
744 3779 860 3842 rapum,
889 3756 1119 3842 praelatorum,

16 3863 177 3936 aequatum
208 3863 238 3915 et
269 3853 408 3918 oliorum
430 3851 584 3918 nobilium
602 3876 815 3942 personarum
837 3853 1121 3920 ecclesiasticarum

18 3957 29 4008 t
48 3949 258 4014 saecularium
281 3973 430 4040 memores
453 3955 631 4030 ecietcutes,
657 3975 694 4014 oe
709 3953 849 4036 ipsorum
864 3951 1032 4036 aliquibus,
1058 3964 1122 4016 tum

17 4077 209 4096 ''q—mu«.-

69 4151 173 4302 :illaad
191 4163 221 4212 et
240 4171 302 4210 nor.
321 4154 427 4222 discipl.
448 4155 477 4210 P.
497 4155 534 4211 11.
553 4154 583 4208 L.
606 4155 654 4214 ΙΙΙ,
676 4171 696 4207 c.
717 4154 777 4209 XX.
798 4169 824 4211 n.
844 4155 887 4212 20.

143 4249 152 4288 ι
171 4279 177 4292 .
