3000 4838
285 475 321 528 26
482 471 585 526 ΧΧΙΙΙ.
604 471 644 525 Da
662 475 739 525 statu
756 471 855 526 Bootes.
874 470 958 538 priori
976 471 1064 526 medio
1081 487 1150 528 seeo.
1170 471 1234 527 XII.

286 619 450 682 Romanae
474 615 621 680 ecclesiae
656 614 861 700 defensorem.
908 613 1094 679 Deusdedit
1117 637 1195 680 vero
1222 614 1410 681 Cardinalis

287 727 320 779 et
341 715 519 779 Anselmus
542 711 705 776 Lucensis
729 709 810 775 illud
835 712 1045 775 inseruerunt
1062 710 1321 779 Collectionihus
1344 717 1409 802 pri-

286 813 494 897 vilegiorum,
519 831 602 896 quas
618 808 752 872 sedente
769 808 930 893 Gregorio
947 809 1014 874 VH
1037 811 1261 896 confecerunt,
1286 835 1325 877 ac
1341 835 1411 878 sae·

286 910 360 975 culo
385 909 581 975 duodecimo
606 905 788 971 Gratianus
812 908 935 992 pariter
963 908 997 971 iu
1021 929 1115 972 suain
1147 930 1311 974 canonum
1337 909 1411 975 Col·

285 1006 461 1072 lectionem
485 1005 632 1092 diploma
654 1006 788 1089 recepit.
813 1041 855 1052 —
880 1003 982 1090 Apud
999 1003 1144 1070 Graecos
1168 1027 1299 1094 quoque
1323 1007 1410 1073 Con·

287 1106 422 1170 stantini
446 1104 576 1168 donatio
609 1111 645 1166 ut
672 1104 856 1186 genuinum
879 1103 1091 1188 Imperatoris
1120 1104 1269 1191 diploma
1292 1104 1413 1170 habita

287 1212 351 1282 est,
398 1223 437 1265 ac
473 1198 650 1264 Balsamon
687 1199 770 1263 illud
817 1198 949 1263 saeculo
990 1200 1188 1267 duodecimo
1230 1201 1407 1268 Canonnm

287 1298 472 1364 collectioni
496 1298 645 1363 inseruit.
694 1296 873 1382 Quumque
889 1295 1010 1363 Graeci
1035 1301 1283 1382 contenderent,
1307 1303 1414 1387 privi-

286 1396 372 1482 legia
395 1395 554 1460 ecclesiae
577 1395 746 1459 Romanae
781 1395 900 1460 collata
931 1399 1108 1462 convenire
1132 1401 1232 1464 etiam
1258 1398 1414 1486 Cptanae

287 1493 455 1577 ecclesiae,
481 1515 518 1558 eo
536 1493 625 1580 quod
641 1490 944 1579 Constantinopolis
968 1495 1010 1557 sit
1025 1516 1114 1560 nova
1138 1497 1252 1578 Roma,
1277 1508 1413 1583 gratum

287 1593 368 1679 ipsis
397 1592 461 1655 fuit
484 1591 730 1668 documentum,
769 1612 810 1654 ex
833 1612 898 1676 quo
923 1592 1132 1676 patriarchae
1157 1593 1287 1680 Cptano
1315 1599 1415 1662 varia

286 1689 463 1777 privilegia
487 1688 659 1752 vindicare
683 1709 777 1772 posse
801 1688 1012 1754 videbantur.

375 1814 429 1878 32.
467 1813 576 1877 Medio
601 1834 683 1876 aevo
709 1813 810 1897 igitur
832 1813 1014 1876 universim
1039 1813 1170 1878 donatio
1200 1808 1412 1883 Constantini

287 1923 324 1977 ut
346 1913 492 1997 genuina
523 1909 805 1976 considerabatur.
852 1909 991 1976 Saeculo
1027 1925 1138 1976 autem
1163 1913 1413 2000 decimoquinto

287 2011 372 2074 varii
397 2019 557 2088 auctores,
582 2017 619 2072 ut
641 2006 961 2090 LaurentiusValla‚
986 2008 1118 2074 Aeneas
1134 2009 1279 2096 Sylvius,
1305 2013 1413 2079 s.An-

288 2111 432 2190 toninus,
464 2107 621 2172 NIcolans
646 2105 833 2171 Cardinalis
858 2106 1009 2171 Cusanus
1033 2130 1106 2172 eam
1139 2119 1176 2172 ut
1206 2112 1414 2196 suppositam

287 2204 516 2270 traduxerunt.
554 2205 718 2270 Beronins
735 2225 866 2291 quoque
890 2207 1038 2290 spurium
1063 2229 1133 2270 esse
1158 2206 1239 2273 illud
1264 2208 1415 2294 diploma

287 2306 434 2388 agnovit,
459 2315 492 2367 et
514 2305 668 2391 quamvis
691 2314 804 2389 postea
828 2302 939 2368 adhuc
964 2306 1046 2368 varii
1072 2316 1232 2385 auctores,
1258 2315 1295 2369 ut
1318 2303 1417 2372 Cret-

288 2423 380 2465 serus
426 2411 459 2464 et
505 2401 714 2484 Augustinus
753 2399 934 2484 Steuchus,
982 2401 1169 2480 donationis
1204 2403 1415 2469 authentiam

288 2501 495 2585 susceperint
510 2499 692 2582 vindicare,
712 2498 871 2584 paulatim
894 2501 1076 2585 suppositio
1096 2499 1196 2586 hujus
1221 2500 1417 2587 diplomatis

288 2595 331 2661 ab
356 2595 511 2661 omnibus
535 2595 649 2661 habita
672 2607 722 2660 est
746 2607 780 2660 ut
804 2595 953 2661 indubia.

129 2733 228 2781 Quando
243 2738 266 2774 et
378 2721 432 2786 33.
462 2719 619 2784 Difficilis
643 2743 739 2807 porro
764 2731 813 2785 cst
836 2723 994 2808 quaestio,
1020 2742 1084 2807 quo
1109 2733 1266 2807 tempore,
1292 2723 1419 2809 inqua

117 2797 156 2836 '¹⁸³¹
172 2794 274 2836 ‘mm'
287 2819 432 2904 regione,
457 2840 521 2904 quo
539 2828 682 2902 auctore,
708 2818 942 2884 documentum
961 2817 1043 2883 illud
1058 2820 1207 2904 spurium
1224 2819 1416 2885 confectum

288 2919 344 2999 sit,
370 2925 468 3003 atque
492 2927 643 2981 auctores
667 2918 723 3004 qui
748 2917 811 2980 hac
836 2917 876 2980 dc
901 2939 935 2981 re
960 2917 1182 3002 inquisierunt
1205 2939 1245 2981 ac
1267 2939 1416 3003 pronun·

287 3016 421 3095 tiarunt,
458 3016 492 3079 in
525 3014 675 3079 diversas
705 3013 816 3079 abiere
849 3016 1035 3079 sententias.
1084 3014 1247 3078 Baronius
1272 3017 1416 3097 censuit,
1466 3088 1470 3099 .

287 3133 308 3175 a
331 3109 469 3175 Graecis
499 3111 589 3176 illam
624 3113 826 3177 donationem
849 3113 1022 3177 confictam
1054 3113 1163 3196 fuisse,
1196 3135 1233 3176 eo
1263 3114 1351 3198 qnod
1378 3115 1418 3179 in

288 3208 404 3273 eadem
428 3211 590 3296 primatus
613 3209 709 3276 Sedis
731 3211 900 3274 Romanae
925 3211 1062 3297 ejusque
1085 3209 1302 3296 privilegius
1327 3209 1416 3276 Con-

288 3307 424 3370 stantini
449 3307 578 3371 decreto
604 3309 707 3393 repeti
732 3307 950 3388 videantur.¹)
986 3306 1052 3372 Sed
1077 3307 1159 3372 haec
1184 3309 1294 3393 opinio
1320 3307 1416 3374 haud

286 3405 404 3468 nititur
438 3405 542 3469 solido
578 3415 772 3489 argumento
806 3407 902 3492 eique
938 3407 1032 3468 varia
1066 3405 1207 3471 obstant.
1259 3403 1419 3471 Sufficiat

287 3501 470 3581 advertere,
495 3503 560 3567 alia
576 3525 747 3568 occurrere
772 3505 806 3567 in
823 3502 886 3567 hoo
910 3501 1117 3584 documento,
1144 3525 1186 3567 ex
1210 3503 1332 3589 quibus
1355 3526 1416 3590 pa-

287 3610 347 3681 tet,
387 3599 537 3664 divinam
574 3603 816 3666 institutionem
852 3603 1013 3687 primatus
1048 3601 1090 3665 ab
1126 3612 1259 3665 auctore
1294 3605 1415 3669 teneri.

287 3697 387 3762 Unde
424 3720 509 3784 quae
545 3699 585 3763 de
619 3699 847 3785 superioritate
878 3697 973 3762 Sedis
997 3699 1166 3763 Romanae
1201 3721 1299 3785 super
1328 3698 1418 3764 alias

288 3796 382 3860 sedes
406 3795 643 3882 patriarchales
666 3810 699 3861 et
722 3796 926 3882 episcopales
950 3799 1066 3860 statuit
1089 3797 1336 3880 Constantinus,
1376 3809 1421 3863 ut

288 3893 495 3958 confirmatio
528 3897 617 3958 insiti
650 3896 811 3980 primatus
842 3892 957 3958 haberi
989 3905 1136 3978 possunt.
1184 3893 1359 3959 Caeterum
1386 3899 1416 3960 si

287 4015 307 4056 a
331 3990 468 4057 Graecis
499 3993 734 4057 documentum
764 3993 953 4078 prodiisset,
990 3992 1060 4056 sedi
1092 3993 1243 4078 Cptanae
1278 3993 1312 4056 in
1348 3991 1420 4058 hoc

362 4251 381 4312 ¹)
400 4249 432 4301 V.
453 4249 599 4303 Baronium
619 4249 653 4303 ad
672 4265 696 4302 a.
717 4250 778 4302 324.
798 4265 824 4304 n.
845 4251 903 4313 117,
924 4248 957 4302 ad
977 4265 1000 4302 a.
1024 4251 1100 4302 1191.
1120 4265 1146 4302 n.
1165 4250 1200 4303 52
1219 4263 1275 4315 sqq.
