2868 4844
417 451 457 504 De
476 449 594 504 Concilio
616 450 721 506 Pisano.
1074 451 1125 504 281

25 607 84 656 snut
99 595 185 678 jura,
209 595 321 680 etqui
346 603 458 679 spreta
482 591 651 658 Ecclesiae
675 615 768 678 pace,
802 593 987 678 spretisque
1005 593 1139 679 juratis-1

23 691 173 774 promissis
201 691 396 777 pontificatu
425 690 567 756 cedendi
596 713 655 776 pro
683 689 872 754 schismatis
894 691 1125 770 exstinctione,

24 788 140 854 dubiam
165 789 361 873 dignitatem
385 791 599 874 pertinaciter
613 789 757 853 retinent
773 809 969 874 semperque
984 790 1127 853 retinere

23 886 128 950 volunt
175 887 332 951 Rationes
363 886 474 972 plures
505 889 541 951 in
574 889 642 951 suis
665 886 782 950 litteris
806 887 848 950 ad
872 884 1069 971 Gregorium
1095 895 1128 950 et

22 983 219 1050 Benedictum
254 984 448 1069 ellegerunt,
481 984 603 1070 quibus
632 983 821 1071 probarent,
856 986 888 1049 in
918 1005 996 1049 casu
1021 996 1127 1047 extra-

21 1081 181 1160 ordinario,
214 1081 343 1168 dequo
368 1081 540 1166 agebatur,
566 1083 624 1168 jus
647 1079 855 1147 convocandi
880 1091 912 1146 st
936 1081 1127 1146 celebrandi

19 1181 156 1258 generale
187 1181 375 1245 Concilium
418 1202 489 1244 esse
532 1201 633 1266 penes
672 1179 847 1264 collegium
888 1178 1127 1244 Cardinalium.

21 1278 245 1343 Vehementius
277 1280 349 1363 jam
386 1299 424 1342 eo
462 1288 610 1363 tempore
647 1280 814 1364 quaestio,
852 1300 895 1341 an
931 1279 1127 1342 convocatio

17 1376 168 1456 generalis
192 1375 333 1441 Consilii
358 1377 445 1441 Pisis
467 1375 614 1440 habendi
640 1377 727 1440 iacta
751 1397 810 1462 per
834 1374 1027 1440 Cardinales
1050 1376 1128 1460 legi-

17 1476 87 1537 tima
122 1473 176 1538 vel
210 1473 382 1558 illegitima
416 1484 516 1554 esset,
556 1475 682 1557 agitata
719 1484 777 1539 est.
829 1473 942 1559 Aliqui
976 1483 1128 1538 auctores
1147 1480 1289 1520 P⁰¹²²ffi⁰¹²0

17 1573 165 1636 rationem
180 1572 301 1656 agendi
320 1570 550 1636 Cardinalium
577 1584 865 1657 oppugnaverunt,
892 1572 993 1636 multo
1017 1571 1129 1658 plures
1183 1547 1256 1592 Μ’

15 1683 112 1734 umen
138 1671 295 1734 videntur
325 1670 491 1753 suffragiis
523 1673 591 1734 suis
615 1669 850 1734 cardinalibus
882 1669 1014 1734 favisse.
1062 1667 1128 1734 Sed

16 1766 245 1832 advertendum
277 1770 376 1832 stiam
409 1768 554 1844 omnino,
587 1789 651 1831 non
684 1789 807 1852 paucos
836 1767 947 1832 adhuc
970 1769 1127 1832 continuo

15 1863 215 1930 allaborasse
254 1864 478 1930 conciliationi
518 1867 604 1930 inter
636 1864 831 1932 Cardinales
870 1877 903 1930 et
939 1865 1128 1946 Pontifices,

16 1966 149 2028 maxime
174 1961 282 2049 quoad
308 1960 516 2048 Gregorium.
549 1963 659 2049 Atque
682 1985 784 2050 quum
810 1962 991 2049 Gregorius
1014 1985 1131 2030 versus

14 2060 103 2124 finem
136 2084 167 2125 a.
195 2061 279 2126 1408
304 2061 507 2125 Ariminium
533 2060 686 2147 (Rimini)
716 2084 751 2126 se
784 2062 957 2146 conferret,
990 2062 1129 2128 Carolus

15 2157 179 2224 llalatesta
193 2160 350 2224 Ariminii
377 2159 542 2240 dominus,
567 2161 619 2224 vir
642 2161 782 2243 insignis
806 2159 1010 2244 ingerendis
1034 2158 1130 2225 bellis

14 2271 40 2318 et
54 2255 258 2342 reipublicae
275 2257 415 2342 negotiis
432 2279 471 2322 ac
485 2277 625 2336 magnae
642 2257 731 2342 apud
749 2279 863 2322 omnes
879 2259 1128 2338 aestimationis,

14 2353 211 2440 aGregorio
243 2355 397 2432 obtinuit,
429 2366 466 2418 ut
496 2353 595 2420 vellet
618 2357 808 2420 renuntiare
831 2355 966 2440 Syncdc
990 2355 1032 2420 ab
1057 2357 1129 2441 ipso

13 2453 162 2532 indictae,
195 2465 228 2516 et
260 2474 336 2516 cum
361 2451 596 2516 cardinalibus
626 2453 724 2521 simul
757 2453 910 2536 generale
941 2453 1128 2518 Concilium

13 2571 190 2616 convocare
222 2552 256 2615 in
281 2552 418 2614 civitate
440 2573 500 2636 per
523 2551 665 2616 arbitros
697 2550 876 2635 seligenda.
925 2550 990 2616 Sed
1016 2551 1129 2616 Cardi-

12 2649 94 2714 nales
120 2649 155 2713 id
179 2649 353 2714 admittere
377 2648 563 2715 noluerunt.

91 2750 148 2812 44.
196 2746 312 2810 Edidit
344 2748 444 2810 etiam
468 2744 648 2830 Gregorius
671 2746 739 2810 XII
771 2746 824 2810 die
851 2748 910 2810 14ο
934 2744 1133 2810 Decembris

9 2865 34 2906 a.
51 2845 137 2910 1408
163 2844 297 2926 litteras,
322 2843 443 2930 quibus
459 2843 654 2910 Cardinales
679 2853 715 2908 ut
729 2844 773 2908 ad
787 2867 822 2908 se
838 2843 975 2910 redeant
999 2845 1130 2922 invitat,

10 2963 72 3006 sess
98 2941 140 3006 de
165 2941 433 3008 accusationibus
464 2941 613 3007 defendit
636 2951 668 3008 et
691 2952 904 3028 protestatur,
936 2964 970 3006 se
1001 2941 1044 3006 ad
1069 2941 1129 3006 Ec-

9 3039 123 3106 clesiae
157 3049 386 3104 sacrosanctae
418 3041 673 3124 integrationem
698 3061 756 3124 per
780 3041 869 3104 viam
901 3041 1059 3104 cessionis
1083 3061 1130 3103 sc-

8 3139 153 3204 cundum
185 3139 325 3202 sormam
357 3139 391 3202 in
423 3136 574 3202 conclavi
603 3136 759 3202 traditam
785 3148 870 3204 totos
893 3159 969 3201 suos
993 3148 1131 3222 puroet

7 3239 132 3300 sincere
149 3259 189 3299 ae
202 3236 343 3300 fideliter
356 3238 512 3300 continuo
525 3235 719 3300 adhibuisse
732 3248 879 3319 conatus,
901 3236 1130 3304 schismaticos

7 3355 82 3397 uero
109 3356 151 3398 ex
176 3334 316 3399 adverso
341 3333 518 3399 fraudibus
532 3333 660 3400 lusisse.
693 3335 807 3398 Mense
821 3335 982 3399 ianuario
1001 3357 1030 3399 a.
1044 3333 1129 3398 1409

7 3432 80 3496 dein
108 3430 303 3497 Cardinales
328 3433 476 3495 censuris
500 3455 538 3496 ac
562 3433 679 3518 poenis
703 3433 823 3498 affecit.
850 3469 890 3479 -
915 3432 1046 3496 Interea
1070 3432 1130 3496 Be-

7 3529 159 3594 nedictus
183 3529 268 3593 Xlll
303 3529 481 3594 concilium
507 3551 603 3593 suum
628 3529 820 3615 Perpiniani
851 3551 963 3594 mense
987 3527 1129 3594 Novem·

7 3627 52 3691 bri
69 3652 101 3691 a.
122 3627 205 3692 1408
230 3629 370 3713 aperuit,
396 3638 495 3713 atque
520 3629 614 3692 initio
640 3627 706 3690 fere
735 3627 798 3691 190
822 3627 958 3713 praelati
984 3627 1130 3692 adfuisse

7 3727 173 3790 videntur.
220 3723 286 3790 Sed
317 3747 395 3789 mox
423 3747 525 3812 quum
551 3727 699 3812 quaestio
724 3727 915 3810 agitaretur,
943 3724 1129 3810 postulante

5 3822 205 3904 Benedicto,
238 3823 318 3910 quid
350 3825 413 3909 ipsi
445 3823 636 3887 faciendum
672 3835 771 3903 esset,
811 3845 931 3908 magna
964 3821 1130 3886 discordia

5 3933 75 3985 crta
102 3931 160 3998 est,
185 3931 219 3985 et
241 3921 309 3984 l'ere
334 3942 448 3984 omnes
471 3933 688 4004 recesserunt,
713 3923 759 3985 ita
775 3931 811 3984 ut
833 3931 961 3985 tantum
983 3921 1022 3985 18
1040 3942 1130 4006 prac-

5 4019 59 4084 lati
103 4030 323 4085 remanerent.
380 4017 424 4084 Hi
464 4019 647 4088 Benedicta
688 4031 929 4105 proposuerunt
965 4017 1130 4105 quaedam

5 4120 120 4204 capita
142 4117 184 4182 ad
208 4117 470 4203 promovendam
495 4119 653 4182 unionem
677 4119 872 4201 spectantia,
898 4138 984 4203 quae
1000 4115 1043 4180 ah
1060 4119 1130 4201 ipso

5 4224 179 4302 acceptata
187 4217 331 4280 fuerunt.
346 4213 533 4328 Concilium
546 4215 599 4280 die
611 4214 1131 4296 26⁰Martiia.1409finitumest,
