2850 4834
297 463 349 516 132
510 459 611 514 XXXI.
631 458 671 513 De
689 457 836 512 abolitione
855 456 963 511 Ordinis
981 456 1203 526 Templariorum.

297 607 406 670 forsan
439 625 496 688 pro
528 603 626 666 truffa
656 601 742 665 lacta
776 601 907 665 luerunt
938 600 1139 685 supradicta.
1195 601 1392 666 Nihilominus

296 717 408 767 tamen
432 700 577 766 absolvit
606 721 692 782 eum,
724 700 879 784 imposita
902 702 1116 784 poenitentia,
1148 700 1237 786 quod
1260 700 1393 784 deinceps

297 823 363 866 non
388 809 473 863 esset
497 801 531 862 in
555 797 625 862 loco
651 801 684 862 in
709 820 773 884 quo
798 798 915 862 fierent
942 797 1032 878 talia,
1065 808 1098 862 et
1121 801 1148 862 si
1173 799 1295 872 fierent,
1323 797 1392 884 quod

296 897 459 962 revelaret
480 895 583 970 ea.“¹l

386 997 438 1060 47.
464 995 502 1058 In
529 993 641 1058 multis
664 995 766 1077 igitur
786 993 1049 1079 depositionibus
1073 993 1198 1058 similes
1224 1005 1395 1058 enarrantur

298 1093 576 1170 circumstantiae,
602 1113 620 1154 e
644 1092 766 1178 quibus
789 1091 938 1156 validum
963 1103 1197 1176 argumentum
1224 1116 1280 1178 pro
1303 1113 1394 1154 earuu

297 1192 486 1256 sinceritate
521 1189 706 1255 deducitur.
744 1225 781 1236 -
819 1189 916 1269 Quod
948 1200 1074 1274 spectat
1107 1189 1149 1254 ad
1175 1191 1395 1276 impudicitiam

296 1290 439 1374 receptis
465 1289 668 1372 permissam,
701 1287 775 1352 aliis
799 1287 932 1372 quidem
959 1287 1070 1350 verbis
1094 1289 1217 1373 apertis
1248 1289 1396 1373 permissio

298 1389 360 1452 ista
385 1383 605 1465 indicabatur,
630 1383 704 1448 aliis
730 1406 807 1448 vero
833 1386 943 1448 minus
967 1384 1098 1449 diserte.
1134 1385 1174 1450 Ε.
1187 1407 1219 1470 g.
1236 1383 1396 1449 Balduinns

297 1485 338 1548 de
363 1506 387 1548 s.
403 1483 498 1547 Justo
523 1493 717 1568 praeceptor
740 1492 895 1547 testatur:
924 1483 1022 1565 „Post
1037 1505 1122 1569 quae
1137 1485 1307 1568 praecepit
1328 1483 1396 1546 idem

297 1583 397 1646 frater
420 1581 537 1644 Petrus
562 1582 623 1665 ipsi
649 1567 734 1661 testi,
758 1579 847 1666 quod
871 1581 898 1644 si
923 1579 1043 1666 aliquis
1066 1581 1168 1644 frater
1188 1581 1270 1644 dicti
1294 1579 1398 1644 ordinis

298 1678 397 1743 vellet
422 1678 535 1762 jacere
566 1701 689 1758 secum,
722 1701 786 1742 uon
820 1676 957 1742 deberet
990 1701 1152 1744 recusare.
1209 1682 1285 1765 lpse
1307 1694 1396 1742 auen

297 1779 398 1854 testis,
423 1788 460 1839 ut
483 1777 578 1856 dixit,
604 1799 669 1841 uon
686 1776 858 1853 intellexit,
885 1776 973 1862 qnod
989 1776 1051 1841 hoc
1067 1777 1192 1842 diceret
1216 1790 1253 1841 ut
1271 1778 1398 1862 jacente.-

297 1873 430 1940 insimul
455 1874 588 1958 aliquod
614 1889 786 1959 peceatum
821 1878 1089 1944 committeretur.
1124 1875 1182 1939 sed
1207 1875 1234 1939 si
1267 1874 1399 1938 doliceus

296 1974 400 2038 lectus
424 1972 528 2052 alteri,
561 1974 649 2058 quod
674 1977 834 2058 reciperet
865 1995 940 2038 eum
966 1977 1000 2039 in
1026 1975 1109 2038 lecte
1134 1997 1193 2038 suo
1218 1973 1398 2038 honeste.·²¹

296 2072 585 2135 ——Inveniuntur
610 2073 642 2135 in
668 2071 932 2157 depositionibus
960 2074 1058 2136 etiam
1084 2072 1250 2158 quaedam
1275 2073 1308 2136 in
1331 2071 1398 2153 cepi-

297 2169 385 2234 tibus
410 2170 631 2234 accusationis
655 2193 720 2234 non
743 2181 907 2250 contenta,
933 2192 975 2232 ex
990 2169 1111 2256 quibus
1126 2181 1238 2234 tamen
1254 2171 1399 2253 corruptio

296 2267 427 2332 illorum
461 2269 609 2332 virorum
640 2267 814 2353 colligitur.
872 2268 927 2332 Sic
952 2280 1065 2332 narrat
1087 2267 1207 2332 Petrus
1238 2267 1280 2331 de
1303 2292 1326 2332 s.
1349 2267 1399 2330 llu-

297 2377 400 2430 merto
425 2367 589 2428 serviens:
618 2367 721 2448 „Item
747 2365 834 2430 dixit
856 2371 1016 2451 (receptor
1033 2365 1227 2430 Guilermns
1243 2365 1284 2430 de
1301 2351 1411 2430 tortu-l

297 2465 416 2546 ringis)
441 2465 481 2544 ei,
515 2465 601 2527 inter
631 2462 713 2528 alias
738 2466 971 2528 instructiones
1000 2485 1082 2548 quas
1106 2463 1251 2528 faciebat
1275 2465 1314 2528 de
1338 2483 1400 2546 puu-

297 2563 359 2626 ctis
390 2562 525 2642 ordinis,
560 2563 646 2647 quod
680 2583 745 2626 non
778 2562 952 2626 accederet
982 2561 1025 2625 ad
1057 2560 1212 2626 surdiores
1241 2577 1400 2646 suspectu.

297 2662 375 2745 quia
399 2661 425 2722 si
451 2663 712 2724 committeretur
739 2683 799 2745 per
821 2661 948 2738 fratres,
980 2659 1132 2745 perderet
1164 2659 1329 2732 habituum
1357 2655 1410 2720 sal*

296 2761 322 2822 si
348 2760 554 2841 contingeret
577 2779 652 2821 eum
677 2758 734 2838 ire,
760 2761 822 2822 iret
845 2760 891 2822 ita
915 2771 1010 2822 canate
1035 2758 1123 2844 qrrod
1138 2764 1313 2826 nescirent.
1336 2757 1397 2842 quia

297 2858 331 2918 in
355 2855 516 2939 religiosis
540 2869 610 2919 erat
633 2858 763 2941 turpius
794 2857 883 2942 quod
908 2858 992 2920 irent
1016 2857 1125 2941 palam
1150 2857 1193 2920 ad
1219 2857 1324 2921 dietas
1346 2875 1398 2918 mo·

297 2955 393 3018 lieres
413 2976 511 3038 quam
536 2955 571 3017 in
589 2953 727 3039 aliis.“³)
744 2993 786 3002 —
804 2955 920 3019 Frater
934 2953 1139 3038 Raynaudus
1154 2954 1331 3039 Bergerou‚
1353 2973 1399 3012 sea

299 3052 448 3116 visneto
464 3073 637 3132 annorum,
661 3063 813 3138 receptus
837 3063 907 3116 erat
930 3064 1006 3116 ante
1033 3053 1049 3114 l
1075 3073 1180 3116 annos
1205 3075 1264 3138 per
1286 3053 1400 3116 fratrer:

299 3151 517 3215 Laurentium
550 3150 589 3214 de
613 3149 719 3214 Belua
752 3162 1017 3236 praeceptorem,
1049 3152 1106 3236 qui
1138 3151 1202 3214 suit
1230 3151 1400 3216 combusto¹

246 3249 446 3312 r⁰¹¹Parisiis.
496 3248 603 3328 „Cain
628 3251 698 3333 ipae
729 3251 820 3314 testis
844 3259 930 3313 esset
959 3260 1114 3312 timoratus
1142 3259 1175 3312 et
1198 3250 1300 3314 frater
1323 3239 1408 3321 liupo

300 3346 340 3410 de
366 3346 526 3412 Cabiloue
560 3346 663 3424 miles,
697 3357 777 3411 tirno
805 3357 999 3433 praeceptor
1029 3346 1146 3410 donnus
1179 3347 1221 3410 de
1244 3346 1311 3411 Val
1337 3344 1400 3408 Tus

297 3446 453 3508 suasisset
488 3447 529 3525 ei,
568 3444 656 3530 quod
692 3467 759 3508 arna
795 3467 870 3510 cum
905 3467 1007 3510 uxore
1038 3467 1097 3508 sua
1126 3447 1274 3520 intraret,
1312 3444 1407 3520 dictus,

297 3544 389 3606 testis
422 3543 508 3607 dixit
543 3543 631 3628 quod
666 3565 731 3607 non
766 3546 912 3621 intraret,
952 3545 1015 3607 nisi
1039 3553 1226 3606 remaneret
1250 3541 1312 3606 sibi
1336 3559 1401 3603 uacat·

297 3661 374 3722 sua3
414 3651 445 3703 et
481 3663 556 3704 crim
590 3640 698 3704 dictus
732 3640 825 3705 miles
856 3641 917 3706 boc
952 3641 1015 3705 sibi
1053 3641 1274 3725 permitteret,
1313 3639 1400 3704 dictus

296 3740 389 3803 testis
428 3741 519 3802 venit
562 3741 596 3802 iu
636 3738 771 3822 capella.
821 3793 827 3805 .
867 3791 873 3806 .
914 3791 920 3805 .
969 3739 1013 3804 Et
1049 3761 1125 3802 eum
1170 3739 1280 3804 dictus
1320 3737 1400 3800 frater

297 3837 497 3900 Laurentius
543 3847 693 3920 tangeret
739 3838 783 3916 ei,
830 3837 919 3924 quod
966 3837 1138 3922 oportebat
1184 3859 1261 3900 euru
1300 3856 1399 3898 rosea·

298 3936 491 4014 castitatem,
518 3935 606 3999 idem
629 3937 721 3998 testis
750 3934 845 4012 dixit,
879 3935 966 4021 quod
999 3957 1170 4020 nunquam
1202 3933 1264 4000 lroc
1299 3933 1398 3998 sacua

372 4079 394 4150 ι)
414 4077 482 4132 uu.
502 4077 524 4131 1.
544 4093 569 4143 p.
588 4075 650 4130 sea.

371 4157 390 4210 a
410 4157 479 4212 nu,
498 4157 519 4211 1.
540 4173 565 4224 p.
586 4159 646 4211 ara

371 4237 395 4306 ³)
413 4237 482 4292 niu.
503 4236 523 4294 1.
544 4252 569 4304 p.
588 4237 651 4294 ssa.
