2828 4842
284 458 340 514 326
453 458 565 513 XXVII.
585 459 626 514 De
644 458 747 514 haeres.
768 460 934 527 repressione
952 475 984 514 ac
1002 461 1036 514 do
1050 460 1246 514 Decretalibus.

282 625 400 687 pererra
423 603 576 690 predicar
599 626 667 667 eum
691 604 736 666 eia
759 605 794 665 iu
808 606 862 667 oio
877 605 1081 680 inueniretur,
1107 605 1146 667 ob
1164 605 1302 668 hostibm
1324 615 1393 667 tohu

284 712 374 780 erct‚·
397 704 443 764 sic
463 725 524 786 pro
548 723 665 787 mapua
683 713 780 786 porte
804 701 952 765 diabolus
968 725 1032 788 per
1047 701 1122 766 illos
1137 713 1255 766 terram
1276 705 1309 766 ia
1325 725 1393 788 poce

284 822 355 877 auo,
378 799 463 863 velut
486 821 576 862 suum
599 800 717 862 atrium
734 799 964 884 possidehaffl)

113 893 276 996 uffiffl'
379 907 431 970 14.
454 905 635 990 Postquam
651 904 742 969 hisce
758 909 981 991 exposuimus,
1007 927 1107 992 quam
1131 903 1263 968 funesta
1285 915 1315 968 et
1336 925 1393 988 per-

287 1005 414 1068 niciosa
437 1003 538 1066 luerit
560 1001 617 1066 illa
641 1003 860 1068 Catharorum
884 1013 984 1082 secta,
1004 1004 1076 1089 jam
1094 1025 1133 1066 ca
1150 1001 1296 1066 breviter
1317 1025 1394 1066 enar·

283 1124 405 1183 remua,
437 1123 521 1187 quae
547 1112 701 1165 monente
725 1113 759 1166 et
781 1114 935 1166 movente
965 1103 1160 1166 Innocentio
1190 1100 1241 1164 111
1273 1099 1313 1163 ad
1336 1101 1396 1185 ejus

283 1201 557 1284 exstirpationem
591 1200 680 1264 facta
711 1211 797 1266 sunt.
852 1200 1002 1264 Vixdum
1035 1200 1079 1265 ad
1103 1198 1223 1266 Sedem
1248 1197 1393 1283 Apostoli·

283 1321 359 1362 cum
384 1308 530 1379 evectus,
560 1297 604 1361 ab
637 1297 887 1384 archiepiscopo
919 1299 1102 1364 Auscitano
1136 1296 1261 1382 (Auch)
1291 1298 1397 1360 certior

282 1398 391 1460 lactus
414 1408 464 1460 est
487 1395 528 1460 de
552 1395 697 1460 haeresis
728 1417 921 1481 progressu,
953 1407 987 1461 st
1009 1396 1126 1461 litteris
1149 1396 1193 1461 ad
1217 1417 1291 1459 eum
1323 1395 1406 1458 datis*

283 1495 339 1558 dic
364 1495 400 1558 1⁰
423 1495 550 1579 Aprilis
574 1518 603 1560 a.
633 1496 716 1559 1198
742 1497 851 1581 ipsum
876 1496 1026 1560 hortatus
1050 1505 1109 1575 est,
1135 1504 1172 1558 ut
1195 1515 1271 1558 cum
1296 1493 1406 1556 suffra-¹

281 1595 398 1677 ganeis
432 1595 501 1657 suis
540 1595 652 1657 omnia
689 1592 799 1658 media
840 1592 1057 1658 ecclesiastici
1093 1595 1217 1678 vigoris
1252 1590 1406 1656 adhibeat

283 1701 399 1756 contra
422 1691 616 1770 haereticos,
641 1702 744 1777 utque
768 1693 874 1771 etiam,
906 1695 936 1756 si
957 1715 1080 1756 necesse
1095 1691 1211 1778 faerit,
1239 1713 1302 1775 per
1322 1689 1406 1775 priu-¹

281 1789 382 1874 cipem
415 1800 444 1852 et
469 1789 626 1876 populum
659 1791 781 1854 eoadem
804 1792 917 1877 faciat
947 1791 1062 1854 virtute
1097 1789 1276 1852 materialia
1304 1787 1406 1872 plodio

282 1888 463 1968 exeram)
516 1889 635 1952 Varios
668 1887 793 1972 legatos
825 1911 862 1954 eo
896 1899 1044 1974 tempore
1076 1888 1166 1951 misit
1196 1886 1349 1950 Pontifex
1370 1886 1398 1946 in

282 1984 356 2048 illas
379 1987 540 2070 regiones,
566 1996 602 2050 ut
624 1986 777 2072 religioni
803 1987 1053 2051 conservandae
1076 1985 1303 2071 providerent
1348 1983 1399 2046 Le·

280 2085 449 2166 gationcm
481 2082 586 2164 hanc,
620 2107 801 2170 permagna
833 2107 909 2150 cum
940 2085 1136 2149 auctoritate
1167 2084 1266 2147 etiam
1299 2081 1406 2168 quoad

280 2180 449 2266 praesules
483 2180 612 2246 illarum
638 2185 897 2268 provinciarum,
929 2185 1045 2269 primis
1076 2184 1173 2246 annis
1206 2179 1328 2245 saeculi
1353 2179 1406 2258 de,

282 2279 361 2342 cimi
386 2282 473 2343 tertii
499 2282 664 2346 commisit
677 2281 838 2363 Arnaldo,
865 2281 1010 2346 Cistertii
1034 2279 1160 2358 abbati,
1187 2279 1406 2363 stRudolplm

281 2399 322 2440 ac
344 2377 443 2441 Petro
468 2378 508 2442 de
534 2377 738 2444 Castronovo
768 2380 916 2465 ejusdem
946 2379 1083 2444 Ordinis
1116 2377 1300 2442 monachis.
1349 2376 1406 2439 Isti

282 2477 418 2560 quidem
443 2477 607 2561 intrepide
632 2477 834 2558 laborarunt,
867 2491 905 2541 ut
928 2477 1119 2542 Catholieos
1144 2476 1267 2541 infide
1292 2478 1399 2539 retine·

281 2574 574 2653 r·ent‚,haereticos
598 2575 804 2658 reducerent,
830 2587 1044 2641 contumaces
1065 2575 1400 2639 excommunicarent:

281 2671 340 2736 sed
365 2674 445 2738 satis
469 2673 599 2738 desides
621 2676 824 2738 invenerunt
843 2677 1016 2760 episcopos
1034 2675 1154 2754 varios,
1180 2683 1213 2736 et
1237 2695 1304 2736 non
1328 2669 1406 2752 mul-3

280 2781 351 2832 tum
377 2769 439 2833 sihi
465 2771 667 2836 videbantur
691 2773 860 2857 prolicere.

374 2886 425 2951 15.
468 2886 580 2967 Quum
613 2909 700 2952 anno
735 2889 820 2953 1206
855 2888 1004 2953 Didacus
1037 2890 1212 2972 episcopus
1248 2884 1406 2949 ecclesiae

281 2985 485 3050 Uxamensis
510 2988 544 3048 in
560 2987 725 3071 Hispania
749 3009 825 3050 cum
851 3009 875 3053 s.
891 2987 1080 3066 Dominico‚
1104 2997 1184 3050 tunc
1208 2983 1406 3062 cathedralis,

281 3081 370 3148 illius
383 3085 556 3164 canonico,
575 3084 679 3148 Roma
696 3095 925 3164 reverteretur,
942 3081 1099 3148 illisviris
1114 3086 1170 3169 qui
1181 3083 1252 3167 jam
1270 3081 1406 3167 despair-l

281 3181 406 3246 debant
429 3184 552 3259 animo,
577 3183 647 3248 zelo
671 3183 851 3268 apostolico
878 3185 940 3270 ipsi
958 3205 1028 3248 sese
1042 3183 1239 3268 junxerunt,
1263 3191 1297 3244 et
1321 3191 1406 3266 noval

280 3280 435 3344 methodo
449 3280 572 3345 exinde
586 3283 776 3346 missionem
789 3304 882 3345 suam
894 3282 1026 3345 executi
1037 3289 1123 3344 sunt.
1147 3281 1282 3343 Factum
1294 3289 1341 3342 eat
1352 3279 1406 3363 ipio

281 3391 343 3456 tur,
368 3378 484 3443 scribit
515 3379 632 3444 Petrus
657 3380 698 3444 de
724 3379 877 3464 Cornajo‚
909 3391 945 3442 ut
968 3403 1061 3464 quum
1082 3379 1203 3442 rediret
1226 3377 1362 3460 (Dioge)
1385 3395 1406 3438 oi

279 3477 381 3558 curia,
414 3489 444 3540 et
475 3487 554 3541 esset
577 3478 665 3562 apud
688 3477 1041 3564 Montempeaouluaum,
1071 3477 1191 3540 deuenit
1213 3475 1259 3538 iti
1283 3495 1406 3538 verimi-3

280 3573 375 3638 bilem
397 3577 499 3639 uirum
516 3574 707 3658 Aruoldum,
734 3576 878 3640 alborem
906 3575 1148 3652 Gisterla'euoem,
1173 3585 1203 3636 et
1225 3575 1263 3636 F.
1282 3575 1406 3648 Pei-rnna

280 3673 319 3736 de
338 3669 530 3736 Castroaooo
555 3684 584 3736 et
599 3675 634 3737 F.
654 3673 866 3760 Rodulplrum,
883 3674 1048 3737 monachos
1069 3669 1299 3748 cirtercienses,
1325 3674 1406 3756 Apo:

280 3771 410 3836 stoliaco
434 3769 528 3834 Sedis
560 3771 689 3858 lepores,
723 3774 885 3862 injunctae
917 3771 980 3837 sihi
1012 3771 1164 3856 lupatiom'
1185 3794 1268 3856 prae
1302 3771 1402 3834 teredio

279 3871 464 3932 renuntiare
487 3870 636 3949 volentes,
661 3893 695 3934 eo
721 3869 804 3956 quod
820 3871 902 3934 nihil
925 3881 1112 3956 culparum
1126 3871 1294 3934 haereticis
1312 3897 1401 3957 proe-

279 3967 418 4030 dicando
444 3968 598 4054 proficere
628 3971 819 4055 potuissent.
885 3967 1140 4054 Quotiescumque
1179 3971 1261 4032 enim
1294 3963 1406 4048 uellent}

276 4113 489 4120 ———.—-.

356 4163 374 4225 ¹)
393 4161 424 4217 L.
444 4179 465 4216 e.
485 4163 513 4216 in
533 4163 654 4233 prologo.

353 4241 375 4308 2>
395 4241 464 4311 Epp.
484 4243 514 4296 L.
533 4243 555 4297 1.
576 4259 616 4312 ep.
635 4245 679 4300 81.
