<?xml version="1.0" encoding="UTF-8"?>
<!DOCTYPE html PUBLIC "-//W3C//DTD XHTML 1.0 Transitional//EN"
    "http://www.w3.org/TR/xhtml1/DTD/xhtml1-transitional.dtd">
<html xmlns="http://www.w3.org/1999/xhtml" xml:lang="en" lang="en">
 <head>
  <title>
</title>
<meta http-equiv="Content-Type" content="text/html;charset=utf-8" />
  <meta name='ocr-system' content='tesseract 3.04.00' />
  <meta name='ocr-capabilities' content='ocr_page ocr_carea ocr_par ocr_line ocrx_word'/>
</head>
<body>
  <div class='ocr_page' id='page_1' title='image "./dissertationess00junggoog_0449.png"; bbox 0 0 2814 4848; ppageno 0'>
   <div class='ocr_carea' id='block_1_1' title="bbox 139 601 266 648">
    <p class='ocr_par' dir='ltr' id='par_1_1' title="bbox 139 601 266 648">
     <span class='ocr_line' id='line_1_1' title="bbox 139 601 266 648; baseline 0 -10"><span class='ocrx_word' id='word_1_1' title='bbox 139 601 266 648; x_wconf 75' lang='lat' dir='ltr'>lntorrcgui</span> 
     </span>
    </p>
   </div>
   <div class='ocr_carea' id='block_1_2' title="bbox 138 664 262 774">
    <p class='ocr_par' dir='ltr' id='par_1_2' title="bbox 138 664 262 774">
     <span class='ocr_line' id='line_1_2' title="bbox 138 664 262 702; baseline -0.016 0"><span class='ocrx_word' id='word_1_2' title='bbox 138 664 188 702; x_wconf 76' lang='lat' dir='ltr'>trist</span> <span class='ocrx_word' id='word_1_3' title='bbox 190 673 262 701; x_wconf 63' lang='lat'>000000</span> 
     </span>
     <span class='ocr_line' id='line_1_3' title="bbox 154 727 241 774; baseline 0 -12"><span class='ocrx_word' id='word_1_4' title='bbox 154 727 241 774; x_wconf 65' lang='lat' dir='ltr'>queue</span> 
     </span>
    </p>
   </div>
   <div class='ocr_carea' id='block_1_3' title="bbox 290 451 1221 510">
    <p class='ocr_par' dir='ltr' id='par_1_3' title="bbox 290 451 1221 510">
     <span class='ocr_line' id='line_1_4' title="bbox 290 451 1221 510; baseline -0.006 0"><span class='ocrx_word' id='word_1_5' title='bbox 290 457 343 510; x_wconf 73' lang='lat'>434</span> <span class='ocrx_word' id='word_1_6' title='bbox 486 453 614 508; x_wconf 85' lang='lat' dir='ltr'>XXVIII.</span> <span class='ocrx_word' id='word_1_7' title='bbox 634 453 673 506; x_wconf 89' lang='lat' dir='ltr'>De</span> <span class='ocrx_word' id='word_1_8' title='bbox 691 459 767 505; x_wconf 87' lang='lat' dir='ltr'>statu</span> <span class='ocrx_word' id='word_1_9' title='bbox 785 451 924 505; x_wconf 88' lang='lat' dir='ltr'>societatis</span> <span class='ocrx_word' id='word_1_10' title='bbox 943 451 1035 505; x_wconf 86' lang='lat' dir='ltr'>christ.</span> <span class='ocrx_word' id='word_1_11' title='bbox 1055 467 1123 505; x_wconf 86' lang='lat' dir='ltr'>saec.</span> <span class='ocrx_word' id='word_1_12' title='bbox 1144 451 1221 504; x_wconf 87' lang='lat' dir='ltr'>XIII.</span> 
     </span>
    </p>
   </div>
   <div class='ocr_carea' id='block_1_4' title="bbox 288 594 1404 1859">
    <p class='ocr_par' dir='ltr' id='par_1_4' title="bbox 288 594 1404 1859">
     <span class='ocr_line' id='line_1_5' title="bbox 291 594 1395 682; baseline -0.004 -20"><span class='ocrx_word' id='word_1_13' title='bbox 291 599 474 682; x_wconf 91' lang='lat' dir='ltr'>municipia</span> <span class='ocrx_word' id='word_1_14' title='bbox 502 598 693 682; x_wconf 82' lang='lat' dir='ltr'>frequenter</span> <span class='ocrx_word' id='word_1_15' title='bbox 724 597 964 681; x_wconf 90' lang='lat' dir='ltr'>oppositionem</span> <span class='ocrx_word' id='word_1_16' title='bbox 996 603 1205 680; x_wconf 75' lang='lat' dir='ltr'>arrogantem</span> <span class='ocrx_word' id='word_1_17' title='bbox 1229 595 1264 658; x_wconf 94' lang='lat' dir='ltr'>in</span> <span class='ocrx_word' id='word_1_18' title='bbox 1287 594 1395 659; x_wconf 90' lang='lat' dir='ltr'>clerum</span> 
     </span>
     <span class='ocr_line' id='line_1_6' title="bbox 290 692 1396 782; baseline -0.005 -22"><span class='ocrx_word' id='word_1_19' title='bbox 290 719 368 782; x_wconf 90' lang='lat' dir='ltr'>prae</span> <span class='ocrx_word' id='word_1_20' title='bbox 386 718 420 760; x_wconf 91' lang='lat' dir='ltr'>se</span> <span class='ocrx_word' id='word_1_21' title='bbox 436 695 570 760; x_wconf 89' lang='lat' dir='ltr'>ferrent.</span> <span class='ocrx_word' id='word_1_22' title='bbox 602 695 796 780; x_wconf 83' lang='lat' dir='ltr'><strong>Principum</strong></span> <span class='ocrx_word' id='word_1_23' title='bbox 814 695 1111 758; x_wconf 88' lang='lat' dir='ltr'>ecclesiasticorum</span> <span class='ocrx_word' id='word_1_24' title='bbox 1133 692 1313 756; x_wconf 80' lang='lat' dir='ltr'>dominatio</span> <span class='ocrx_word' id='word_1_25' title='bbox 1331 701 1396 754; x_wconf 86' lang='lat' dir='ltr'>tem·</span> 
     </span>
     <span class='ocr_line' id='line_1_7' title="bbox 289 789 1398 881; baseline -0.005 -23"><span class='ocrx_word' id='word_1_26' title='bbox 289 792 411 881; x_wconf 88' lang='lat' dir='ltr'>poralis</span> <span class='ocrx_word' id='word_1_27' title='bbox 444 795 566 878; x_wconf 89' lang='lat' dir='ltr'>passim</span> <span class='ocrx_word' id='word_1_28' title='bbox 600 792 835 878; x_wconf 81' lang='lat' dir='ltr'>spernebatur,</span> <span class='ocrx_word' id='word_1_29' title='bbox 868 791 979 856; x_wconf 87' lang='lat' dir='ltr'>cleriei</span> <span class='ocrx_word' id='word_1_30' title='bbox 1010 792 1054 855; x_wconf 90' lang='lat' dir='ltr'>ad</span> <span class='ocrx_word' id='word_1_31' title='bbox 1087 789 1269 855; x_wconf 90' lang='lat' dir='ltr'>tribunalia</span> <span class='ocrx_word' id='word_1_32' title='bbox 1300 789 1398 853; x_wconf 78' lang='lat' dir='ltr'>civilia</span> 
     </span>
     <span class='ocr_line' id='line_1_8' title="bbox 289 888 1397 970; baseline -0.003 -15"><span class='ocrx_word' id='word_1_33' title='bbox 289 891 517 969; x_wconf 80' lang='lat' dir='ltr'>trahebantur,</span> <span class='ocrx_word' id='word_1_34' title='bbox 543 890 595 955; x_wconf 92' lang='lat' dir='ltr'>vel</span> <span class='ocrx_word' id='word_1_35' title='bbox 619 890 683 954; x_wconf 88' lang='lat' dir='ltr'>alio</span> <span class='ocrx_word' id='word_1_36' title='bbox 711 890 807 954; x_wconf 91' lang='lat' dir='ltr'>modo</span> <span class='ocrx_word' id='word_1_37' title='bbox 834 889 1051 970; x_wconf 84' lang='lat' dir='ltr'>vexabantur,</span> <span class='ocrx_word' id='word_1_38' title='bbox 1086 888 1219 952; x_wconf 88' lang='lat' dir='ltr'>decreta</span> <span class='ocrx_word' id='word_1_39' title='bbox 1243 890 1277 952; x_wconf 94' lang='lat' dir='ltr'>in</span> <span class='ocrx_word' id='word_1_40' title='bbox 1301 889 1397 952; x_wconf 83' lang='lat' dir='ltr'>Eccle-</span> 
     </span>
     <span class='ocr_line' id='line_1_9' title="bbox 290 988 1404 1076; baseline -0.006 -21"><span class='ocrx_word' id='word_1_41' title='bbox 290 993 358 1063; x_wconf 83' lang='lat' dir='ltr'>siae</span> <span class='ocrx_word' id='word_1_42' title='bbox 384 992 462 1075; x_wconf 89' lang='lat' dir='ltr'>jura</span> <span class='ocrx_word' id='word_1_43' title='bbox 493 990 622 1053; x_wconf 86' lang='lat' dir='ltr'>infensa</span> <span class='ocrx_word' id='word_1_44' title='bbox 656 989 961 1074; x_wconf 77' lang='lat' dir='ltr'>promulgabantur.</span> <span class='ocrx_word' id='word_1_45' title='bbox 1021 989 1214 1052; x_wconf 89' lang='lat' dir='ltr'>Universim</span> <span class='ocrx_word' id='word_1_46' title='bbox 1251 988 1404 1076; x_wconf 47' lang='lat' dir='ltr'>oppositio,</span> 
     </span>
     <span class='ocr_line' id='line_1_10' title="bbox 289 1085 1404 1170; baseline -0.005 -17"><span class='ocrx_word' id='word_1_47' title='bbox 289 1087 403 1154; x_wconf 85' lang='lat' dir='ltr'>audax</span> <span class='ocrx_word' id='word_1_48' title='bbox 427 1096 459 1152; x_wconf 92' lang='lat' dir='ltr'>et</span> <span class='ocrx_word' id='word_1_49' title='bbox 483 1087 599 1151; x_wconf 89' lang='lat' dir='ltr'>invida</span> <span class='ocrx_word' id='word_1_50' title='bbox 623 1085 797 1168; x_wconf 85' lang='lat' dir='ltr'>nobilium,</span> <span class='ocrx_word' id='word_1_51' title='bbox 822 1087 958 1164; x_wconf 89' lang='lat' dir='ltr'>civium,</span> <span class='ocrx_word' id='word_1_52' title='bbox 981 1088 1192 1167; x_wconf 89' lang='lat' dir='ltr'>rusticorum,</span> <span class='ocrx_word' id='word_1_53' title='bbox 1216 1086 1251 1149; x_wconf 93' lang='lat' dir='ltr'>in</span> <span class='ocrx_word' id='word_1_54' title='bbox 1276 1098 1404 1170; x_wconf 63' lang='lat' dir='ltr'>potesta-3</span> 
     </span>
     <span class='ocr_line' id='line_1_11' title="bbox 288 1183 1404 1270; baseline -0.005 -18"><span class='ocrx_word' id='word_1_55' title='bbox 288 1199 355 1252; x_wconf 88' lang='lat' dir='ltr'>tem</span> <span class='ocrx_word' id='word_1_56' title='bbox 389 1185 646 1249; x_wconf 87' lang='lat' dir='ltr'>ecclesiasticam</span> <span class='ocrx_word' id='word_1_57' title='bbox 683 1197 715 1248; x_wconf 86' lang='lat' dir='ltr'>et</span> <span class='ocrx_word' id='word_1_58' title='bbox 749 1184 885 1248; x_wconf 89' lang='lat' dir='ltr'>clericos</span> <span class='ocrx_word' id='word_1_59' title='bbox 913 1185 984 1270; x_wconf 91' lang='lat' dir='ltr'>jam</span> <span class='ocrx_word' id='word_1_60' title='bbox 1021 1207 1060 1249; x_wconf 90' lang='lat' dir='ltr'>ea</span> <span class='ocrx_word' id='word_1_61' title='bbox 1093 1195 1200 1248; x_wconf 89' lang='lat' dir='ltr'>aetate</span> <span class='ocrx_word' id='word_1_62' title='bbox 1234 1207 1306 1248; x_wconf 88' lang='lat' dir='ltr'>sese</span> <span class='ocrx_word' id='word_1_63' title='bbox 1330 1183 1404 1266; x_wconf 65' lang='lat' dir='ltr'>evol,</span> 
     </span>
     <span class='ocr_line' id='line_1_12' title="bbox 290 1282 1404 1376; baseline 0 -31"><span class='ocrx_word' id='word_1_64' title='bbox 290 1286 348 1366; x_wconf 87' lang='lat' dir='ltr'>vit,</span> <span class='ocrx_word' id='word_1_65' title='bbox 373 1293 407 1348; x_wconf 92' lang='lat' dir='ltr'>et</span> <span class='ocrx_word' id='word_1_66' title='bbox 429 1285 527 1347; x_wconf 87' lang='lat' dir='ltr'>etiam</span> <span class='ocrx_word' id='word_1_67' title='bbox 554 1283 758 1346; x_wconf 82' lang='lat' dir='ltr'>carminibus</span> <span class='ocrx_word' id='word_1_68' title='bbox 786 1282 1002 1368; x_wconf 90' lang='lat' dir='ltr'>popularibus</span> <span class='ocrx_word' id='word_1_69' title='bbox 1027 1283 1188 1367; x_wconf 89' lang='lat' dir='ltr'>ejusmodi</span> <span class='ocrx_word' id='word_1_70' title='bbox 1220 1305 1337 1346; x_wconf 88' lang='lat' dir='ltr'>sensus</span> <span class='ocrx_word' id='word_1_71' title='bbox 1366 1283 1404 1376; x_wconf 53' lang='lat' dir='ltr'>io,</span> 
     </span>
     <span class='ocr_line' id='line_1_13' title="bbox 289 1379 1402 1460; baseline -0.002 -16"><span class='ocrx_word' id='word_1_72' title='bbox 289 1381 464 1446; x_wconf 90' lang='lat' dir='ltr'>vebantur.</span> <span class='ocrx_word' id='word_1_73' title='bbox 519 1379 630 1460; x_wconf 77' lang='lat' dir='ltr'>Quum</span> <span class='ocrx_word' id='word_1_74' title='bbox 664 1402 741 1444; x_wconf 89' lang='lat' dir='ltr'>vero</span> <span class='ocrx_word' id='word_1_75' title='bbox 771 1380 853 1444; x_wconf 89' lang='lat' dir='ltr'>adeo</span> <span class='ocrx_word' id='word_1_76' title='bbox 885 1381 918 1444; x_wconf 92' lang='lat' dir='ltr'>iu</span> <span class='ocrx_word' id='word_1_77' title='bbox 954 1379 1134 1444; x_wconf 87' lang='lat' dir='ltr'>Germania</span> <span class='ocrx_word' id='word_1_78' title='bbox 1173 1381 1344 1444; x_wconf 84' lang='lat' dir='ltr'>dissolutio</span> <span class='ocrx_word' id='word_1_79' title='bbox 1372 1405 1402 1442; x_wconf 83' lang='lat' dir='ltr'>ac</span> 
     </span>
     <span class='ocr_line' id='line_1_14' title="bbox 288 1479 1393 1566; baseline -0.004 -22"><span class='ocrx_word' id='word_1_80' title='bbox 288 1479 398 1566; x_wconf 88' lang='lat' dir='ltr'>legum</span> <span class='ocrx_word' id='word_1_81' title='bbox 434 1489 641 1564; x_wconf 91' lang='lat' dir='ltr'>contemptus</span> <span class='ocrx_word' id='word_1_82' title='bbox 681 1482 817 1563; x_wconf 85' lang='lat' dir='ltr'>vigeret,</span> <span class='ocrx_word' id='word_1_83' title='bbox 848 1481 948 1543; x_wconf 88' lang='lat' dir='ltr'>etiam</span> <span class='ocrx_word' id='word_1_84' title='bbox 985 1481 1018 1542; x_wconf 94' lang='lat' dir='ltr'>in</span> <span class='ocrx_word' id='word_1_85' title='bbox 1056 1479 1141 1542; x_wconf 91' lang='lat' dir='ltr'>clero</span> <span class='ocrx_word' id='word_1_86' title='bbox 1172 1490 1205 1542; x_wconf 91' lang='lat' dir='ltr'>et</span> <span class='ocrx_word' id='word_1_87' title='bbox 1236 1480 1270 1542; x_wconf 93' lang='lat' dir='ltr'>in</span> <span class='ocrx_word' id='word_1_88' title='bbox 1307 1502 1393 1542; x_wconf 84' lang='lat' dir='ltr'>mona</span> 
     </span>
     <span class='ocr_line' id='line_1_15' title="bbox 289 1577 1395 1663; baseline -0.003 -20"><span class='ocrx_word' id='word_1_89' title='bbox 289 1579 397 1644; x_wconf 89' lang='lat' dir='ltr'>steriis</span> <span class='ocrx_word' id='word_1_90' title='bbox 421 1577 580 1642; x_wconf 80' lang='lat' dir='ltr'>relaxatio</span> <span class='ocrx_word' id='word_1_91' title='bbox 606 1577 802 1663; x_wconf 88' lang='lat' dir='ltr'>disciplinae</span> <span class='ocrx_word' id='word_1_92' title='bbox 832 1601 899 1641; x_wconf 92' lang='lat' dir='ltr'>non</span> <span class='ocrx_word' id='word_1_93' title='bbox 924 1577 1055 1641; x_wconf 89' lang='lat' dir='ltr'>modica</span> <span class='ocrx_word' id='word_1_94' title='bbox 1080 1587 1195 1642; x_wconf 86' lang='lat' dir='ltr'>exorta</span> <span class='ocrx_word' id='word_1_95' title='bbox 1218 1587 1281 1642; x_wconf 89' lang='lat' dir='ltr'>est.</span> <span class='ocrx_word' id='word_1_96' title='bbox 1330 1579 1395 1641; x_wconf 75' lang='lat' dir='ltr'>Ara</span> 
     </span>
     <span class='ocr_line' id='line_1_16' title="bbox 289 1675 1404 1774; baseline -0.004 -33"><span class='ocrx_word' id='word_1_97' title='bbox 289 1679 386 1741; x_wconf 92' lang='lat' dir='ltr'>ritiae</span> <span class='ocrx_word' id='word_1_98' title='bbox 417 1687 449 1740; x_wconf 89' lang='lat' dir='ltr'>et</span> <span class='ocrx_word' id='word_1_99' title='bbox 478 1678 738 1741; x_wconf 79' lang='lat' dir='ltr'>incontinentiae</span> <span class='ocrx_word' id='word_1_100' title='bbox 770 1675 894 1740; x_wconf 90' lang='lat' dir='ltr'>malum</span> <span class='ocrx_word' id='word_1_101' title='bbox 925 1677 1131 1761; x_wconf 86' lang='lat' dir='ltr'>frequentius</span> <span class='ocrx_word' id='word_1_102' title='bbox 1162 1676 1252 1761; x_wconf 91' lang='lat' dir='ltr'>apud</span> <span class='ocrx_word' id='word_1_103' title='bbox 1280 1675 1404 1774; x_wconf 56' lang='lat' dir='ltr'>clericop</span> 
     </span>
     <span class='ocr_line' id='line_1_17' title="bbox 290 1773 1404 1859; baseline -0.004 -21"><span class='ocrx_word' id='word_1_104' title='bbox 290 1773 534 1856; x_wconf 86' lang='lat' dir='ltr'>inveniebatur,</span> <span class='ocrx_word' id='word_1_105' title='bbox 566 1798 605 1838; x_wconf 89' lang='lat' dir='ltr'>ac</span> <span class='ocrx_word' id='word_1_106' title='bbox 630 1776 840 1855; x_wconf 90' lang='lat' dir='ltr'>monasteria,</span> <span class='ocrx_word' id='word_1_107' title='bbox 875 1775 1070 1859; x_wconf 89' lang='lat' dir='ltr'>praesertim</span> <span class='ocrx_word' id='word_1_108' title='bbox 1104 1774 1291 1838; x_wconf 88' lang='lat' dir='ltr'>ditissimae</span> <span class='ocrx_word' id='word_1_109' title='bbox 1316 1775 1404 1838; x_wconf 76' lang='lat' dir='ltr'>Bene</span> 
     </span>
    </p>
   </div>
   <div class='ocr_carea' id='block_1_5' title="bbox 289 1870 1404 2854">
    <p class='ocr_par' dir='ltr' id='par_1_5' title="bbox 289 1870 1404 2854">
     <span class='ocr_line' id='line_1_18' title="bbox 290 1870 1404 1970; baseline -0.005 -32"><span class='ocrx_word' id='word_1_110' title='bbox 290 1874 491 1938; x_wconf 89' lang='lat' dir='ltr'>dictinorum</span> <span class='ocrx_word' id='word_1_111' title='bbox 515 1873 681 1956; x_wconf 85' lang='lat' dir='ltr'>abbatiae,</span> <span class='ocrx_word' id='word_1_112' title='bbox 707 1875 830 1959; x_wconf 88' lang='lat' dir='ltr'>pariter</span> <span class='ocrx_word' id='word_1_113' title='bbox 851 1870 1080 1936; x_wconf 88' lang='lat' dir='ltr'>dissolutionis</span> <span class='ocrx_word' id='word_1_114' title='bbox 1093 1872 1279 1936; x_wconf 87' lang='lat' dir='ltr'>identidem</span> <span class='ocrx_word' id='word_1_115' title='bbox 1305 1885 1404 1970; x_wconf 62' lang='lat' dir='ltr'>argue,</span> 
     </span>
     <span class='ocr_line' id='line_1_19' title="bbox 289 1969 1404 2074; baseline -0.004 -38"><span class='ocrx_word' id='word_1_116' title='bbox 289 1971 421 2036; x_wconf 86' lang='lat' dir='ltr'>bantur.</span> <span class='ocrx_word' id='word_1_117' title='bbox 469 1971 626 2036; x_wconf 85' lang='lat' dir='ltr'>Attamen</span> <span class='ocrx_word' id='word_1_118' title='bbox 650 1973 831 2036; x_wconf 81' lang='lat' dir='ltr'>arroteritae</span> <span class='ocrx_word' id='word_1_119' title='bbox 845 1969 1080 2058; x_wconf 82' lang='lat' dir='ltr'>ecclesiastiea</span> <span class='ocrx_word' id='word_1_120' title='bbox 1094 1981 1163 2034; x_wconf 89' lang='lat' dir='ltr'>tum</span> <span class='ocrx_word' id='word_1_121' title='bbox 1181 1970 1325 2054; x_wconf 84' lang='lat' dir='ltr'>synodis</span> <span class='ocrx_word' id='word_1_122' title='bbox 1348 1987 1404 2074; x_wconf 62' lang='lat' dir='ltr'>pro,</span> 
     </span>
     <span class='ocr_line' id='line_1_20' title="bbox 290 2067 1404 2154; baseline -0.003 -23"><span class='ocrx_word' id='word_1_123' title='bbox 290 2068 501 2150; x_wconf 89' lang='lat' dir='ltr'>vincialibus,</span> <span class='ocrx_word' id='word_1_124' title='bbox 534 2081 604 2132; x_wconf 89' lang='lat' dir='ltr'>tum</span> <span class='ocrx_word' id='word_1_125' title='bbox 636 2070 772 2154; x_wconf 87' lang='lat' dir='ltr'>synodis</span> <span class='ocrx_word' id='word_1_126' title='bbox 804 2069 1008 2133; x_wconf 87' lang='lat' dir='ltr'>dioecesanis</span> <span class='ocrx_word' id='word_1_127' title='bbox 1038 2068 1133 2132; x_wconf 90' lang='lat' dir='ltr'>malis</span> <span class='ocrx_word' id='word_1_128' title='bbox 1165 2067 1331 2132; x_wconf 87' lang='lat' dir='ltr'>obvenire</span> <span class='ocrx_word' id='word_1_129' title='bbox 1353 2079 1404 2130; x_wconf 89' lang='lat' dir='ltr'>stu</span> 
     </span>
     <span class='ocr_line' id='line_1_21' title="bbox 290 2166 1404 2268; baseline -0.003 -37"><span class='ocrx_word' id='word_1_130' title='bbox 290 2167 372 2231; x_wconf 89' lang='lat' dir='ltr'>duit.</span> <span class='ocrx_word' id='word_1_131' title='bbox 426 2167 478 2230; x_wconf 87' lang='lat' dir='ltr'>Ita</span> <span class='ocrx_word' id='word_1_132' title='bbox 508 2190 596 2232; x_wconf 89' lang='lat' dir='ltr'>anno</span> <span class='ocrx_word' id='word_1_133' title='bbox 631 2167 716 2232; x_wconf 84' lang='grc'><strong>1266</strong></span> <span class='ocrx_word' id='word_1_134' title='bbox 748 2166 855 2232; x_wconf 83' lang='lat' dir='ltr'>Gualo</span> <span class='ocrx_word' id='word_1_135' title='bbox 886 2166 1073 2231; x_wconf 83' lang='lat' dir='ltr'>Cardinalie</span> <span class='ocrx_word' id='word_1_136' title='bbox 1103 2166 1231 2249; x_wconf 86' lang='lat' dir='ltr'>legatus</span> <span class='ocrx_word' id='word_1_137' title='bbox 1264 2167 1404 2268; x_wconf 66' lang='lat' dir='ltr'>Bremar,</span> 
     </span>
     <span class='ocr_line' id='line_1_22' title="bbox 290 2265 1404 2352; baseline -0.004 -22"><span class='ocrx_word' id='word_1_138' title='bbox 290 2265 520 2346; x_wconf 88' lang='lat' dir='ltr'>Vindobonae,</span> <span class='ocrx_word' id='word_1_139' title='bbox 545 2267 684 2352; x_wconf 88' lang='lat' dir='ltr'>aliisque</span> <span class='ocrx_word' id='word_1_140' title='bbox 709 2268 743 2329; x_wconf 91' lang='lat' dir='ltr'>in</span> <span class='ocrx_word' id='word_1_141' title='bbox 767 2265 958 2350; x_wconf 90' lang='lat' dir='ltr'>regionibus</span> <span class='ocrx_word' id='word_1_142' title='bbox 982 2265 1127 2350; x_wconf 90' lang='lat' dir='ltr'>synodos</span> <span class='ocrx_word' id='word_1_143' title='bbox 1151 2266 1261 2350; x_wconf 74' lang='lat' dir='ltr'>coegit</span> <span class='ocrx_word' id='word_1_144' title='bbox 1287 2267 1404 2351; x_wconf 56' lang='lat' dir='ltr'>provin*</span> 
     </span>
     <span class='ocr_line' id='line_1_23' title="bbox 290 2361 1395 2450; baseline -0.004 -22"><span class='ocrx_word' id='word_1_145' title='bbox 290 2363 407 2446; x_wconf 87' lang='lat' dir='ltr'>ciales,</span> <span class='ocrx_word' id='word_1_146' title='bbox 443 2374 480 2427; x_wconf 92' lang='lat' dir='ltr'>ut</span> <span class='ocrx_word' id='word_1_147' title='bbox 511 2365 708 2450; x_wconf 88' lang='lat' dir='ltr'>disciplinae</span> <span class='ocrx_word' id='word_1_148' title='bbox 740 2363 980 2449; x_wconf 88' lang='lat' dir='ltr'>provideretur.</span> <span class='ocrx_word' id='word_1_149' title='bbox 1040 2364 1188 2430; x_wconf 77' lang='lat' dir='ltr'>Ioannes</span> <span class='ocrx_word' id='word_1_150' title='bbox 1228 2361 1395 2427; x_wconf 87' lang='lat' dir='ltr'>Cardinali</span> 
     </span>
     <span class='ocr_line' id='line_1_24' title="bbox 289 2461 1404 2556; baseline -0.003 -31"><span class='ocrx_word' id='word_1_151' title='bbox 289 2461 499 2526; x_wconf 84' lang='lat' dir='ltr'>Tusculanus</span> <span class='ocrx_word' id='word_1_152' title='bbox 522 2462 649 2546; x_wconf 87' lang='lat' dir='ltr'>legatus</span> <span class='ocrx_word' id='word_1_153' title='bbox 673 2463 865 2526; x_wconf 78' lang='grc'><strong>1111111287</strong></span> <span class='ocrx_word' id='word_1_154' title='bbox 891 2483 966 2524; x_wconf 90' lang='lat' dir='ltr'>cum</span> <span class='ocrx_word' id='word_1_155' title='bbox 991 2463 1155 2547; x_wconf 88' lang='lat' dir='ltr'>episcopis</span> <span class='ocrx_word' id='word_1_156' title='bbox 1171 2461 1259 2524; x_wconf 88' lang='lat' dir='ltr'>ultra</span> <span class='ocrx_word' id='word_1_157' title='bbox 1285 2463 1404 2556; x_wconf 59' lang='lat' dir='ltr'>triginti</span> 
     </span>
     <span class='ocr_line' id='line_1_25' title="bbox 290 2557 1394 2644; baseline -0.004 -20"><span class='ocrx_word' id='word_1_158' title='bbox 290 2559 464 2644; x_wconf 90' lang='lat' dir='ltr'>Herbipoli</span> <span class='ocrx_word' id='word_1_159' title='bbox 489 2560 666 2625; x_wconf 88' lang='lat' dir='ltr'>concilium</span> <span class='ocrx_word' id='word_1_160' title='bbox 684 2557 850 2624; x_wconf 86' lang='lat' dir='ltr'>nationale</span> <span class='ocrx_word' id='word_1_161' title='bbox 867 2559 1059 2625; x_wconf 89' lang='lat' dir='ltr'>celebravit.</span> <span class='ocrx_word' id='word_1_162' title='bbox 1098 2560 1143 2624; x_wconf 79' lang='lat' dir='ltr'>m</span> <span class='ocrx_word' id='word_1_163' title='bbox 1158 2561 1319 2644; x_wconf 90' lang='lat' dir='ltr'>quamvis</span> <span class='ocrx_word' id='word_1_164' title='bbox 1335 2557 1394 2622; x_wconf 89' lang='lat' dir='ltr'>mal</span> 
     </span>
     <span class='ocr_line' id='line_1_26' title="bbox 289 2656 1404 2756; baseline -0.003 -35"><span class='ocrx_word' id='word_1_165' title='bbox 289 2679 356 2721; x_wconf 92' lang='lat' dir='ltr'>non</span> <span class='ocrx_word' id='word_1_166' title='bbox 381 2658 511 2721; x_wconf 88' lang='lat' dir='ltr'>modica</span> <span class='ocrx_word' id='word_1_167' title='bbox 535 2669 653 2742; x_wconf 86' lang='lat' dir='ltr'>essent,</span> <span class='ocrx_word' id='word_1_168' title='bbox 685 2669 796 2722; x_wconf 90' lang='lat' dir='ltr'>tamen</span> <span class='ocrx_word' id='word_1_169' title='bbox 819 2660 1002 2742; x_wconf 87' lang='lat' dir='ltr'>generatim</span> <span class='ocrx_word' id='word_1_170' title='bbox 1027 2659 1108 2723; x_wconf 84' lang='lat' dir='ltr'>fides</span> <span class='ocrx_word' id='word_1_171' title='bbox 1132 2679 1171 2722; x_wconf 91' lang='lat' dir='ltr'>ac</span> <span class='ocrx_word' id='word_1_172' title='bbox 1195 2656 1318 2742; x_wconf 90' lang='lat' dir='ltr'>religio</span> <span class='ocrx_word' id='word_1_173' title='bbox 1343 2659 1404 2756; x_wconf 66' lang='lat' dir='ltr'>satiy</span> 
     </span>
     <span class='ocr_line' id='line_1_27' title="bbox 289 2754 1404 2854; baseline -0.002 -36"><span class='ocrx_word' id='word_1_174' title='bbox 289 2754 479 2820; x_wconf 86' lang='lat' dir='ltr'>floruerunt.</span> <span class='ocrx_word' id='word_1_175' title='bbox 1403 2801 1404 2854; x_wconf 73' lang='lat'>,</span> 
     </span>
    </p>
   </div>
   <div class='ocr_carea' id='block_1_6' title="bbox 820 3277 1404 3341">
    <p class='ocr_par' dir='ltr' id='par_1_6' title="bbox 820 3277 1404 3341">
     <span class='ocr_line' id='line_1_28' title="bbox 820 3277 1404 3341; baseline -0.002 0"><span class='ocrx_word' id='word_1_176' title='bbox 820 3277 879 3341; x_wconf 85' lang='lat'>11.</span> <span class='ocrx_word' id='word_1_177' title='bbox 1403 3287 1404 3340; x_wconf 89' lang='lat' dir='ltr'>l</span> 
     </span>
    </p>
   </div>
   <div class='ocr_carea' id='block_1_7' title="bbox 285 3395 1404 4312">
    <p class='ocr_par' dir='ltr' id='par_1_7' title="bbox 310 3395 1404 3636">
     <span class='ocr_line' id='line_1_29' title="bbox 1403 3395 1404 3434; baseline 0 0"><span class='ocrx_word' id='word_1_178' title='bbox 1403 3395 1404 3434; x_wconf 81' lang='lat' dir='ltr'>l</span> 
     </span>
     <span class='ocr_line' id='line_1_30' title="bbox 310 3443 1404 3535; baseline 0.006 -27"><span class='ocrx_word' id='word_1_179' title='bbox 310 3444 376 3508; x_wconf 81' lang='lat' dir='ltr'>Dc</span> <span class='ocrx_word' id='word_1_180' title='bbox 398 3443 631 3510; x_wconf 66' lang='lat' dir='ltr'>coamatores</span> <span class='ocrx_word' id='word_1_181' title='bbox 656 3445 820 3510; x_wconf 74' lang='lat' dir='ltr'>Galliae</span> <span class='ocrx_word' id='word_1_182' title='bbox 847 3462 897 3510; x_wconf 84' lang='lat' dir='ltr'>ae</span> <span class='ocrx_word' id='word_1_183' title='bbox 919 3446 970 3510; x_wconf 78' lang='lat' dir='ltr'>de</span> <span class='ocrx_word' id='word_1_184' title='bbox 993 3446 1243 3526; x_wconf 64' lang='lat' dir='ltr'>‚mancam</span> <span class='ocrx_word' id='word_1_185' title='bbox 1261 3467 1404 3535; x_wconf 56' lang='lat' dir='ltr'>prom,</span> 
     </span>
     <span class='ocr_line' id='line_1_31' title="bbox 484 3543 1404 3636; baseline 0.005 -31"><span class='ocrx_word' id='word_1_186' title='bbox 484 3543 672 3606; x_wconf 76' lang='lat' dir='ltr'>mottca“</span> <span class='ocrx_word' id='word_1_187' title='bbox 693 3559 725 3605; x_wconf 78' lang='lat' dir='ltr'>a.</span> <span class='ocrx_word' id='word_1_188' title='bbox 750 3544 957 3608; x_wconf 71' lang='lat' dir='ltr'>audoaeno</span> <span class='ocrx_word' id='word_1_189' title='bbox 979 3545 1209 3624; x_wconf 68' lang='lat' dir='ltr'>adempta.</span> <span class='ocrx_word' id='word_1_190' title='bbox 1403 3587 1404 3636; x_wconf 67' lang='lat'>,</span> 
     </span>
    </p>

    <p class='ocr_par' dir='ltr' id='par_1_8' title="bbox 285 3673 1404 4312">
     <span class='ocr_line' id='line_1_32' title="bbox 376 3733 1404 3848; baseline 0.007 -50"><span class='ocrx_word' id='word_1_191' title='bbox 376 3733 428 3799; x_wconf 83' lang='lat'>56.</span> <span class='ocrx_word' id='word_1_192' title='bbox 462 3734 627 3815; x_wconf 91' lang='lat' dir='ltr'>Vidimus,</span> <span class='ocrx_word' id='word_1_193' title='bbox 652 3733 781 3799; x_wconf 86' lang='lat' dir='ltr'>Galliae</span> <span class='ocrx_word' id='word_1_194' title='bbox 805 3757 943 3821; x_wconf 90' lang='lat' dir='ltr'>regnum</span> <span class='ocrx_word' id='word_1_195' title='bbox 961 3738 1033 3822; x_wconf 90' lang='lat' dir='ltr'>jam</span> <span class='ocrx_word' id='word_1_196' title='bbox 1057 3737 1189 3802; x_wconf 90' lang='lat' dir='ltr'>saeculo</span> <span class='ocrx_word' id='word_1_197' title='bbox 1214 3739 1287 3803; x_wconf 85' lang='lat' dir='ltr'>XII</span> <span class='ocrx_word' id='word_1_198' title='bbox 1313 3741 1404 3848; x_wconf 66' lang='lat' dir='ltr'>splcrp</span> 
     </span>
     <span class='ocr_line' id='line_1_33' title="bbox 287 3829 1402 3920; baseline 0.008 -27"><span class='ocrx_word' id='word_1_199' title='bbox 287 3829 366 3894; x_wconf 86' lang='lat' dir='ltr'>dore</span> <span class='ocrx_word' id='word_1_200' title='bbox 391 3853 456 3895; x_wconf 92' lang='lat' dir='ltr'>non</span> <span class='ocrx_word' id='word_1_201' title='bbox 482 3833 640 3897; x_wconf 90' lang='lat' dir='ltr'>mediocri</span> <span class='ocrx_word' id='word_1_202' title='bbox 665 3843 818 3896; x_wconf 90' lang='lat' dir='ltr'>ornatum</span> <span class='ocrx_word' id='word_1_203' title='bbox 843 3833 944 3898; x_wconf 89' lang='lat' dir='ltr'>fuisse</span> <span class='ocrx_word' id='word_1_204' title='bbox 968 3856 1016 3916; x_wconf 89' lang='lat' dir='ltr'>eo,</span> <span class='ocrx_word' id='word_1_205' title='bbox 1049 3835 1138 3920; x_wconf 91' lang='lat' dir='ltr'>quod</span> <span class='ocrx_word' id='word_1_206' title='bbox 1169 3837 1204 3899; x_wconf 93' lang='lat' dir='ltr'>in</span> <span class='ocrx_word' id='word_1_207' title='bbox 1236 3837 1402 3902; x_wconf 68' lang='lat' dir='ltr'>diffie-ulta</span> 
     </span>
     <span class='ocr_line' id='line_1_34' title="bbox 287 3927 1404 4034; baseline 0.01 -45"><span class='ocrx_word' id='word_1_208' title='bbox 287 3927 377 3991; x_wconf 91' lang='lat' dir='ltr'>tibus</span> <span class='ocrx_word' id='word_1_209' title='bbox 408 3938 440 3992; x_wconf 91' lang='lat' dir='ltr'>et</span> <span class='ocrx_word' id='word_1_210' title='bbox 468 3927 565 3993; x_wconf 90' lang='lat' dir='ltr'>luctis</span> <span class='ocrx_word' id='word_1_211' title='bbox 590 3928 809 3994; x_wconf 87' lang='lat' dir='ltr'>Pontificibus</span> <span class='ocrx_word' id='word_1_212' title='bbox 842 3941 875 3994; x_wconf 86' lang='lat' dir='ltr'>et</span> <span class='ocrx_word' id='word_1_213' title='bbox 898 3933 1061 4016; x_wconf 87' lang='lat' dir='ltr'>episcopis</span> <span class='ocrx_word' id='word_1_214' title='bbox 1092 3932 1217 3998; x_wconf 83' lang='lat' dir='ltr'>auxilio</span> <span class='ocrx_word' id='word_1_215' title='bbox 1247 3945 1281 3998; x_wconf 89' lang='lat' dir='ltr'>et</span> <span class='ocrx_word' id='word_1_216' title='bbox 1310 3950 1404 4034; x_wconf 59' lang='lat' dir='ltr'>patra</span> 
     </span>
     <span class='ocr_line' id='line_1_35' title="bbox 287 4025 1404 4130; baseline 0.007 -44"><span class='ocrx_word' id='word_1_217' title='bbox 287 4027 374 4090; x_wconf 91' lang='lat' dir='ltr'>cinio</span> <span class='ocrx_word' id='word_1_218' title='bbox 399 4037 493 4106; x_wconf 88' lang='lat' dir='ltr'>esset,</span> <span class='ocrx_word' id='word_1_219' title='bbox 525 4025 746 4113; x_wconf 72' lang='lat' dir='ltr'>exsilibusque</span> <span class='ocrx_word' id='word_1_220' title='bbox 777 4028 953 4112; x_wconf 88' lang='lat' dir='ltr'>refugium.</span> <span class='ocrx_word' id='word_1_221' title='bbox 1007 4028 1059 4092; x_wconf 89' lang='lat' dir='ltr'>Ita</span> <span class='ocrx_word' id='word_1_222' title='bbox 1082 4031 1302 4097; x_wconf 87' lang='lat' dir='ltr'>Innocentius</span> <span class='ocrx_word' id='word_1_223' title='bbox 1329 4035 1363 4096; x_wconf 88' lang='lat'>11</span> <span class='ocrx_word' id='word_1_224' title='bbox 1386 4047 1404 4130; x_wconf 64' lang='lat' dir='ltr'>cy</span> 
     </span>
     <span class='ocr_line' id='line_1_36' title="bbox 286 4121 1404 4214; baseline 0.01 -29"><span class='ocrx_word' id='word_1_225' title='bbox 286 4121 458 4206; x_wconf 85' lang='lat' dir='ltr'>Eugenius</span> <span class='ocrx_word' id='word_1_226' title='bbox 481 4124 533 4188; x_wconf 92' lang='lat' dir='ltr'>III</span> <span class='ocrx_word' id='word_1_227' title='bbox 557 4124 711 4207; x_wconf 81' lang='lat' dir='ltr'>Galliam,</span> <span class='ocrx_word' id='word_1_228' title='bbox 737 4136 773 4189; x_wconf 91' lang='lat' dir='ltr'>ut</span> <span class='ocrx_word' id='word_1_229' title='bbox 795 4148 936 4211; x_wconf 90' lang='lat' dir='ltr'>regnum</span> <span class='ocrx_word' id='word_1_230' title='bbox 959 4150 984 4194; x_wconf 91' lang='lat' dir='ltr'>s.</span> <span class='ocrx_word' id='word_1_231' title='bbox 1002 4127 1080 4193; x_wconf 86' lang='lat' dir='ltr'>Sedi</span> <span class='ocrx_word' id='word_1_232' title='bbox 1107 4128 1204 4194; x_wconf 92' lang='lat' dir='ltr'>valde</span> <span class='ocrx_word' id='word_1_233' title='bbox 1228 4129 1404 4214; x_wconf 55' lang='lat' dir='ltr'>addictum}</span> 
     </span>
     <span class='ocr_line' id='line_1_37' title="bbox 285 4221 1404 4312; baseline 0.007 -30"><span class='ocrx_word' id='word_1_234' title='bbox 285 4221 322 4283; x_wconf 93' lang='lat' dir='ltr'>in</span> <span class='ocrx_word' id='word_1_235' title='bbox 346 4224 507 4306; x_wconf 89' lang='lat' dir='ltr'>angustiis</span> <span class='ocrx_word' id='word_1_236' title='bbox 537 4224 604 4287; x_wconf 90' lang='lat' dir='ltr'>suis</span> <span class='ocrx_word' id='word_1_237' title='bbox 638 4225 825 4304; x_wconf 89' lang='lat' dir='ltr'>visitarunt,</span> <span class='ocrx_word' id='word_1_238' title='bbox 859 4224 1073 4312; x_wconf 85' lang='lat' dir='ltr'>subsidioque</span> <span class='ocrx_word' id='word_1_239' title='bbox 1103 4228 1196 4290; x_wconf 85' lang='lat' dir='ltr'>vario</span> <span class='ocrx_word' id='word_1_240' title='bbox 1227 4251 1246 4292; x_wconf 89' lang='lat' dir='ltr'>a</span> <span class='ocrx_word' id='word_1_241' title='bbox 1279 4230 1404 4310; x_wconf 77' lang='lat' dir='ltr'>regibut</span> 
     </span>
    </p>
   </div>
   <div class='ocr_carea' id='block_1_8' title="bbox 0 0 1412 4848">
    <p class='ocr_par' dir='ltr' id='par_1_9' title="bbox 0 0 1412 4848">
     <span class='ocr_line' id='line_1_38' title="bbox 0 0 1412 4848; baseline 0 0"><span class='ocrx_word' id='word_1_242' title='bbox 0 0 1412 4848; x_wconf 95' lang='lat' dir='ltr'> </span> 
     </span>
    </p>
   </div>
  </div>
 </body>
</html>
