2836 4848
222 492 260 546 De
279 493 355 547 lucta
373 493 505 548 Friderici
523 493 553 547 11
572 507 631 547 cum
651 493 708 549 RR.
729 493 914 550 Pontificibus.
1076 497 1129 552 395

41 636 129 716 effecit,
151 637 363 701 utHenricus
387 635 483 719 lilius,
503 637 575 722 jam
600 639 634 700 in
659 659 770 722 regem
786 636 919 703 Siciliae
942 650 1127 724 coronatus,

40 733 113 796 etiam
136 756 220 799 anno
246 735 332 800 1220
361 736 395 800 in
425 756 537 820 regem
562 735 763 800 Germaniae
796 735 985 822 eligereturq
1018 739 1127 805 Hono·

39 831 65 893 rii
83 830 126 896 llI
147 853 222 896 vero
246 831 424 898 sollicitum
457 833 561 898 eade
585 856 620 897 re
644 835 793 900 animum
826 856 1034 922 compescere
1064 849 1127 902 stu·

38 927 89 992 duit
107 933 200 994 variis
224 931 362 998 artibus.
403 931 543 1018 Scripsit
557 929 722 1012 Pontifici,
746 932 941 999 electionem
966 933 1056 1000 illam
1080 938 1127 1001 in·
1164 943 1275 984 &¹⁶⁶⁶ss

37 1038 136 1110 sperate
157 1051 175 1092 a
198 1029 406 1115 principibus
429 1029 550 1095 factam
575 1051 657 1112 esse,
690 1040 727 1093 ut
749 1032 821 1117 ipso
845 1032 982 1097 absente
1007 1033 1049 1097 ob
1074 1057 1127 1098 ex·
1182 1007 1256 1048 ⁶⁰¹⁸*

36 1123 204 1206 peditionem
230 1129 421 1209 cruciatam,
446 1129 480 1192 in
500 1137 570 1193 tuto
595 1139 680 1193 essct
694 1127 895 1194 Germaniae
918 1153 1068 1216 regnum,
1093 1155 1128 1196 se

34 1243 81 1286 uon
102 1245 331 1291 consensurum
357 1249 437 1310 esse,
461 1228 525 1291 nisi
550 1235 583 1291 et
603 1228 759 1292 Pontifex
782 1230 991 1310 consentiret,
1017 1239 1050 1292 et
1072 1229 1127 1294 ad-

34 1322 279 1388 ministrationem
291 1324 425 1390 Siciliae
439 1347 479 1388 ac
493 1323 695 1389 Germaniae
710 1347 840 1412 semper
849 1326 918 1389 fore
930 1337 1127 1411 separatam.

35 1415 178 1485 Caeterum
203 1444 239 1486 se
262 1421 402 1487 Romam
433 1443 511 1487 mox
541 1445 612 1486 esse
636 1433 814 1488 venturum
844 1444 904 1510 pro
935 1424 1128 1510 recipienda

34 1536 127 1580 corona
149 1519 325 1605 imperiali,
350 1543 389 1584 ac
414 1519 491 1584 dein
515 1522 551 1584 'in
577 1518 747 1585 Orientem
780 1542 856 1585 cum
887 1523 992 1607 copiis
1023 1522 1128 1608 profe·

33 1625 144 1680 curum.
190 1617 294 1682 Venit
316 1639 413 1704 porro
437 1619 472 1682 in
496 1616 643 1699 Italiam,
676 1639 844 1705 quumque
876 1618 1002 1684 ibidem
1033 1622 1128 1705 signa

32 1712 166 1792 quaedam
200 1715 348 1780 dedisset
380 1717 483 1780 animi
516 1715 688 1780 Ecclesiae
721 1714 851 1794 devoti,
887 1716 1045 1783 delinitus
1080 1732 1128 1782 est

32 1804 142 1875 Honouii
166 1814 310 1894 animus,
341 1823 440 1900 atque
470 1812 524 1877 die
547 1814 608 1877 22ο
631 1813 831 1878 Novembris
861 1817 939 1880 anni
967 1817 1053 1880 1220
1084 1815 1126 1880 ab

30 1905 81 1987 ipso
101 1908 289 1974 Fridericus
305 1911 338 1976 ll
362 1933 438 1975 cum
464 1911 660 1976 Constantia
684 1932 787 1976 uxore
810 1911 946 1999 Imperii
971 1935 1126 1978 coronam

28 2007 141 2090 sucepit.
196 2007 345 2074 Solemni
370 2009 468 2074 modo
492 2011 612 2073 iterum
637 2008 825 2095 spopondit,
857 2033 891 2075 se
914 2015 1055 2095 regnuim
1079 2011 1127 2077 Si·

29 2101 101 2168 ciliae
122 2107 311 2172 nullatenus
339 2110 483 2194 Imperio
502 2109 645 2194 jungere
669 2107 792 2192 velle¹),
819 2131 861 2176 ,se
884 2109 1053 2176 Romanae
1077 2131 1127 2175 ec·

28 2199 122 2268 clesise
146 2207 227 2293 jura
258 2207 488 2288 defensurum,
519 2207 734 2271 ecclesiarum
764 2205 951 2272 libertatem
983 2231 1022 2272 ac
1047 2209 1126 2294 jura

27 2317 286 2386 conservaturum,
311 2315 344 2368 et
366 2306 547 2369 cruciatam
573 2305 820 2390 expeditionem
844 2306 879 2370 in
903 2305 1035 2391 Syriam
1059 2329 1126 2371 sus·

24 2413 171 2484 capturum
197 2427 281 2470 esse.
321 2405 372 2470 Ex
396 2404 552 2469 manibus
576 2407 675 2469 etiam
701 2404 836 2489 Ugoliui
860 2403 1049 2470 cardinalis
1072 2405 1125 2469 de·

26 2513 74 2560 uuo
94 2523 224 2566 crucem
248 2505 387 2590 accepit.
435 2502 502 2568 Sed
526 2505 640 2568 inania
655 2503 790 2568 fuerunt
813 2503 975 2590 ejusmodi
1001 2502 1125 2567 atficta

27 2599 170 2683 promissa,
195 2623 238 2665 ac
262 2601 454 2667 Fridericus
487 2623 566 2666 mox
600 2600 819 2666 dominationi
852 2622 931 2666 suae
955 2600 1125 2666 absolutae

27 2691 145 2761 intentus
168 2698 365 2781 firmandae,
390 2701 493 2764 variis
516 2699 745 2786 praetextibus
769 2721 877 2764 moras
900 2707 1032 2764 nectere
1057 2720 1123 2764 non

26 2785 125 2858 destitit
146 2818 207 2881 pro
233 2798 443 2884 suscipiendo
472 2795 558 2862 bello
583 2819 687 2879 sacro,
719 2800 873 2884 quamvis
903 2799 991 2883 turpi
1022 2796 1124 2883 hypo

26 2889 81 2952 uu'si
109 2892 314 2960 calamitates
345 2907 451 2960 terrae
482 2903 616 2960 sanctae
641 2894 753 2960 verbis
781 2893 1010 2982 eloquentibus
1034 2894 1123 2980 plan·

24 2999 102 3070 geret,
123 2989 309 3080 litterisque
334 2993 420 3058 datis
444 2996 543 3059 etiam
568 2991 650 3058 alios
675 3003 838 3076 evocaret,
862 3004 899 3058 ut
921 2993 1031 3058 eidem
1055 3015 1124 3058 suc·

25 3099 177 3158 currerent.

91 3241 119 3308 6.
142 3241 435 3329 Subsequentibus
458 3246 556 3308 aunis
580 3244 623 3308 ab
651 3243 796 3308 Honorio
821 3244 952 3329 saepius
976 3241 1124 3310 admoni-

24 3339 69 3413 tus,
97 3349 130 3402 ut
152 3351 362 3406 succurreret
393 3353 500 3406 terrae
524 3352 669 3424 sanctae,
702 3341 760 3406 ubi
783 3363 836 3406 res
860 3339 1124 3407 Christianorum

24 3437 107 3517 magis
129 3441 303 3526 magisque
334 3438 579 3520 dilabebantur,
614 3440 718 3505 verba
741 3439 875 3526 quidem
901 3439 1002 3520 dedit,
1037 3463 1124 3505 nova

43 3605 212 3622 '‘ffl—--n--q

80 3711 96 3774 'l
113 3711 261 3769 Profitetur
280 3714 308 3772 in
322 3715 468 3783 diplomate
486 3721 551 3770 ante
568 3715 770 3770 coronationem
782 3715 860 3769 dato:
882 3715 1045 3782 „Imperium
1056 3714 1125 3768 nibil

23 3795 108 3848 aursus
120 3795 191 3863 juris
210 3794 311 3850 habere
329 3795 357 3850 in
377 3809 461 3864 regno
480 3795 595 3862 Siciliae,
615 3811 663 3850 nec
681 3811 729 3850 uos
748 3795 855 3850 ratione
873 3795 984 3864 Imperii
1002 3793 1125 3848 obtinere

24 3867 103 3937 uliquis
116 3876 186 3943 jnris
205 3877 236 3931 in
253 3875 320 3944 ipso,
340 3891 400 3930 cum
419 3876 453 3929 ad
472 3891 521 3930 nos
540 3892 593 3931 non
612 3877 719 3931 ratione
731 3876 818 3944 patris
830 3881 880 3929 aut
892 3875 1125 3942 praedecessorum

24 3947 94 4018 ipsius,
116 3957 161 4012 ssd
179 3973 215 4013 ex
233 3956 330 4012 matris
349 3961 458 4010 tantum
476 3957 644 4012 successione
661 3956 824 4025 peruenerit,
849 3971 920 4024 quae
937 3971 954 4010 a
971 3971 1067 4024 regum
1085 3955 1124 4010 Si·

24 4031 83 4088 dliae
97 4037 178 4106 stirpe
197 4037 346 4102 descendit,
365 4035 411 4104 qui
431 4052 545 4106 regnum
564 4037 651 4106 ipsum
669 4036 704 4090 ab
722 4035 835 4092 ecclesia
852 4037 975 4108 Romana
993 4035 1124 4091 tenebant

25 4119 44 4162 tt
57 4129 97 4168 noa
113 4117 162 4184 ipsi
181 4123 314 4182 tenemus,
340 4115 399 4184 ejus
418 4116 458 4170 rei
476 4116 672 4185 proprietatem
691 4116 777 4171 eidem
800 4119 1022 4184 recognoscentes
1041 4115 1123 4170 eccle·

25 4189 91 4324 unq}
111 4195 251 4252 Bouleanx
269 4197 303 4251 de
316 4196 402 4264 cruny
422 4213 447 4264 p.
466 4196 527 4258 335,
553 4197 586 4251 V.
600 4213 643 4266 ap.
657 4196 744 4250 Bulan
757 4197 846 4251 Storia
859 4195 975 4260 d'ltalia‚
993 4195 1024 4249 L.
1037 4195 1123 4252 XXV.

26 4279 44 4316 ι
93 4317 99 4330 ⁵
347 4293 351 4300 .
733 4301 738 4308 .
