2836 4848
279 429 319 483 De
336 428 367 482 vi
385 425 507 482 coactiva
525 425 661 481 Ecclesiae
679 426 708 481 in
725 425 884 481 haereticos.
1099 425 1152 478 317

54 572 193 636 boloniae
224 582 256 636 et
283 571 421 636 Bonnae
452 570 497 635 ad
520 570 691 654 Rhenum,
723 570 849 657 aliquot
879 569 1038 634 baeretici
1067 589 1152 632 com·

52 671 124 734 busti
164 681 239 736 sunt
243 672 289 752 ,¹)
328 669 483 754 idemque
519 622 720 755 supplicinin
750 668 964 752 Argentorati
1002 689 1032 730 a.
1067 651 1153 730 1212

51 779 149 832 contm
177 767 284 854 plnres
307 766 491 832 haereticos
514 765 702 830 adhibitum
727 776 787 831 est.
792 764 819 852 ¹)
866 765 967 829 Hisce
992 762 1154 849 exemplis

50 865 102 929 alic
122 865 218 930 facile
240 865 318 930 addi
335 863 511 951 possentl)

122 993 176 1056 51.
220 990 331 1055 Variis
361 1012 440 1054 vero
473 1011 516 1053 ex
547 990 656 1054 causis
678 988 804 1053 factum
828 998 886 1070 est,
922 997 967 1070 ut,
999 987 1154 1074 quamvis
1173 995 1309 1096 11130ῦῶ011-

49 1111 98 1151 000
126 1087 199 1173 lege
225 1087 462 1170 ecclesiastica,
498 1109 560 1151 nec
586 1086 717 1169 legibus
748 1085 977 1200 imperialibus
1009 1106 1154 1170 eousque
1268 1067 1314 1096 Μ’

48 1197 190 1250 statutum
211 1196 297 1251 esset
319 1183 500 1249 ultimum
491 1205 527 1248 m
542 1183 726 1248 haereticos
741 1185 925 1248 universim
941 1183 1153 1269 supplicium,

48 1299 142 1349 tamen
175 1287 298 1371 passim
331 1283 462 1348 saeculo
494 1283 671 1348 undecimo
696 1292 729 1347 et
759 1282 956 1348 duodecimo
993 1279 1076 1346 illud
1099 1279 1155 1344 ad·

48 1381 210 1448 biberetur.
257 1383 427 1468 imprimis
457 1380 700 1446 advertendum
733 1391 791 1464 est,
821 1381 994 1466 plerosque
1025 1377 1155 1444 illorum

47 1496 215 1565 temporum
238 1479 423 1544 haereticos
446 1477 548 1542 fuisse
570 1477 880 1543 Neo-Manichaeos.
929 1477 1055 1542 Verum
1080 1499 1156 1541 con-

47 1595 86 1641 tra
113 1577 325 1642 Manichacos
359 1577 429 1662 jam
469 1577 617 1662 antiquis
650 1577 892 1661 Imperatorum
930 1574 1157 1640 sanctionibus

47 1675 201 1740 decretum
238 1686 322 1758 erat,
362 1685 399 1738 ut
437 1672 552 1737 ultimo
593 1675 663 1759 rogi
703 1672 865 1760 supplicio
898 1672 1154 1738 eradicarentur.

46 1772 132 1838 Porro
170 1773 269 1838 facile
307 1775 431 1854 evenit,
473 1782 510 1836 ut
539 1771 582 1837 ad
613 1771 696 1837 alios
726 1795 857 1859 quoque
889 1771 1073 1836 haereticos
1101 1769 1157 1835 illa

46 1893 139 1954 poena
163 1873 287 1958 passim
314 1869 559 1953 extenderetur,
584 1879 617 1934 et
631 1872 665 1934 in
682 1867 864 1935 Germania
878 1871 1070 1956 praesertim
1094 1867 1158 1933 hoc

46 1969 282 2034 consuetudinis
301 1970 359 2056 jus
384 1968 520 2032 videtur
544 1967 736 2032 invaluisse.
769 1968 809 2032 In
834 1968 967 2054 speculo
992 1967 1157 2032 Saxonico

41 2067 114 2150 juris
136 2065 440 2155 (sachsenspiegel)
474 2067 560 2130 inter
583 2088 688 2130 annos
714 2067 800 2131 1198
824 2075 857 2130 et
881 2067 967 2132 1235
995 2065 1156 2145 confecto,

45 2167 72 2230 in
100 2187 163 2251 quo
196 2165 448 2230 consuetudinis
483 2164 561 2250 jura
595 2163 761 2250 descripta
796 2163 970 2247 habentur,
1007 2164 1159 2250 edicitur,

45 2262 229 2329 christianos
252 2261 406 2346 infideles,
433 2260 601 2326 maleficos
626 2271 658 2325 et
676 2262 853 2342 veneficos,
878 2283 948 2327 esse
966 2261 1159 2326 comburen-

45 2361 129 2444 dos.⁴)
176 2360 353 2447 Ejusmodi
384 2369 496 2424 autern
530 2358 779 2424 consuetudinis
807 2361 885 2446 jura
915 2359 1079 2426 influxum
1105 2359 1160 2424 ha·

44 2457 176 2524 buerunt
199 2461 234 2523 in
257 2457 514 2543 legislationem,
539 2479 615 2542 qua,
639 2457 839 2570 procedente
862 2467 1019 2544 tempore,
1052 2457 1160 2522 ultimi

46 2557 187 2643 supplicii
213 2579 320 2642 poena
343 2558 378 2622 in
403 2555 589 2620 haereticos
612 2557 795 2620 universim
820 2556 953 2621 decreta
976 2565 1034 2621 est.

119 2690 476 2756 cessassemus
508 2687 666 2752 videlicet
696 2687 803 2772 legem
828 2699 943 2753 contra
975 2688 1316 2796 1000011000111111111·

46 2789 107 2852 tulit
134 2813 164 2856 a.
191 2789 279 2852 1224
303 2786 495 2851 Fridericus
518 2787 553 2849 II
583 2787 777 2872 Imperator,
818 2809 903 2872 quae
935 2788 970 2851 in
1003 2797 1071 2853 toto
1095 2788 1158 2853 Im·
1207 2756 1226 2794 ι

47 2888 115 2970 perii
144 2887 272 2952 ditione
300 2895 497 2950 servaretur.
546 2884 732 2948 Exordium
763 2883 847 2997 legis
878 2895 928 2949 est
950 2885 1158 2971 hujusmodi:

49 2985 233 3050 „Commissi
257 2982 353 3048 nobis
378 2982 515 3047 coelitus
540 3005 621 3046 cura
637 2984 819 3065 regiminis,
844 2993 876 3048 et
891 2909 1081 3068 imperialis,
1106 2987 1160 3048 cui

47 3080 132 3146 dante
140 3083 289 3146 Domino
306 3080 545 3166 praesidemus,
562 3079 731 3164 fastigium
747 3080 928 3164 dignitatis,
945 3081 1159 3164 materialem,

47 3201 100 3262 quo
116 3180 254 3244 divisim
269 3200 290 3242 a
306 3177 490 3242 sacerdotio
507 3176 688 3262 fungimur,
713 3176 862 3262 gladium
877 3179 1037 3243 adversus
1052 3179 1161 3245 hostes

47 3276 111 3341 fidei
142 3288 176 3342 et
209 3278 245 3341 in
276 3277 511 3340 exterminium
536 3274 723 3341 haereticae
745 3277 921 3362 pravitatis
945 3279 1085 3362 exigunt
1107 3301 1161 3343 ex·

48 3375 212 3440 erendum:
237 3384 274 3438 nt
296 3373 457 3460 perfidiae
481 3375 635 3458 vipereos
659 3374 744 3439 filios
769 3383 883 3439 contra
907 3375 1017 3440 Deum
1042 3377 1159 3442 01Εο-

48 3469 167 3538 clcsiam
205 3471 411 3554 insultantes,
446 3483 604 3557 tanquam
636 3474 777 3536 materni
809 3473 893 3536 uteri
919 3493 1102 3540 corrosores
1127 3477 1161 3540 in

44 3570 158 3652 judicio
183 3581 219 3634 et
236 3571 368 3654 justitia
382 3591 631 3655 persequamur,
656 3567 811 3652 maleficos
828 3571 930 3634 vivere
944 3595 1007 3636 noc
1019 3574 1160 3658 passuri,

52 3709 91 3716 -..
100 3709 246 3717 —-.-—-—

109 3794 130 3864 ¹)
149 3795 207 3850 Ofr.
225 3793 370 3849 Trithemii
389 3794 509 3848 Annales
528 3793 755 3860 Hirsaugienses3
775 3793 809 3846 ad
828 3809 852 3848 a.
874 3793 951 3848 1163.

111 3886 179 3956 ¹)V.
202 3884 321 3939 1000100
340 3883 527 3939 Marbacenses
546 3885 581 3938 Μ.
602 3883 634 3937 G.
654 3883 708 3940 Sur.
728 3883 814 3938 XVII.
839 3885 896 3937 174.
923 3883 968 3951 (ad
986 3899 1011 3938 a,
1032 3883 1121 3940 1215).

110 3973 129 4038 'J
147 3974 204 4030 etr.
224 3974 258 4028 de
269 3973 321 4027 bac
333 3973 505 4041 quaestione:
526 3972 650 4038 Kaltner‚
670 3973 781 4026 Konrad
793 3989 846 4027 von
859 3971 996 4042 Morburg,
1017 3971 1045 4027 Ο.
1059 3971 1161 4026 1-111.

53 4055 138 4108 100101
161 4069 284 4121 eaquae
303 4054 496 4122 repressionem
524 4052 722 4108 haereticorum
747 4059 872 4121 spectant
894 4054 963 4107 scite
987 4052 1105 4122 collegit,
1134 4059 1162 4106 et

54 4148 108 4196 0000
124 4135 171 4189 hac
190 4135 219 4189 in
239 4149 269 4188 re
287 4134 408 4189 Ecclesia
426 4135 516 4202 egerit
534 4133 670 4201 praeclare
689 4135 808 4200 exponit

111 4225 131 4292 ⁴)
148 4229 209 4280 Art·
231 4227 274 4280 13.
294 4225 318 4294 ἕ.
339 4225 363 4278 7.
400 4223 625 4278 0101100001.
645 4240 667 4279 e.
686 4240 711 4293 p.
731 4225 756 4278 8.
