2858 4834
280 436 332 490 1o2
510 434 594 488 XXV.
617 435 655 488 De
674 451 755 490 causa
773 454 793 497 s,
814 437 932 494 Thomas
952 439 1165 495 Oantnariensis.

279 580 437 646 relatione
461 603 658 646 coaevorum
683 582 856 668 colligitur.
894 583 1006 663 Quum
1031 606 1062 650 v.
1075 606 1107 667 g.
1124 593 1201 648 ante
1225 583 1392 648 concilium

280 679 480 744 Tolosanum
504 682 658 766 regisque
689 681 897 746 definitivam
928 683 1126 746 sententiam
1158 681 1224 746 duo
1255 683 1393 768 episcopi

279 778 504 842 Normanniae
540 777 769 843 Alexandrum
803 780 874 865 jam
918 778 1179 865 proclamassent
1216 779 1394 864 legitimum

278 875 485 957 Pontificem,
511 875 677 940 Henricus
692 876 726 940 ll
743 877 933 942 vehementi
948 880 997 942 ira
1014 880 1146 958 exarsit,
1163 876 1222 942 sed
1238 899 1259 941 a
1275 877 1395 942 Thomu

278 983 416 1059 pacatus
439 975 512 1039 fuit.
559 974 635 1060 Ipse
659 978 759 1040 etiam
783 978 977 1058 intervenit,
1008 986 1045 1039 ut
1067 974 1203 1041 obtenta
1235 975 1395 1062 dispensa·

278 1073 368 1135 tione
392 1094 451 1157 pro
476 1073 536 1136 filii
561 1075 695 1158 nuptiis,
717 1097 781 1138 rex
804 1074 997 1139 Alexandro
1021 1073 1073 1138 111
1096 1072 1301 1140 adhaereret.

368 1180 398 1244 9.
424 1179 580 1244 Attamen
605 1182 728 1264 passim
752 1180 879 1267 aliquid
904 1182 1042 1246 humani
1066 1202 1199 1266 passum
1224 1202 1296 1244 esse
1319 1180 1397 1244 Tho·

157 1328 173 1356 ,
200 1266 250 1356 :⁰
279 1299 367 1342 mam
392 1276 643 1361 cancellarium,
678 1280 829 1366 regisque
859 1279 1034 1344 commoda
1066 1278 1258 1361 ferventius,
1290 1277 1396 1342 Eccle-

278 1377 347 1440 siae
366 1377 444 1461 jura
469 1377 602 1460 segnius
626 1398 768 1458 curasse,
795 1375 885 1441 haud
910 1376 1089 1442 difficulter
1112 1376 1314 1443 admiserim.
1341 1377 1396 1440 Ex·

278 1484 366 1538 stant
397 1473 440 1537 ad
472 1473 635 1538 Thomam
672 1473 907 1539 cancellarium
939 1474 1125 1540 Theobaldi
1161 1474 1397 1560 archiepiscopi

280 1571 531 1638 Cantuariensis
555 1572 712 1657 epistolae
730 1574 825 1654 duae,
850 1595 933 1660 quas
957 1596 1059 1638 senex
1077 1573 1149 1658 jam
1174 1573 1273 1636 morti
1287 1594 1397 1659 appro·

279 1673 444 1756 pinquans
468 1671 511 1735 ad
526 1671 602 1736 eum
627 1672 728 1736 dedit.
777 1670 894 1736 ¹Prima
918 1673 1024 1735 amice
1049 1679 1145 1754 urget
1167 1667 1344 1752 Thomam,
1367 1681 1399 1733 ut

277 1769 438 1834 abusibus
462 1769 633 1835 Ecclesiae
665 1771 774 1834 noxiis
797 1769 970 1834 abolendis
993 1768 1183 1850 adlaboret3
1216 1768 1321 1832 altera
1351 1791 1397 1854 ps-

275 1876 371 1932 terna
400 1869 577 1932 severitate
611 1869 832 1953 conqueritur,
869 1867 958 1954 quod
983 1867 1116 1931 monitis
1149 1867 1301 1950 repetitis
1338 1888 1398 1930 non

277 1965 487 2051 obsequatur,
513 1977 545 2030 et
568 1967 677 2051 ipsum
701 1977 873 2051 aegrotum
902 1967 1070 2030 invisurus
1095 1961 1313 2027 Cantuariam
1338 1986 1398 2028 non

276 2065 416 2145 venerit,
450 2075 487 2128 ut
510 2063 607 2128 simul
641 2064 682 2128 de
713 2063 873 2128 abusibus
904 2063 1059 2129 tollendis
1091 2069 1282 2127 tractarent.
1338 2062 1399 2125 Ex-

276 2170 370 2226 cusat
393 2162 527 2248 quidem
554 2163 662 2246 ipsum
694 2161 784 2247 quod
806 2163 949 2245 negotiis
980 2160 1080 2244 regiis
1114 2159 1314 2242 detineatur,
1346 2158 1398 2223 sed

277 2261 409 2324 enixius
431 2270 539 2343 rogat,
572 2268 608 2322 ut
630 2259 802 2323 Ecclesiae
835 2260 922 2324 bono
947 2258 1130 2344 provideat,
1167 2257 1300 2342 Deique
1335 2279 1400 2341 gra-

275 2359 338 2422 tias
362 2359 392 2422 ei
417 2379 588 2421 concessas
612 2357 702 2421 haud
727 2356 883 2442 negligat.
893 2361 915 2439 ¹)
962 2357 1036 2421 Non
1061 2365 1210 2440 apparet,
1236 2353 1422 2419 Thomam,

274 2454 449 2520 desideriis
491 2454 677 2519 Theobaldi
724 2457 803 2520 satis
851 2455 1047 2519 obsecutum
1094 2473 1182 2535 esse3
1228 2452 1285 2536 hic
1326 2473 1400 2516 vero

275 2552 373 2639 paulo
398 2563 471 2638 post
494 2575 511 2615 a
533 2553 621 2617 vivis
645 2555 795 2618 excessit.
843 2553 985 2617 Videtur
1009 2549 1228 2615 cancellarius
1254 2551 1399 2636 quidem,

276 2653 323 2714 uti
348 2651 527 2732 innuimus,
564 2650 702 2736 singulis
732 2653 766 2715 in
798 2651 929 2715 casibus
965 2660 998 2714 et
1029 2647 1205 2713 eventibus
1241 2650 1398 2736 prudenti

277 2751 469 2814 oeconomia
492 2773 543 2813 res
566 2761 800 2834 attemperasse
831 2759 863 2813 et
887 2748 1129 2835 disposuisse,²)
1162 2758 1196 2812 at
1228 2751 1402 2835 principiis

275 2845 440 2913 abusuvim
465 2847 555 2911 haud
579 2848 741 2930 obviasse,
768 2848 825 2912 sed
849 2857 886 2911 ut
910 2848 1123 2933 persisterent
1146 2845 1347 2911 toleravisse
1371 2850 1401 2910 in

275 2947 436 3032 principis
460 2945 666 3031 obsequium.
692 2985 736 2994 -
759 2947 908 3010 Nimium
930 2965 1061 3031 quoque
1085 2965 1160 3007 eum
1177 2946 1248 3028 regi
1259 2948 1401 3014 ,cessisse

276 3044 411 3126 dixeris,
435 3044 568 3129 quando
592 3066 630 3107 eo
655 3053 786 3130 petente
810 3044 894 3109 bello
920 3045 954 3107 in
971 3040 1080 3107 Gallia
1102 3041 1248 3126 gerendo
1273 3053 1311 3106 ut
1337 3044 1422 3134 dux}

275 3141 427 3228 praefuit.
468 3141 566 3220 Quod
590 3163 693 3228 quum
718 3141 855 3207 clericus
872 3154 957 3206 esset
972 3151 1004 3204 et
1019 3140 1189 3220 diaconus,
1218 3140 1422 3205 secundum¹

276 3261 419 3303 canones
443 3260 509 3303 non
534 3239 763 3304 conveniebat.
811 3241 969 3303 Attamen
985 3236 1108 3303 nobilis
1132 3258 1172 3300 ac
1189 3235 1283 3301 fortis
1297 3240 1400 3303 animi
1421 3287 1422 3294 ι

275 3337 407 3402 laudem
440 3337 657 3401 cancellarius
688 3360 725 3401 eo
750 3339 785 3400 in
809 3336 894 3401 bello
927 3337 991 3401 sibi
1023 3335 1153 3416 meruit,
1186 3345 1219 3398 ct
1250 3335 1400 3422 exemplo

275 3435 426 3518 aliorum,
451 3435 551 3499 etiam
575 3437 815 3521 episcoporum,
839 3434 968 3498 licitum
984 3433 1019 3497 id
1038 3433 1230 3497 existimare
1254 3432 1402 3520 potuit.⁸)

351 3622 370 3690 ¹)
390 3621 446 3676 cu.
466 3619 606 3678 Materiale
634 3619 677 3674 for
703 3621 751 3674 the
777 3619 883 3688 history
910 3618 941 3674 of
966 3616 1081 3674 Thomas
1107 3615 1210 3672 Beckst
1228 3621 1280 3673 etc
1318 3617 1351 3674 T.
1370 3617 1401 3670 V.

275 3719 303 3774 p·
324 3704 623 3848 12ἶὲῗιιιιοιοοιιιιιιιι
642 3779 760 3836 Thomas
787 3777 943 3834 cancellarii
961 3776 1078 3832 indolem
1105 3773 1179 3830 hisee
1210 3775 1339 3832 versibus
1358 3793 1401 3832 ex·

276 3853 388 3922 primit:

493 3923 561 3990 „Hic
579 3926 621 3976 est
639 3922 686 3990 qni
704 3922 784 3991 regni
802 3921 877 3990 leges
895 3920 1029 3974 cancellat
1047 3919 1161 3986 iniquas,
1180 3971 1184 3984 ,

492 3996 530 4048 Et
547 3993 677 4048 mandata
694 3993 733 4061 pii
751 3991 881 4062 principis
900 4007 987 4059 aequa
1004 3990 1097 4048 faoit.“

276 4066 418 4122 Materisls
437 4072 490 4121 etc.
528 4066 602 4119 Τοιιι.
623 4065 669 4121 IV.
688 4081 715 4132 p.
736 4067 777 4119 14.

349 4145 370 4210 ³l
389 4146 430 4200 Ea
444 4147 477 4200 de
487 4162 516 4202 re
529 4145 651 4215 Lingard
669 4143 800 4212 advertit,
822 4143 1014 4198 cancellarium
1032 4142 1100 4197 satis
1114 4141 1216 4196 acriter
1227 4141 1400 4210 caeteroquin

276 4226 478 4296 perstringens:
500 4227 579 4294 „Had
596 4225 630 4280 he
648 4225 716 4279 been
736 4240 753 4278 a
771 4223 893 4292 military
912 4223 1085 4288 adventures,
1104 4221 1147 4276 his
1165 4223 1280 4278 conduct
1299 4223 1330 4278 in
1348 4222 1401 4276 this
1421 4263 1422 4268 1
