2828 4842
95 557 212 598 hasun-

72 619 148 660 fltm
160 629 238 660 mu.

246 413 303 468 310
516 413 618 468 xxvt.
636 413 677 468 De
695 412 861 468 Pontificatu
879 413 1031 468 Innoceuaii
1049 413 1101 471 ΙΙΙ.

249 557 430 622 stianorum
456 557 632 638 offendere,
664 557 728 622 uisi
752 556 862 620 forsan
895 578 1009 620 eorum
1033 559 1184 643 nequitia
1207 557 1269 620 iter
1299 579 1359 642 pro·

247 653 428 737 biberetur,
452 676 515 719 nec
529 653 708 719 videbatur
730 654 772 719 ad
798 656 1045 720 excusationem
1062 653 1191 719 illorum
1209 655 1360 732 sufficere,

247 751 337 837 qnod
370 761 544 838 propterea
572 752 704 816 licuerit
735 753 783 816 eis
816 751 963 818 Graecos
994 753 1176 834 offendere,
1214 754 1360 838 quoniam

246 851 312 934 ipsi
336 848 379 914 ab
403 849 593 914 obedientia
616 848 712 915 Sedis
735 849 946 934 Apostolicac
970 872 1040 914 sese
1065 849 1309 929 subtraxerant,
1335 860 1362 911 et

246 947 423 1012 uoluerant
453 968 645 1012 succurrere
674 956 780 1010 terrae
813 958 960 1030 sanctae,
995 948 1074 1013 licet
1104 970 1203 1033 super
1234 957 1362 1032 utroque

247 1045 373 1110 fuerint
401 1045 444 1110 ab
477 1044 593 1110 eodem
626 1046 772 1108 Domino
804 1046 897 1130 Papa
929 1047 1137 1124 commoniti,
1171 1056 1204 1108 et
1232 1044 1364 1109 Alexins

248 1144 434 1228 Imperator
457 1145 609 1228 nequiter
632 1141 806 1206 incubaret
830 1145 979 1229 imperio,
1013 1143 1102 1230 quod
1126 1145 1240 1230 inique
1264 1143 1362 1207 abstu-

247 1240 332 1305 lerat
354 1240 447 1304 fratri
472 1263 540 1318 suo,
566 1262 669 1326 quum
693 1261 794 1325 super
816 1240 868 1305 his
884 1241 1008 1306 nullam
1031 1240 1175 1326 desuper
1190 1240 1364 1306 ulciscendi

248 1340 440 1424 acceperint
454 1347 660 1424 potestatem,
677 1339 786 1422 eoepit
803 1338 1093 1404 vehementissime
1109 1339 1274 1422 dubitare,
1292 1337 1364 1424 quid

248 1437 284 1501 in
307 1446 398 1500 tanto
423 1437 555 1520 negotio
585 1435 649 1499 sibi
683 1435 767 1498 foret
796 1437 996 1520 agendum.“
1020 1473 1064 1484 -
1098 1433 1244 1501 Consilio
1277 1457 1365 1522 porro

249 1557 325 1598 cnm
342 1532 576 1599 Cardinalibus
592 1533 716 1614 habito,
732 1532 776 1596 ad
791 1533 1012 1616 Bonifacium,
1037 1533 1265 1600 marchionem
1282 1535 1365 1600 Mon·

248 1633 403 1696 tisferrati
427 1633 646 1696 cruciatorum
670 1629 799 1714 ducem,
825 1631 918 1696 dedit
931 1631 1067 1713 litteras,
1092 1631 1214 1718 quibus
1230 1655 1272 1696 ex
1289 1644 1365 1696 utra·

249 1753 314 1816 que
343 1739 437 1817 parte
468 1729 570 1794 veluti
604 1726 780 1814 perpendit
812 1731 953 1809 motiva,
986 1751 1072 1814 quae
1106 1752 1126 1793 a
1150 1732 1306 1794 cruciatis
1336 1732 1364 1793 in

249 1829 475 1893 defensionem
499 1829 636 1913 perfecti
666 1827 708 1892 ab
734 1830 814 1917 ipsis
838 1829 961 1911 negotii
985 1837 1121 1912 possent
1143 1829 1264 1910 afferri,
1289 1849 1367 1915 quae

250 1948 329 1990 vero
354 1935 468 1990 contra
492 1947 547 1990 eos
571 1927 698 2011 possint
714 1928 847 2015 opponi.
894 1925 1065 1990 Prioribus
1089 1924 1275 1991 rationibus
1298 1925 1366 1991 aila·

248 2028 308 2090 tis:
334 2023 429 2102 Sane,
454 2025 571 2110 inquit,
591 2049 653 2110 per
676 2050 714 2092 ea
736 2051 816 2115 quae
834 2025 977 2110 superius
994 2034 1067 2088 sunt
1083 2024 1244 2110 descripta
1269 2026 1368 2088 tacitis

249 2124 369 2187 rideris
392 2122 617 2212 objectionibus
654 2126 860 2211 respondere,
894 2145 972 2208 quae
1006 2133 1116 2186 eontra
1142 2125 1369 2208 crucesipnatn

244 2221 373 2307 possint
396 2219 504 2283 taliter
527 2223 710 2306 intorqueri.
769 2221 846 2288 Cum
868 2222 951 2284 enim
977 2241 1031 2284 vos
1053 2221 1091 2282 in
1112 2219 1292 2306 obsequium
1322 2221 1367 2282 dr·

248 2319 399 2381 reueritis
426 2315 586 2402 Crucifiai,
611 2319 655 2382 ad
679 2316 876 2384 liberandum
908 2328 1025 2381 terram
1047 2329 1190 2381 sanctam
1213 2319 1251 2382 de
1275 2319 1368 2380 mani·

250 2417 307 2480 bus
324 2439 527 2502 papanorum
542 2427 571 2479 et
587 2417 642 2480 sub
660 2417 990 2481 eaecommunicationis
1006 2417 1262 2480 interminatione
1269 2416 1370 2500 faerit

248 2515 337 2578 robis
360 2512 536 2592 inhibitum,
559 2537 598 2578 ne
623 2524 725 2578 terras
745 2513 998 2580 Christianorum
1020 2513 1171 2576 inuadere
1187 2511 1235 2576 vel
1250 2512 1370 2576 laedere

249 2613 425 2688 tentaretis,
449 2613 515 2675 nisi
528 2611 677 2695 forsitan
699 2613 761 2674 iter
784 2622 920 2676 aestuem
939 2611 1081 2695 nequiter
1096 2611 1296 2696 impedirent,
1315 2663 1321 2676 .
1339 2659 1369 2673 ..

248 2731 303 2772 oos
325 2708 448 2772 nuliam
470 2710 505 2771 in
532 2709 671 2774 Graecos
686 2709 945 2799 jumsdictionern
976 2719 1033 2772 aut
1052 2719 1240 2794 potestatem
1263 2709 1370 2772 baben·

250 2819 306 2886 tes,
340 2831 360 2870 a
378 2810 524 2892 puritate
547 2809 613 2870 uoti
633 2809 729 2872 uestri
760 2819 871 2871 temere
906 2805 1081 2870 declinasse
1112 2807 1273 2870 videmini.
1299 2855 1307 2870 .
1331 2855 1368 2868 ..

249 2905 395 2990 Illudque
420 2904 509 2989 ionpe
531 2907 661 2991 ¹oratius
683 2918 860 2992 reputatur,
894 2906 977 2991 quod
1000 2906 1129 2991 quidam
1152 2930 1207 2970 nec
1228 2905 1372 2992 reiipioni

248 3025 305 3066 nec
329 3003 431 3066 aetati
451 3027 508 3066 neo
531 3005 623 3066 senui
648 3015 872 3089 pepercerunt,
902 3004 957 3067 sed
971 3004 1219 3090 fornicationes,
1254 3003 1368 3068 adulte-

248 3101 302 3164 ria
325 3109 355 3163 et
377 3101 513 3163 incestus
534 3101 570 3164 in
594 3103 693 3165 ocutis
717 3105 854 3166 omnium
878 3113 1069 3181 erueres-ntes,
1103 3127 1166 3166 non
1189 3103 1289 3168 solum
1311 3127 1369 3166 mu·

248 3200 369 3262 ritatas
392 3208 422 3260 et
450 3199 574 3276 viduas,
603 3199 659 3262 sed
687 3210 716 3262 et
740 3210 903 3264 matronas
935 3211 964 3262 et
996 3201 1142 3286 uirpines,
1175 3203 1302 3286 Deoque
1326 3201 1367 3262 di-

250 3305 357 3372 catas,
395 3307 607 3380 reposuerunt
640 3299 802 3382 spurcitiis
840 3300 1032 3384 portionum.
1095 3299 1163 3364 Nec
1194 3297 1371 3386 imperiales

250 3391 374 3478 euffeeit
397 3393 530 3456 divitias
546 3395 715 3458 embaurire
738 3419 777 3458 ao
801 3395 940 3482 diripere
956 3395 1062 3482 spolia
1083 3401 1238 3486 majorum
1247 3399 1372 3484 pariter

250 3491 468 3569 siminorum,
498 3493 564 3555 nisi
587 3491 631 3556 ad
654 3492 855 3557 ecclesiarum
879 3495 1050 3572 thesauros,
1081 3507 1110 3558 et
1133 3495 1216 3579 quod
1247 3497 1370 3580 pravius

249 3599 296 3652 est
320 3589 364 3651 ad
387 3591 531 3674 ipsarum
548 3592 775 3676 possessiones,
807 3593 1017 3656 extenderetis
1039 3616 1151 3656 manns
1173 3604 1301 3670 oestrus,
1326 3605 1368 3655 tu·

250 3687 342 3750 bulas
366 3697 531 3773 arpenteas
555 3687 593 3750 de
617 3687 775 3752 altaribus
799 3691 970 3776 rapientes,
1004 3701 1033 3754 et
1062 3691 1189 3754 uiolatis
1222 3691 1370 3754 sacrariis

250 3807 365 3865 maces,
390 3787 503 3863 icones,
529 3796 558 3849 et
581 3786 735 3871 reliquias
758 3797 970 3873 asportantes,
1000 3799 1035 3851 ut
1063 3787 1254 3853 Graecorum
1283 3787 1369 3852 eccis-

250 3885 311 3960 sia,
345 3895 622 3968 quantumcumque
647 3884 922 3970 persecutionibus
950 3886 1127 3972 afflipatur,
1159 3887 1204 3950 ad
1232 3887 1366 3951 obedieu-

252 3981 330 4044 tiam
354 3981 557 4066 Apostolicae
587 3979 680 4044 Sedis
712 3983 817 4046 redire
851 3995 1040 4062 contemnat,
1073 4008 1152 4070 quae
1184 3988 1218 4050 in
1251 3986 1369 4049 Latinis

251 4079 380 4142 rionnisi
397 4079 593 4163 proditionis
616 4077 762 4166 enempia
786 4091 816 4144 et
839 4103 937 4168 opera
961 4081 1158 4148 tenebrarum
1182 4085 1311 4170 asperii,
1337 4093 1368 4144 ut

250 4178 361 4240 merito
387 4174 458 4240 iiior
483 4177 651 4241 abiromeat
669 4178 747 4263 plns
770 4201 863 4264 quam
886 4201 988 4246 canes.
