2858 4834
363 452 441 506 Des.
461 453 577 506 Thomae
597 454 735 520 martyrio.
1058 455 1111 508 203

37 593 108 662 luno.
138 597 266 660 furemis
296 597 456 682 principis
489 596 599 660 verbis
629 599 775 677 excitati,
807 609 948 683 quatuor
971 597 1111 662 barones

35 692 133 774 feroces,
162 693 362 778 Reginaldus
386 693 472 759 Ursi.
506 694 603 776 Hugo
633 695 674 758 de
698 694 880 772 Morevilla,
912 694 1111 760 Wilhelmus

34 789 59 850 «h
77 791 158 856 Traci
186 803 216 856 et
239 791 426 876 Richardue
459 792 499 856 de
523 793 625 874 Brito,
657 796 690 857 in
722 815 837 858 necem
870 793 1110 878 archiepiscopi

33 891 231 974 conspirarunt,
255 899 289 952 et
313 912 389 954 mox
415 891 449 954 in
474 890 630 975 Angliam
656 891 792 977 profecti
819 901 905 956 sunt.

93 1041 138 1103 ts.
173 1040 282 1104 Rebus
306 1038 442 1104 ulterius
466 1040 591 1104 ibidem
616 1041 794 1126 dispositis,
820 1043 874 1106 die
897 1043 958 1106 29⁰
973 1045 1111 1109 Decem·
1135 1062 1270 1115 martyrium

31 1135 75 1198 loo
94 1148 158 1221 post
180 1138 349 1202 meridiem
368 1137 567 1202 Cantuariae
591 1139 633 1203 ad
657 1138 944 1226 archiepiscopum
969 1165 1106 1208 accesse·
1131 1137 1149 1164 ⁸'
1163 1125 1274 1165 ΨΜ·

30 1251 88 1302 root.
114 1238 316 1322 primumque
342 1239 374 1300 in
400 1237 470 1322 ejus
495 1236 617 1322 palatio
642 1237 771 1323 probris
796 1248 828 1302 et
852 1241 1012 1306 conviciis
1037 1263 1112 1304 enm

28 1336 148 1414 aggressi.
172 1336 305 1398 nomine
329 1336 416 1418 regis
441 1335 657 1419 postularunt,
683 1345 753 1398 uta
770 1338 918 1400 censuris
942 1339 1114 1424 episcopos

28 1431 144 1494 solveret.
191 1433 223 1498 S.
247 1432 392 1496 Thomas
423 1432 582 1516 gravibus
617 1432 726 1496 verbis
757 1433 799 1497 ad
824 1456 936 1498 eorum
962 1438 1114 1500 convicia

29 1530 171 1611 rospondit,
196 1531 331 1615 negavit
355 1552 445 1614 vero,
470 1553 503 1594 se
528 1530 695 1616 praesules
720 1531 792 1595 illos
816 1533 887 1595 sine
912 1534 1114 1616 poenitentia

28 1631 191 1692 ostensuris
221 1626 348 1692 solvere
381 1651 476 1714 posse
501 1641 533 1692 et
557 1628 651 1694 velle.
698 1630 762 1693 Pro
787 1629 954 1693 Ecclesiae
981 1630 1115 1714 juribus

27 1745 48 1778 ,a
71 1729 156 1788 etiam
186 1735 333 1790 extrema
365 1725 553 1790 subiturum
589 1726 780 1808 declaravit,
813 1727 992 1813 firmusque
1017 1731 1115 1793 minis

26 1841 108 1886 orum
132 1826 257 1888 restitit.
304 1825 399 1889 Tunc
424 1826 533 1889 sicarii
559 1827 611 1890 isti
636 1825 809 1889 furibundi
834 1835 1049 1906 recesserunt,
1082 1840 1115 1890 ut

25 1919 115 1982 milites
136 1923 260 2006 regales
284 1922 507 2004 adducerent3
542 1947 566 1987 s.
592 1923 722 2008 praesul
760 1945 847 2004 vero,
881 1926 941 1987 etsi
979 1925 1114 2008 invitus,

24 2050 34 2076 a
59 2020 212 2085 monachia
247 2031 279 2084 et
310 2019 438 2085 clericis
471 2023 506 2085 in
539 2021 711 2086 ecclesiam
744 2021 967 2084 cathedralem
992 2022 1114 2106 palatio

23 2119 179 2200 contiguam
204 2118 369 2182 adductus
393 2129 452 2199 est,
478 2118 535 2183 ubi
560 2119 714 2184 monachi
740 2119 886 2182 officium
902 2141 1115 2203 vesperarum

25 2214 237 2294 persolvebant.
278 2217 356 2281 Mox
381 2219 414 2280 in
440 2217 624 2298 ecclesiam,
651 2217 745 2302 cujus
769 2218 852 2280 ostia
876 2216 986 2281 claudi
1011 2219 1115 2282 archi·

24 2313 127 2390 praesul
162 2315 345 2401 prohibuit,
386 2314 521 2379 nefandi
557 2315 604 2379 illi
626 2316 700 2403 ¹viri
732 2316 908 2398 irruerunt,
946 2337 1115 2401 quumque

25 2429 40 2466 r.
65 2409 196 2477 Thomas
235 2413 420 2497 intrepidus
452 2412 586 2478 obviam
621 2415 695 2493 iret,
735 2415 920 2498 iterumque
953 2413 1117 2499 postulata

26 2503 112 2591 iniqua
127 2532 240 2575 eorum
256 2513 417 2597 rejiceret,
435 2534 510 2575 eum
526 2510 703 2576 crudeliter
717 2511 935 2575 trucidarunt.
953 2549 997 2558 —
1013 2511 1115 2592 Quin·-

26 2609 154 2688 qoaginta
184 2620 217 2673 et
248 2621 312 2673 tres
345 2632 450 2674 annos
481 2631 505 2672 s.
531 2609 676 2674 Thomas
709 2630 746 2672 eo
776 2629 863 2672 anno
888 2607 1044 2692 habebat,
1085 2621 1116 2673 et

27 2705 207 2791 episcopatus
233 2730 371 2789 novem,
395 2710 429 2772 in
447 2708 546 2772 exilio
570 2708 678 2772 fuerat
700 2706 956 2792 septem'annis.
1003 2707 1117 2772 Sancti

25 2806 149 2886 martyris
184 2805 325 2890 gloriam
357 2805 451 2869 brevi
484 2815 557 2891 post
595 2809 686 2869 Deus
724 2804 911 2889 insignibus
949 2804 1118 2869 miraculis

27 2895 182 2968 illustravit.

90 3047 138 3110 49.
184 3047 335 3110 Fuerunt
358 3048 445 3110 inter·
469 3043 648 3110 catholicos
672 3067 709 3111 eo
734 3056 881 3130 tempore
909 3045 1022 3131 aliqui,
1061 3049 1118 3132 qui

27 3143 203 3208 inmoderati
229 3143 356 3209 ardoris
379 3156 560 3230 arguerunt
589 3169 613 3209 s.
640 3144 813 3226 Thomam,
846 3143 989 3228 indeque
1018 3145 1117 3208 etiam

27 3257 130 3304 elisam
157 3243 250 3308 necis
282 3243 353 3329 ejus
384 3245 595 3328 repetierunt.
642 3243 693 3307 Ita
720 3243 884 3326 Aegidius
907 3242 1119 3306 Ebroicensis

30 3339 185 3426 opiscopus,
212 3343 246 3405 in
272 3340 409 3428 epistola
432 3341 476 3405 ad
498 3341 729 3406 Alexandrum
753 3341 805 3406 III
828 3352 901 3426 post
925 3343 1118 3425 martyrium

28 3435 182 3502 t'l'homae
207 3441 340 3525 scripta,
366 3439 580 3503 vehementer
603 3439 739 3525 quidem
755 3438 846 3523 luget
861 3450 997 3502 mortem
1014 3437 1119 3502 archi-

28 3533 159 3622 coia-oph
192 3549 339 3601 attamen
364 3535 474 3600 addit:
509 3537 562 3601 Ad
584 3539 658 3601 hace
682 3562 701 3600 a
724 3548 823 3601 meato
853 3547 957 3600 vestm
979 3560 1044 3600 ooo
1068 3559 1119 3599 cor·

29 3629 91 3699 ‘idib
118 3637 198 3718 quod
233 3635 287 3699 aot
311 3634 476 3698 multorum
500 3646 619 3720 strages
648 3645 795 3721 apparot,
827 3635 1052 3698 detrahendum
1076 3645 1121 3697 est

31 3735 158 3798 *armiati
181 3737 216 3798 io.
234 3733 395 3820 pluribus,
420 3745 449 3796 at
473 3735 624 3798 occisione
640 3736 732 3797 aonios
750 3755 906 3820 poraoaac
921 3755 984 3796 noc
999 3743 1122 3819 oportet

30 3833 243 3896 nicodemum
266 3833 399 3896 Domini
420 3833 543 3894 concuti
567 3843 631 3895 tarro
653 3834 793 3916 praviter
818 3843 847 3894 et
871 3831 1004 3910 hahart,
1023 3854 1119 3916 prco-

31 3929 110 3992 uoto
129 3955 194 3994 ouon
219 3955 288 4016 repe
311 3940 469 4015 peccante,
494 3931 523 3991 si
548 3932 630 3994 uiam
638 3931 733 4015 pacis
753 3925 993 3992 Centauricuso'a
1010 3951 1119 4012 opaco·

33 4037 87 4086 oret
106 4041 132 4090 at
147 4028 293 4113 diligeret
309 4030 459 4112 agnitam,
479 4028 556 4114 plus
571 4027 747 4091 uniuersali
757 4028 836 4113 porci
854 4027 1023 4105 Ecclesiae,
1042 4027 1121 4112 ploos

32 4127 149 4206 propriae
166 4152 230 4212 par·
253 4127 519 4191 rnonaootodioom
546 4127 714 4188 discretam
730 4125 911 4200 consuleret,
937 4148 1029 4208 qoam
1044 4147 1120 4186 com-

35 4221 224 4289 oiootiooilooa
251 4223 444 4288 coruscando
476 4235 505 4287 et
534 4215 653 4287 omaem
676 4225 845 4308 potestatis
885 4245 960 4284 socae
988 4223 1122 4307 riporom
