2844 4840
278 425 425 482 conflictus
444 441 504 480 enm
523 425 648 494 Philippo
667 423 697 478 P.
718 431 875 480 renovatus.
1100 427 1137 482 43

36 594 108 658 quae
129 571 171 636 ad
199 571 288 636 illam
321 569 486 636 alludunt.
504 605 562 618 --
593 566 759 634 Jacobum
790 570 958 634 Pontificis
990 569 1136 654 legatum

36 669 108 734 illico
130 693 147 734 e
169 691 268 755 regno
292 667 447 733 secedere
467 668 567 755 jussit
589 665 781 752 Philippus3
806 666 914 732 eidem
939 683 1050 731 tamen
1073 675 1136 730 tra·

37 767 117 850 didit,
140 777 176 832 ut
189 769 313 854 pariter
329 763 474 830 Galliam
498 764 708 851 relinqueret,
732 763 940 830 Bernardum
957 764 1136 850 Apamien-

34 889 89 930 sem
111 869 309 953 episcopum,
335 864 432 950 cujus
455 863 640 928 libertatem
658 863 847 928 Bonifatius
871 860 933 927 sub
957 864 1136 928 commina-

34 967 108 1028 tione
130 963 484 1030 excommunicationis
507 961 742 1048 postulaverat.

106 1065 158 1128 44.
181 1063 253 1128 Rex
276 1061 399 1126 deinde
414 1059 583 1144 generalia
606 1060 699 1144 regni
717 1061 852 1124 comitia
870 1059 1006 1124 Parisiis
1029 1060 1138 1144 coegit
1148 1053 1297 1157 Cfflffi·

34 1159 76 1222 dis
100 1161 156 1225 10⁰
170 1159 295 1246 Aprilis
318 1183 347 1225 a.
367 1160 462 1224 1302.
502 1158 542 1223 ln
567 1157 619 1223 iris
643 1159 786 1222 comitiis
809 1158 927 1222 Petrus
951 1156 1060 1222 flotta
1083 1178 1138 1222 no·

34 1259 108 1322 nine
130 1256 274 1346 Philippi
308 1258 412 1323 multa
435 1257 518 1324 falsa
542 1269 575 1323 st
598 1258 759 1344 injuriosa
790 1256 831 1321 de
854 1255 1022 1321 Bonifatio
1045 1255 1138 1342 Papa

35 1354 162 1438 protulit,
185 1379 224 1420 ac
248 1358 276 1421 si
300 1358 329 1420 is
352 1355 591 1443 epistolissuis
610 1355 689 1442 jura
717 1356 809 1439 regia
833 1352 972 1419 violaret
1001 1364 1034 1418 et
1062 1374 1136 1417 con·

34 1451 174 1534 tenderes,
199 1475 339 1539 regnum
365 1455 567 1518 Francicum
599 1475 670 1518 esse
693 1451 872 1517 Romanae·
888 1451 1047 1518 ecclesias
1070 1453 1137 1516 feu·

35 1547 107 1630 dum,
135 1565 234 1638 atque
264 1573 376 1637 regem
401 1561 435 1615 et
457 1572 597 1636 regnum
622 1552 656 1615 in
680 1549 844 1630 omnibus,
876 1552 975 1614 ctiam
1000 1551 1034 1614 in
1058 1561 1137 1614 tem-

35 1647 195 1732 poralibus,
219 1649 393 1736 subjacere
427 1649 583 1715 Pontifici
618 1649 777 1715 Romano.
825 1649 1036 1713 Documenta
1065 1649 1139 1734 ipsa

33 1757 125 1810 antem
149 1748 220 1810 sive
245 1769 324 1814 vera
348 1749 420 1812 sive
445 1749 587 1812 conficta
608 1745 825 1810 cancellarius
848 1755 976 1810 astutus
1000 1767 1066 1810 non
1090 1747 1137 1809 vi·

34 1841 113 1907 detur
145 1845 369 1926 ostendisse.¹)
423 1845 520 1911 Tune
551 1845 700 1909 omnium
732 1845 788 1930 qui
813 1842 953 1908 aderant
975 1845 1139 1908 sententia

34 1943 119 2024 petita
141 1941 213 2006 fait
266 1943 427 2026 Baiones,
459 1943 590 2028 syndici
622 1965 662 2007 so
693 1951 921 2034 procuratores
949 1941 1082 2006 urbium
1106 1950 1140 2004 et

34 2042 292 2105 communitatum
317 2042 386 2125 regi
410 2039 566 2126 gratulati
583 2051 669 2120 sunt,
695 2040 783 2126 quod
802 2040 880 2124 jura
903 2041 995 2124 regia
1018 2050 1051 2104 et
1069 2059 1139 2123 reg·

34 2157 98 2200 num
127 2149 242 2203 contra
273 2138 469 2203 Pontificem
500 2138 703 2219 defenderet,
736 2139 832 2224 eique
862 2159 958 2224 opem
988 2148 1021 2201 et
1047 2140 1140 2201 auxi·

33 2231 99 2298 lium
121 2239 354 2322 promiserunt.
400 2235 544 2301 Praelati
568 2235 692 2322 aliique
717 2234 932 2300 ecclesiastici
957 2238 1021 2300 viri
1046 2235 1139 2300 indu·

32 2333 87 2396 cias
107 2334 149 2398 ad
173 2333 428 2400 deliberandum
445 2335 621 2420 petierunt,
646 2333 842 2399 Pontificem
864 2334 954 2420 apud
971 2356 1082 2420 regem
1107 2343 1140 2398 et

34 2429 143 2495 nobiles
154 2443 367 2514 excusarunt,
381 2443 415 2496 ct
426 2431 638 2497 concordiam
652 2433 739 2496 inter
751 2453 861 2516 regem
871 2431 1139 2518 etApostolicam

32 2523 134 2592 Sedens
147 2530 412 2596 conservandam
426 2541 610 2596 suaserunt.
636 2529 702 2596 Sed
715 2529 758 2594 ad
772 2529 950 2594 dicendam
961 2532 1032 2596 sine
1048 2551 1141 2595 mora

34 2629 214 2692 antemium
238 2630 355 2710 coacti,
379 2630 466 2714 regis
485 2633 634 2715 potentia
651 2630 755 2692 territi
780 2650 865 2715 quac
889 2650 949 2693 sua
972 2639 1050 2694 sunt
1072 2649 1138 2694 non

34 2741 102 2805 quae
123 2723 206 2790 Jesu
231 2721 355 2790 Christi
379 2727 601 2812 quaesierunt,
634 2735 667 2791 et
696 2725 811 2813 pavidi
842 2728 1073 2812 promiserunt,
1105 2748 1139 2792 se

36 2823 92 2904 regi
114 2824 147 2887 in
171 2845 335 2910 personae
358 2825 441 2910 ejus,
465 2827 611 2908 honoris,
631 2825 826 2911 juriumque
851 2823 1042 2890 defensione
1067 2845 1141 2889 con-

34 2918 145 2986 silicet
167 2921 297 2988 auxilia
321 2923 434 2989 debita
456 2922 675 3011 praebituros.
723 2921 829 2988 Simul
861 2945 940 2987 vero
972 2932 1140 3009 rogarunt,

35 3029 61 3079 ct
81 3017 140 3084 sibi
164 3021 349 3086 secundum
370 3021 543 3086 Pontificis
567 3021 762 3086 mandatum
786 3021 829 3086 ad
853 3019 1041 3086 Romanum
1065 3041 1140 3085 con-

35 3113 129 3182 cilium
154 3140 334 3205 properare
344 3118 469 3184 liceret.
505 3118 571 3184 Sed
596 3141 656 3184 rex
678 3129 712 3183 et
735 3117 863 3184 nobiles
886 3117 1139 3204 responderunt,

35 3235 61 3274 se
79 3213 264 3280 nullatenus
287 3216 322 3281 id
346 3238 500 3302 passuros
523 3239 604 3282 esse.

106 3316 157 3381 45.
200 3313 373 3379 Praesules
396 3337 493 3401 porro
518 3315 690 3401 epistolam
714 3315 919 3401 scripserunt
941 3315 984 3380 ad
1009 3316 1141 3382 Bonifa-

34 3411 110 3492 tium,
133 3415 167 3477 in
194 3434 261 3497 qua
283 3415 313 3477 ei
338 3411 578 3479 denuntiarunt
601 3435 678 3478 cnm
702 3413 835 3478 tristitia
859 3435 898 3477 ea
922 3435 1008 3499 quae
1031 3414 1066 3477 in
1090 3435 1140 3478 co-

36 3509 119 3574 mitiis
140 3521 218 3576 acta
241 3511 382 3594 fuerant,
407 3511 642 3598 supplicantes,
672 3522 708 3575 ut
731 3511 775 3576 ad
798 3532 915 3597 pacem
941 3509 1141 3576 servandam

36 3621 188 3674 revocaret
220 3609 400 3689 decretum,
434 3631 498 3696 quo
528 3609 571 3674 ad
596 3608 774 3675 concilium
807 3629 864 3672 eos
887 3619 1140 3675 convocaverat.

35 3701 151 3773 Nobiles
176 3727 257 3772 vero
286 3706 458 3792 epistolam
491 3709 688 3772 amariorem
722 3708 925 3793 scripserunt
954 3705 997 3770 ad
1028 3704 1142 3770 Cardi-

37 3801 110 3868 mdes
136 3813 254 3870 contm
284 3805 333 3868 sic
365 3803 455 3869 dicta
482 3805 656 3870 Pontificis
685 3805 893 3890 gravamine,
926 3825 993 3890 qus
1021 3801 1142 3868 multas

49 3965 231 3976 --·-.-—.-—-

96 4053 112 4109 ‘i
130 4053 160 4108 id
180 4053 411 4121 indemutatae,
437 4053 507 4120 quod
532 4052 650 4121 episcopi
670 4051 778 4108 Galliae
803 4051 833 4106 in
851 4067 902 4107 sua
919 4051 954 4106 sd
973 4050 1142 4107 Bonifatium

39 4129 132 4194 sanan
150 4141 261 4188 tentum
285 4132 435 4200 loquuntur
459 4133 492 4188 ds
509 4133 553 4198 iis,
578 4147 647 4200 quae
666 4132 763 4188 Petrus
782 4133 875 4186 Ftotts
892 4131 1062 4187 Bonifatium
1079 4131 1143 4186 scri·

39 4209 106 4272 osiae
116 4214 275 4278 asseruerit,
294 4213 354 4281 ipss
366 4219 458 4267 sutem
470 4213 631 4268 documenta
644 4228 697 4268 non
710 4217 928 4270 commemorant.
