2828 4842
220 480 305 536 Cama
323 483 533 540 matrimonialis
550 485 669 554 Philippi
689 485 796 539 Galliae
815 482 896 552 regia
1064 483 1117 539 259

93 623 143 689 4⁰.
187 623 337 708 Synodus
360 624 596 694 suessionibus
627 628 682 694 die
714 629 753 692 2⁰
776 627 886 692 Martii
920 628 1000 692 anni
1026 627 1111 692 1201
1152 627 1248 680 ΒΜ
1184 629 1259 668 ⁰⁰⁶⁸

31 721 133 804 incepta
155 733 209 789 est.
253 721 426 789 Venerunt
448 727 583 812 quidem
607 749 649 790 ex
665 727 777 790 Dania
798 725 925 812 aliquot
947 723 1115 811 praesules
1130 689 1162 730 ὃ
1147 691 1278 795 aava

28 817 123 903 aliique
146 821 205 884 viri
228 821 384 904 insignes,
421 834 458 887 ut
479 823 688 908 Ingeburgae
711 832 822 909 partes
844 833 1024 904 tuerentur,
1057 822 1116 888 sed

28 915 83 978 inde
109 915 150 981 ab
173 919 262 983 initio
287 918 492 986 declarantes
522 944 558 986 se
585 922 732 1008 legatum
764 931 953 1008 suspectum
982 921 1115 1002 habere,

26 1011 55 1076 ad
74 1013 253 1080 Pontificem
286 1016 506 1103 appellarunt,
540 1028 573 1083 et
596 1021 707 1084 statim
739 1029 955 1086 recesserunt.
1004 1019 1117 1100 Quum

25 1123 78 1194 post
110 1111 179 1178 dies
213 1125 279 1178 tres
317 1117 417 1180 etiam
452 1116 536 1182 alter
569 1117 708 1202 legatus,
744 1117 893 1183 Joannes
929 1114 1117 1184 Cardinelis

24 1229 41 1270 r.
58 1207 150 1290 Pauli,
187 1211 386 1294 advenisset,
426 1215 496 1301 ipse
528 1214 655 1300 synodo
689 1214 864 1302 praesedit,
903 1226 937 1280 et
964 1219 1118 1302 quamvis

23 1309 106 1370 annui
128 1309 215 1374 Dani
238 1309 402 1394 abessent,
435 1335 495 1399 per
517 1312 710 1401 quindecim
734 1312 805 1378 dies
829 1336 929 1378 causa
951 1317 1117 1380 matrimo-

23 1403 96 1468 n‘alia
116 1405 250 1471 sollicite
273 1418 414 1474 tractata
437 1421 495 1478 est.
529 1411 641 1492 Quum
665 1412 813 1478 Joannes
838 1409 1026 1478 cardinalis
1044 1413 1117 1499 jam

24 1503 46 1564 in
69 1525 101 1566 eo
130 1515 221 1588 esset,
258 1515 295 1570 ut
325 1511 524 1574 sententiam
558 1511 796 1595 pronuntiaret,
835 1531 894 1574 rex
918 1508 1050 1575 dolosus
1073 1510 1117 1576 ad

22 1620 76 1664 eam
102 1600 330 1668 declinandam
362 1617 498 1691 repente
528 1606 721 1689 declaravit,
754 1630 788 1671 se
823 1607 1046 1693 ingeburgam
1069 1629 1117 1673 re

22 1707 167 1780 capturum
195 1723 258 1766 nec
292 1725 364 1767 eam
399 1703 614 1769 dimissurum
645 1727 724 1787 esse,
758 1713 858 1792 atque
882 1704 969 1770 illico
994 1727 1116 1791 equum

21 1797 176 1863 ucendens
198 1803 392 1886 properavit
414 1801 457 1866 ad
481 1805 719 1868 monasterium
743 1801 801 1867 ubi
825 1804 940 1888 regina
965 1803 1116 1895 degebat
1161 1845 1166 1855 ι

20 1893 173 1960 adductam
196 1899 374 1963 consedere
404 1899 523 1964 fecit'
514 1924 549 1967 m
574 1901 689 1965 eodem
714 1922 809 1988 equo,
842 1922 882 1965 ac
913 1901 1116 1984 festinanter,

20 1995 125 2058 numine
156 1993 315 2076 salutato,
352 1995 630 2063 Suessionibus'
621 2021 729 2086 ipsam
760 1999 886 2065 eduxit.
943 1999 1017 2064 Hac
1046 2010 1118 2064 arte

20 2090 113 2173 effecit,
142 2103 180 2156 ut
209 2046 356 2177 synodus
387 2098 552 2161 sententia
583 2119 647 2162 non
680 2097 894 2183 pronuntiata
924 2095 1117 2170 solveretur

20 2185 172 2276 Quumque
201 2190 379 2276 Philippus
411 2215 451 2256 ea
483 2195 612 2259 ratione
646 2193 869 2279 Ingeburgam
900 2204 936 2258 ut
967 2195 1117 2278 reginam

6 2308 45 2347 :ac
71 2311 156 2353 suam
194 2311 333 2354 uxorem
363 2294 569 2377 agnovisset,
604 2315 705 2357 causa
730 2292 878 2383 juridico
916 2294 1117 2358 matrimonii

19 2387 173 2471 composita
205 2398 296 2470 erat3
330 2411 392 2454 nec
415 2389 569 2455 Pontifici
601 2393 636 2456 in
660 2392 702 2456 iis
725 2412 811 2478 quae
842 2397 955 2454 secuta
979 2398 1056 2456 sunt
1079 2413 1118 2454 ea

19 2495 69 2545 erat
98 2486 341 2552 interveniendi
374 2487 515 2553 facultas
539 2490 588 2553 uti
612 2498 720 2573 antea,
753 2509 856 2575 quum
879 2487 1055 2574 Philippus
1078 2489 1118 2554 dc

16 2583 68 2664 jer
88 2584 145 2648 lnv
125 2583 308 2668 geburgam
331 2595 369 2649 ut
391 2587 541 2670 reginam
566 2596 599 2651 et
621 2608 760 2652 uxorem
784 2588 984 2670 agnovisset.

83 2683 132 2746 41.
161 2681 229 2747 Sed
253 2683 400 2768 perfidus
423 2707 492 2766 rex,
517 2686 672 2772 quamvis
695 2685 809 2770 Agnes
832 2685 977 2767 obiisset,
1001 2694 1114 2750 tamen

19 2771 212 2884 ingeburgam
252 2803 319 2846 non
357 2785 514 2846 tractavit
552 2793 589 2847 ut
618 2785 768 2868 reginam
810 2782 874 2846 sibi
903 2784 1113 2847 matrimonio

16 2887 147 2964 pineum,
172 2879 232 2944 sed
246 2891 432 2964 separatam
456 2903 526 2945 ase
543 2883 650 2947 tenuit
672 2891 705 2944 et
728 2881 887 2945 custodiri
911 2881 989 2946 fecit
1008 2880 1111 2945 veluti

21 2977 169 3057 aptivam.
215 2977 319 3042 Petiit
342 3000 431 3060 vero,
457 2981 525 3042 ut
516 2980 620 3066 ipsius
643 3001 686 3043 ex
701 2979 832 3063 Agnete
854 2977 961 3061 liberi,
985 2978 1111 3067 Philip·

21 3089 66 3150 pus
84 3083 112 3137 et
133 3076 251 3160 Maria,
275 3075 539 3161 legitimarentur
561 3101 582 3141 a
605 3077 776 3144 Pontifice.
823 3077 1039 3142 Innocentius
1061 3077 1113 3142 III

21 3166 43 3229 il
55 3171 129 3254 iecit,
152 3196 190 3239 eo
206 3174 296 3260 quod
313 3175 427 3260 Agnes
450 3175 539 3239 bona
562 3176 627 3240 fide
651 3186 726 3261 post
748 3175 930 3240 divortium
946 3173 989 3238 ab
1005 3175 1111 3240 archi·

21 3269 143 3356 episcopo
174 3271 354 3337 Rhomensi
393 3275 644 3359 pronuntiatum
678 3276 813 3360 nuptias
850 3294 926 3337 cum
957 3272 1113 3360 Philippo

20 3383 75 3446 rege
101 3371 236 3435 iniisset.
281 3371 429 3435 Nimiam
460 3371 562 3436 fuisse
584 3370 756 3436 Pontificio
787 3370 851 3436 hac
882 3372 917 3436 in
940 3393 976 3434 re
1008 3370 1115 3436 indul·

20 3467 143 3550 undam,
181 3468 321 3555 quidam
360 3470 601 3552 existimarunt,
641 3468 699 3534 sed
723 3470 909 3550 immerit03
951 3470 1115 3533 immerito

21 3563 114 3640 pariter
133 3565 311 3652 Philippus
341 3589 401 3630 rex
433 3579 634 3655 conquestus
666 3577 716 3632 est
749 3566 791 3632 de
815 3566 920 3630 nimia
948 3567 982 3630 in
1007 3568 1117 3651 ipsum

23 3664 172 3746 avesate,
207 3664 297 3751 quod
329 3667 579 3730 matrimonium
610 3687 686 3728 cum
709 3663 901 3750 Ingeburga
935 3663 1115 3729 dissolvere

25 3775 164 3829 recusaret.
210 3765 365 3829 Breviter
387 3786 473 3851 quae
497 3766 532 3829 in
556 3765 618 3828 isto
642 3765 775 3849 negotio
799 3762 938 3828 ulterius
961 3763 1041 3827 fecit
1063 3764 1116 3828 In-

25 3861 160 3926 nocentius
182 3861 247 3944 111,
270 3861 314 3926 ab
338 3872 472 3927 auctore
491 3861 658 3927 Gestorum
681 3861 772 3925 hisce
798 3861 1005 3925 indicantur:
1029 3859 1117 3925 Sum-

26 3973 70 4014 aar
88 3971 183 4023 uatem
206 3912 369 4046 Pbatifeae,
400 3963 461 4025 etsi
482 3983 644 4048 nonquam
665 3961 806 4046 potuerit
828 3981 929 4045 regem
956 3957 1115 4038 iuducere,

27 4054 156 4137 tliprura
184 4059 331 4143 reginam
361 4059 518 4145 diligeret,
560 4082 721 4144 nunquam
752 4069 855 4122 mmea
887 4055 1031 4122 cessabat
1060 4082 1117 4122 aec

28 4141 121 4214 lande
149 4179 203 4220 aec
236 4158 361 4242 asperia
390 4157 521 4244 oprrd
507 4179 626 4244 aprum,
657 4166 693 4220 ut
720 4179 790 4220 com
810 4155 940 4246 faceret
966 4154 1117 4243 regaliter

27 4239 151 4331 laborari,
187 4252 420 4320 consolatorios
453 4265 483 4319 et
512 4255 762 4342 confortatorias
798 4255 829 4317 ci
863 4253 988 4318 litteras
1022 4277 1117 4342 saepe

905 4359 954 4414 l'l*
