2916 4842
318 459 353 513 ss
515 445 618 516 xxm.
639 461 678 516 ue
697 467 773 515 satu
792 459 890 514 naues
910 459 994 528 paors
1013 459 1099 514 mesto
1117 475 1185 514 saec.
1206 461 1269 514 ΧΠ.

321 604 431 683 Quum
458 605 600 687 Eugenii
624 604 676 668 111
699 625 876 684 successor,
902 603 1094 667 Anastasius
1117 605 1175 676 IV,
1208 603 1344 668 brevem
1374 613 1447 690 post

319 701 547 786 pontificatum
561 701 696 765 obiisset
708 700 1012 765 die2⁰Decembris
1028 701 1108 764 anni
1126 704 1219 784 1154,
1237 706 1267 766 ei
1284 705 1446 767 suffectus

319 809 368 862 est
385 800 575 862 Hadrianus
589 799 644 863 IV
658 799 796 882 Anglus,
823 797 1011 862 Cardinalis
1028 799 1213 884 Episcopus
1230 800 1443 866 Albaneusis.

319 897 490 961 Pontificis
522 897 620 982 hujus
652 898 747 962 initia
771 895 940 961 Arnaldus
971 895 1106 982 ejusque
1138 907 1315 962 sectatores
1348 901 1445 962 novis

318 993 515 1058 tumultibus
539 994 723 1076 turbarunt,
748 995 794 1058 ita
819 994 952 1080 quidem
979 985 1210 1059 utGeraldum
1230 993 1443 1060 Cardinalem

318 1092 547 1178 presbyterum
571 1095 717 1177 graviter
742 1091 1000 1156 vulneraverint.
1034 1090 1262 1171 Quamobrem
1287 1093 1445 1158 Pontifex

318 1193 376 1255 toti
399 1190 482 1256 Urbi
507 1214 601 1254 sacra
625 1192 806 1268 interdixit,
832 1189 937 1255 donec
962 1201 1129 1254 senatores
1152 1213 1172 1254 a
1196 1190 1289 1256 clero'
1305 1193 1443 1278 populo-

318 1310 381 1373 que
406 1289 566 1374 compnlsi
591 1290 724 1353 veniam
758 1311 778 1352 a
801 1287 961 1352 Pontifioe
985 1287 1236 1373 postulaverint,
1269 1300 1301 1354 et
1323 1291 1443 1356 Ardal-

318 1386 397 1450 dum
422 1386 558 1473 ejusque
591 1409 747 1474 sequaces
771 1407 813 1450 ex
837 1385 928 1460 Urbe
958 1384 1093 1472 ejusque
1124 1387 1247 1452 finibus
1272 1389 1441 1473 ejecerint.

317 1482 484 1549 Arnaldus
507 1495 618 1548 autem
642 1484 759 1548 eodem
781 1505 869 1556 anuo
894 1482 1009 1569 (1155)
1028 1485 1125 1568 jussu
1150 1484 1310 1551 Erideriei
1336 1489 1355 1552 I
1379 1489 1441 1552 Im-

317 1585 476 1666 peratoris
507 1583 541 1646 in
570 1581 692 1647 linibus
718 1583 869 1646 Etruriae
894 1593 1010 1666 captus
1033 1591 1066 1645 et
1089 1583 1229 1648 Romam
1253 1584 1385 1661 ductus,
1423 1611 1443 1651 a

316 1679 413 1743 Petro
438 1679 528 1743 urbis
552 1679 718 1764 praefecto
743 1679 857 1744 ultimo
882 1679 1044 1764 supplicio
1069 1679 1223 1745 addictus
1246 1692 1303 1763 est,
1329 1694 1363 1747 et
1389 1709 1442 1770 pa-

315 1776 420 1842 tibulo
452 1799 629 1863 suspensus
664 1779 798 1842 interiit.
853 1777 1006 1842 Cadaver
1039 1778 1111 1862 ejus
1146 1801 1225 1862 rogo
1256 1795 1441 1848 crematum

317 1885 348 1938 et
372 1877 508 1956 cineres,
541 1898 582 1939 ne
607 1877 742 1940 fanatici
767 1875 911 1940 asseclae
943 1875 1013 1960 ejus
1038 1874 1193 1962 reliquias
1217 1876 1374 1948 colerent.
1408 1885 1441 1944 in

316 1972 464 2036 Tiberim
487 1975 625 2059 projecti
650 1984 735 2039 sunt.
766 2012 808 2020 —
843 1971 953 2052 Quam
977 1975 1088 2058 inepte
1113 1973 1302 2059 hujusmodi
1327 1979 1441 2042 virum

315 2071 542 2136 turbulentum
578 2081 610 2135 et
641 2072 676 2134 in
708 2069 892 2134 Ecclesiam
931 2070 1087 2135 rebellem
1118 2082 1269 2136 auctores
1301 2075 1440 2159 quidem

316 2168 565 2252 celebraverint,
598 2179 635 2232 ut
666 2172 832 2254 genuinae
861 2168 1022 2233 libertatis
1053 2168 1207 2254 politicae
1239 2173 1441 2260 virtutisque

316 2269 490 2332 severioris
514 2268 692 2348 vindicem,
718 2289 761 2330 ex
785 2267 882 2332 dictis
906 2278 996 2331 satus
1020 2267 1137 2330 elucet.

410 2417 482 2483 107.
529 2419 606 2483 lam
633 2419 752 2501 'primis
776 2417 947 2482 decenniis
980 2417 1078 2502 hujus
1107 2417 1230 2481 saeculi
1261 2419 1363 2482 etiam
1388 2445 1443 2484 ue·

190 2508 204 2536 ⁰
220 2508 264 2536 *θ’
318 2514 419 2579 fanda
443 2537 604 2580 novorum
631 2517 888 2579 illanicliaeoiam
912 2525 1001 2579 secta
1026 2517 1058 2578 in
1084 2513 1278 2580 Occidentis
1306 2522 1442 2601 provin·

318 2613 386 2676 cias
409 2625 592 2698 propagata
621 2625 678 2678 est.
725 2613 764 2678 In
797 2612 932 2677 Oriente
964 2612 1152 2677 Manichaei
1185 2635 1356 2699 nunquam
1388 2639 1443 2701 pe-

315 2711 403 2775 nitus
420 2712 629 2793 interierant,
654 2711 720 2774 imo
745 2733 859 2774 eorum
883 2711 1043 2796 reliquiae
1067 2711 1189 2794 passim
1213 2710 1442 2796 invaluerunt,

314 2817 347 2870 et
360 2809 503 2894 Imperio
528 2830 646 2893 graeco
670 2830 736 2873 non
761 2810 900 2872 minima
917 2830 1072 2873 creavere
1093 2809 1250 2894 pericula.
1299 2810 1355 2874 Ex
1372 2811 1443 2874 Ma-

313 2905 527 2970 nicliaeornm
552 2908 648 2970 sectis
661 2916 754 2971 erant
765 2906 957 2984 Pariliciani,
981 2908 1039 2992 qui
1063 2906 1141 2971 inde
1166 2929 1186 2970 a
1209 2907 1341 2972 saeculo
1368 2933 1442 2994 sep-

313 3005 393 3067 timo
413 3003 558 3069 Orientis
571 3006 721 3088 regiones
744 3003 934 3081 turbarunt3
960 3005 1094 3068 ineunte
1119 3026 1196 3070 vero
1222 3005 1353 3070 saeculo
1380 3029 1441 3071 un-

314 3101 452 3182 decimo,
478 3101 764 3188 Constantinopoli
793 3102 921 3167 detecta
953 3113 1002 3166 est
1025 3103 1272 3187 Bogomilorum
1305 3108 1440 3186 secta,¹)

288 3211 398 3286 'quae
422 3203 545 3287 pariter
560 3201 821 3266 Manichaeismo
846 3200 981 3265 addicta
998 3211 1075 3266 erat.
1109 3201 1163 3264 Ex
1178 3200 1314 3266 Oriente
1339 3225 1439 3288 porro

313 3307 421 3362 sectae
457 3301 569 3363 variae
600 3322 750 3363 novorum
785 3300 1043 3364 ilianicliaeornm
1077 3301 1111 3363 in
1144 3297 1365 3365 Occidentem
1402 3324 1441 3363 se

311 3407 551 3482 propagarunt,
577 3419 619 3461 ex
644 3395 786 3461 Graecia
810 3396 968 3460 videlicet
992 3409 1024 3460 et
1047 3395 1205 3480 Bulgaria
1228 3399 1261 3461 in
1288 3399 1438 3462 vicinam

312 3493 504 3560 Slavoniam
529 3504 561 3559 et
585 3495 799 3576 Dalmatiam,
826 3494 970 3581 hincque
995 3496 1028 3559 in
1053 3494 1196 3578 Italiam,
1222 3495 1439 3582 Hispaniam,

312 3590 470 3674 Galliam,
501 3593 646 3680 aliasque
684 3595 874 3680 provincias
907 3603 1129 3678 penetrarunt,
1182 3594 1221 3658 In
1254 3595 1356 3658 variis
1385 3617 1438 3658 re-

311 3691 465 3775 gionibus
489 3694 582 3756 varia
606 3691 669 3756 illis
694 3693 829 3756 nomina
853 3690 930 3756 data
955 3701 1045 3775 sunt3
1070 3691 1150 3756 alibi
1175 3689 1322 3774 Osthari,
1347 3691 1437 3756 Pub-

384 3914 404 3976 ¹l
433 3912 585 3967 Pauliniani
612 3929 709 3967 nomen
737 3912 892 3967 habuerunt
919 3929 936 3966 a
963 3912 1140 3967 veneratione
1168 3910 1278 3980 speciali
1306 3927 1382 3980 quem
1404 3911 1436 3966 in

310 4010 330 4046 s.
343 3992 458 4047 Paulum
478 3993 637 4061 Apostolum
656 3993 869 4061 profitebantur3
888 3992 1024 4061 Bogomili
1043 4007 1107 4046 vero
1126 4007 1223 4046 nomen
1241 3993 1373 4061 accepisse
1391 3993 1437 4046 di-

309 4079 408 4127 cuntur
427 4089 444 4126 a
462 4072 573 4128 vocibus
594 4073 662 4143 bogo
674 4073 758 4139 milui,
778 4087 844 4139 ques
863 4072 1021 4138 frequenter
1038 4072 1067 4126 in
1086 4087 1132 4127 ore
1150 4071 1293 4138 habebant,
1313 4086 1437 4140 quaeque

310 4153 338 4208 in
357 4152 454 4222 lingna
472 4153 660 4222 Bulgarorum,
689 4153 761 4208 inter
778 4168 844 4219 quos
863 4152 978 4221 primum
998 4157 1212 4220 comparuerunt,
1240 4150 1441 4221 significabant.

312 4233 453 4300 „maerere
472 4233 569 4287 Deus.“
