2844 4840
312 436 454 491 Processns
473 442 567 490 contra
584 436 760 504 Templarios.
888 403 890 412 i
1086 442 1135 495 101

107 581 158 644 20.
195 578 423 644 Conventione
449 580 621 665 praedicta
646 582 731 644 inter
749 581 944 646 Pontificem
968 593 1001 646 et
1023 605 1134 667 regem

31 677 113 754 lacta,
153 675 303 741 Clemens
333 679 497 764 episcopis
530 689 563 741 et
594 678 845 764 inquisitoribus
876 679 1013 764 epistola
1045 681 1076 746 d.
1102 679 1134 746 d.

29 775 60 838 5⁰
79 774 157 838 Julii
186 798 214 841 a.
243 775 328 840 1308
362 775 534 854 concessit,
564 785 599 838 ut
630 775 877 862 indagationem
902 788 1016 843 contra
1038 779 1133 844 Tem·

28 872 135 956 plarios
157 881 376 952 resumerent,
401 871 464 936 sibi
482 894 559 936 vero
580 876 764 938 reservavit
787 895 927 938 examen
951 887 985 940 et
1007 887 1134 941 senten·
1193 891 1199 916 ⁹

27 970 93 1032 tiam
124 970 293 1035 serendam
332 969 373 1034 de
406 979 473 1034 toto
504 969 629 1036 Ordine
669 994 708 1035 ac
746 972 786 1036 de
816 971 951 1037 Ordinis
975 974 1133 1060 Magistro

25 1067 151 1152 aliisque
174 1069 312 1132 summis
336 1069 570 1153 praepositis.¹)
599 1069 709 1133 Variis
729 1072 764 1150 in
780 1069 988 1135 dioecesibus
1006 1070 1134 1136 Galliae

25 1181 92 1227 tunc
123 1165 165 1230 ab
196 1167 371 1253 episcopis,
404 1167 461 1252 qui
495 1164 557 1230 sibi
589 1167 815 1252 adjunxerunt
839 1167 922 1233 duos
946 1172 1132 1252 canonicos,

23 1261 94 1325 duos
119 1263 249 1328 Fratres
273 1264 521 1328 Praedicatores
553 1264 700 1350 duosque
732 1256 864 1329 Fratres
894 1267 1053 1349 Minores,
1087 1271 1133 1333 in·

21 1361 144 1444 quisitio
167 1363 202 1426 in
225 1361 432 1447 Templarios
457 1361 581 1443 habita,
605 1362 761 1448 idemque
785 1367 954 1449 negotium
979 1366 1012 1429 in
1037 1388 1132 1449 syno-

20 1457 62 1519 dis
80 1457 341 1543 provincialibus
358 1470 536 1524 tractatum
552 1471 608 1526 est.
642 1460 717 1546 Ipse
732 1460 889 1526 Pontifex
900 1463 1048 1527 Pictavis
1060 1465 1132 1549 jam

21 1559 217 1642 septuaginta
255 1558 338 1621 duos
361 1557 568 1641 Templarios
602 1581 621 1620 a
646 1557 802 1644 Philippo
841 1582 917 1644 rege
947 1583 984 1624 eo
1016 1563 1133 1626 missos

19 1653 193 1735 audiverat,
219 1665 251 1720 et
274 1677 332 1741 per
356 1666 421 1719 tres
447 1653 641 1720 Cardinales
665 1658 765 1720 etiam
789 1658 823 1720 in
848 1659 983 1721 civitate
1001 1657 1131 1724 Chinon

19 1755 194 1816 examinari
211 1754 334 1818 fecerat
351 1753 547 1838 Magistrum
563 1752 700 1819 Ordinis
724 1765 756 1818 et
772 1753 882 1840 plures
898 1757 1132 1842 Praeceptores

19 1851 158 1934 majores.
206 1851 251 1916 Hi
276 1873 390 1916 omnes
414 1852 556 1916 confessi
581 1863 657 1916 sunt
680 1853 795 1938 culpas
818 1876 904 1921 suas.
952 1854 1017 1920 Sed
1042 1877 1132 1940 prae·

16 1960 71 2009 stat
104 1951 208 2014 citare
244 1948 437 2014 relationem
473 1951 576 2034 ipsius
608 1949 797 2032 Clementis,
837 1954 885 2016 uti
921 1951 1063 2017 habetur
1098 1955 1131 2018 in

17 2041 251 2111 Constitutione
275 2049 409 2112 Faciem
433 2048 693 2126 misericordiam,
722 2071 787 2134 qua
812 2049 843 2115 d.
869 2051 900 2114 d.
924 2050 1041 2114 Idibus
1064 2050 1130 2117 Au·
1158 2057 1161 2064 '

13 2145 89 2224 gusti
113 2167 145 2208 a.
172 2145 258 2209 1308
282 2143 470 2209 ulteriorem
494 2147 740 2231 inquisitionem
765 2149 800 2211 in
824 2150 956 2232 negotio
973 2149 1124 2234 Templa-

12 2241 126 2304 riorum
153 2241 325 2326 disposuit.

95 2339 195 2418 ,Nos
219 2342 266 2404 ait
278 2341 443 2422 Pontifex,
468 2341 557 2406 illius
580 2343 675 2428 eujus
696 2344 788 2406 vices
811 2343 889 2408 licet
912 2346 1068 2408 immeriti
1092 2347 1127 2409 in
1147 2363 1285 2436 pontenano

12 2439 97 2500 terris
119 2439 269 2522 gerimus
293 2441 442 2524 vestigiis
480 2440 702 2523 inhaerentes,
742 2441 785 2506 ad
818 2443 1053 2528 inquirendum
1085 2444 1126 2507 de
1137 2423 1299 2531 lifssi'ffl

11 2535 184 2618 praedictis
214 2540 342 2602 ratione
366 2541 502 2624 praevia
527 2539 684 2603 duximus
708 2540 966 2624 procedendum,
996 2539 1127 2606 multos·

12 2655 66 2716 que
89 2633 133 2698 de
158 2637 440 2722 praeceptoribus,
465 2635 676 2722 presbyteris,
702 2637 863 2702 militibus
887 2651 920 2702 et
932 2639 1006 2704 aliis
1023 2639 1128 2704 fratri·

13 2727 64 2794 bus
88 2733 171 2796 dicti
190 2731 327 2798 Ordinis
350 2736 567 2820 reputationis
592 2757 658 2798 non
683 2735 833 2800 modicae
857 2737 890 2800 in
913 2747 1022 2802 nostra
1039 2759 1129 2822 prae·

11 2833 106 2894 sentia
141 2833 347 2914 constitutos,
379 2835 535 2918 praestito
560 2831 602 2896 ab
628 2833 668 2896 iis
686 2831 887 2918 juramento,
918 2835 1007 2920 quod
1030 2857 1129 2920 super

8 2931 195 3012 praemissis
210 2949 334 2994 meram
350 2941 382 2994 et
398 2930 532 3016 plenam
547 2929 643 2994 nobis
658 2931 807 2995 dicerent
822 2934 1006 3014 veritatem,
1030 2955 1129 3017 super

8 3027 183 3110 praedictis
208 3030 486 3113 interrogavimus
515 3040 548 3093 et
579 3031 845 3093 examinavimus
876 3051 979 3114 usque
1003 3030 1047 3094 ad
1070 3053 1127 3094 nu·

9 3145 129 3190 merum
166 3128 378 3211 septuaginta
416 3127 567 3208 duorum,
606 3126 717 3191 multis
754 3149 796 3190 ex
828 3127 985 3190 fratribus
1008 3130 1128 3191 nostris

8 3223 96 3286 nobis
128 3223 375 3306 assistentibus,
407 3224 648 3311 diligenterque
679 3247 791 3289 eorum
816 3225 1038 3288 confessiones
1070 3248 1129 3310 per

7 3321 154 3404 publicas
178 3343 298 3386 manus
323 3324 357 3386 in
380 3322 607 3387 authenticam
632 3324 829 3408 scripturam
853 3323 1014 3404 redactas,
1039 3323 1126 3388 illico

8 3419 173 3484 innostra
198 3431 231 3482 et
255 3419 417 3484 dictorum
442 3421 579 3484 fratrum
604 3422 801 3506 praesentia,
826 3442 866 3484 ac
886 3420 1007 3485 deinde
1030 3423 1128 3484 inter·

6 3521 105 3602 posito
131 3517 321 3604 aliquorum
353 3517 481 3582 dierum
506 3519 612 3602 spatio
642 3517 707 3602 legi
737 3518 876 3582 fecimus
900 3541 1011 3583 coram
1035 3521 1125 3605 ipsis,

6 3632 32 3677 er
53 3615 130 3680 illas
154 3618 190 3680 in
215 3637 273 3680 sno
298 3615 428 3700 vulgari
452 3615 589 3680 cuilibet
612 3637 724 3681 eorum
749 3618 881 3700 exponi,
906 3618 963 3702 qui
979 3639 1126 3702 perseve-

5 3727 110 3780 rantes
137 3716 173 3778 in
191 3712 266 3795 illis,
290 3737 346 3778 eas
360 3735 514 3800 expresse
531 3725 563 3778 et
578 3724 694 3799 sponte
711 3723 808 3799 prout
823 3717 980 3780 recitatae
996 3716 1126 3781 fuerant

8 3879 35 3884 -..
50 3877 220 3886 ...-.-..--

72 3975 94 4038 ¹)
115 3969 244 4040 Epistola
272 3969 418 4026 Clementis
448 3970 483 4023 ad
512 3969 674 4024 Gulielmum
693 3969 884 4037 Inquisitorem
912 3987 963 4038 qno
986 3971 1124 4039 suspensio

6 4053 113 4118 letatur,
145 4049 289 4105 invenitur
313 4067 356 4118 ap.
375 4049 515 4118 D'Achery
534 4050 659 4119 spicileg.
687 4051 716 4105 in
742 4051 828 4104 Gesta
848 4051 981 4104 (r'u-ileImi
1000 4051 1124 4118 dicioris

4 4132 375 4279 {ireTleIpllqirqggiptscopi
393 4132 604 4200 Arsdepoeeasis
623 4131 658 4184 ab
677 4132 794 4199 ipsomet
813 4131 911 4185 relata.
949 4131 1038 4198 Spicil
1059 4130 1124 4186 edit.
