<?xml version="1.0" encoding="UTF-8"?>
<!DOCTYPE html PUBLIC "-//W3C//DTD XHTML 1.0 Transitional//EN"
    "http://www.w3.org/TR/xhtml1/DTD/xhtml1-transitional.dtd">
<html xmlns="http://www.w3.org/1999/xhtml" xml:lang="en" lang="en">
 <head>
  <title>
</title>
<meta http-equiv="Content-Type" content="text/html;charset=utf-8" />
  <meta name='ocr-system' content='tesseract 3.04.00' />
  <meta name='ocr-capabilities' content='ocr_page ocr_carea ocr_par ocr_line ocrx_word'/>
</head>
<body>
  <div class='ocr_page' id='page_1' title='image "./dissertationess00junggoog_0552.png"; bbox 0 0 2832 4844; ppageno 0'>
   <div class='ocr_carea' id='block_1_1' title="bbox 411 484 1121 542">
    <p class='ocr_par' dir='ltr' id='par_1_1' title="bbox 411 484 1121 542">
     <span class='ocr_line' id='line_1_1' title="bbox 411 484 1121 542; baseline 0.003 -4"><span class='ocrx_word' id='word_1_1' title='bbox 411 485 497 540; x_wconf 84' lang='lat' dir='ltr'>Initia</span> <span class='ocrx_word' id='word_1_2' title='bbox 515 484 702 540; x_wconf 84' lang='lat' dir='ltr'>Pontificatus.</span> <span class='ocrx_word' id='word_1_3' title='bbox 1088 487 1121 542; x_wconf 78' lang='lat'>17</span> 
     </span>
    </p>
   </div>
   <div class='ocr_carea' id='block_1_2' title="bbox 7 619 1276 2578">
    <p class='ocr_par' dir='ltr' id='par_1_2' title="bbox 7 619 1120 813">
     <span class='ocr_line' id='line_1_2' title="bbox 7 619 1120 714; baseline 0.005 -25"><span class='ocrx_word' id='word_1_4' title='bbox 7 619 9 678; x_wconf 81' lang='lat' dir='ltr'>l</span> <span class='ocrx_word' id='word_1_5' title='bbox 37 625 118 691; x_wconf 76' lang='lat' dir='ltr'>adhoc</span> <span class='ocrx_word' id='word_1_6' title='bbox 146 629 307 712; x_wconf 83' lang='lat' dir='ltr'>sanguine</span> <span class='ocrx_word' id='word_1_7' title='bbox 343 649 515 714; x_wconf 87' lang='lat' dir='ltr'>aspersus,</span> <span class='ocrx_word' id='word_1_8' title='bbox 554 630 659 694; x_wconf 87' lang='lat' dir='ltr'>cranii</span> <span class='ocrx_word' id='word_1_9' title='bbox 690 628 845 694; x_wconf 74' lang='lat' dir='ltr'><strong>foramini</strong></span> <span class='ocrx_word' id='word_1_10' title='bbox 883 632 1038 697; x_wconf 89' lang='lat' dir='ltr'>inventus</span> <span class='ocrx_word' id='word_1_11' title='bbox 1070 640 1120 695; x_wconf 93' lang='lat' dir='ltr'>est</span> 
     </span>
     <span class='ocr_line' id='line_1_3' title="bbox 36 725 1119 813; baseline 0.005 -27"><span class='ocrx_word' id='word_1_12' title='bbox 36 725 187 810; x_wconf 71' lang='lat' dir='ltr'>adaptatam,</span> <span class='ocrx_word' id='word_1_13' title='bbox 218 739 252 790; x_wconf 89' lang='lat' dir='ltr'>et</span> <span class='ocrx_word' id='word_1_14' title='bbox 281 735 495 791; x_wconf 86' lang='lat' dir='ltr'>conservatus</span> <span class='ocrx_word' id='word_1_15' title='bbox 527 736 563 790; x_wconf 91' lang='lat' dir='ltr'>ut</span> <span class='ocrx_word' id='word_1_16' title='bbox 585 726 742 813; x_wconf 83' lang='lat' dir='ltr'>reliquia3</span> <span class='ocrx_word' id='word_1_17' title='bbox 775 728 841 790; x_wconf 90' lang='lat' dir='ltr'>imo</span> <span class='ocrx_word' id='word_1_18' title='bbox 865 728 900 790; x_wconf 93' lang='lat' dir='ltr'>in</span> <span class='ocrx_word' id='word_1_19' title='bbox 924 726 1064 793; x_wconf 88' lang='lat' dir='ltr'>ecclesia</span> <span class='ocrx_word' id='word_1_20' title='bbox 1094 750 1119 792; x_wconf 90' lang='lat' dir='ltr'>s.</span> 
     </span>
    </p>

    <p class='ocr_par' dir='ltr' id='par_1_3' title="bbox 37 821 1120 911">
     <span class='ocr_line' id='line_1_4' title="bbox 37 821 1120 911; baseline 0.005 -26"><span class='ocrx_word' id='word_1_21' title='bbox 37 823 131 888; x_wconf 84' lang='lat' dir='ltr'>llariae</span> <span class='ocrx_word' id='word_1_22' title='bbox 158 823 240 888; x_wconf 90' lang='lat' dir='ltr'>haec</span> <span class='ocrx_word' id='word_1_23' title='bbox 265 821 442 889; x_wconf 84' lang='lat' dir='ltr'>Coelestini</span> <span class='ocrx_word' id='word_1_24' title='bbox 475 845 562 889; x_wconf 89' lang='lat' dir='ltr'>mors</span> <span class='ocrx_word' id='word_1_25' title='bbox 592 827 723 910; x_wconf 87' lang='lat' dir='ltr'>pictura</span> <span class='ocrx_word' id='word_1_26' title='bbox 755 835 788 890; x_wconf 89' lang='lat' dir='ltr'>et</span> <span class='ocrx_word' id='word_1_27' title='bbox 820 827 1035 911; x_wconf 81' lang='lat' dir='ltr'>inscriptione</span> <span class='ocrx_word' id='word_1_28' title='bbox 1066 849 1120 890; x_wconf 85' lang='lat' dir='ltr'>ex-</span> 
     </span>
    </p>

    <p class='ocr_par' dir='ltr' id='par_1_4' title="bbox 35 922 1117 1011">
     <span class='ocr_line' id='line_1_5' title="bbox 35 922 1117 1011; baseline 0.006 -27"><span class='ocrx_word' id='word_1_29' title='bbox 35 943 119 1004; x_wconf 85' lang='lat' dir='ltr'>pressa</span> <span class='ocrx_word' id='word_1_30' title='bbox 143 922 205 986; x_wconf 88' lang='lat' dir='ltr'>fuit</span> <span class='ocrx_word' id='word_1_31' title='bbox 237 924 374 1010; x_wconf 88' lang='lat' dir='ltr'>ejusque</span> <span class='ocrx_word' id='word_1_32' title='bbox 405 923 617 1009; x_wconf 75' lang='lat' dir='ltr'><strong>sepulchrum</strong></span> <span class='ocrx_word' id='word_1_33' title='bbox 649 923 767 1010; x_wconf 85' lang='lat' dir='ltr'>palmis</span> <span class='ocrx_word' id='word_1_34' title='bbox 801 925 996 1011; x_wconf 82' lang='lat' dir='ltr'>ornatum.¹)</span> <span class='ocrx_word' id='word_1_35' title='bbox 1041 925 1117 990; x_wconf 84' lang='lat' dir='ltr'>Jam</span> 
     </span>
    </p>

    <p class='ocr_par' dir='ltr' id='par_1_5' title="bbox 34 1019 1119 1107">
     <span class='ocr_line' id='line_1_6' title="bbox 34 1019 1119 1107; baseline 0.007 -27"><span class='ocrx_word' id='word_1_36' title='bbox 34 1041 63 1081; x_wconf 80' lang='lat' dir='ltr'>ex</span> <span class='ocrx_word' id='word_1_37' title='bbox 81 1019 126 1084; x_wconf 94' lang='lat' dir='ltr'>illo</span> <span class='ocrx_word' id='word_1_38' title='bbox 147 1029 293 1106; x_wconf 85' lang='lat' dir='ltr'>tempore</span> <span class='ocrx_word' id='word_1_39' title='bbox 317 1021 442 1086; x_wconf 90' lang='lat' dir='ltr'>factum</span> <span class='ocrx_word' id='word_1_40' title='bbox 467 1043 538 1086; x_wconf 85' lang='lat' dir='ltr'>esse</span> <span class='ocrx_word' id='word_1_41' title='bbox 561 1021 705 1103; x_wconf 85' lang='lat' dir='ltr'>videtur,</span> <span class='ocrx_word' id='word_1_42' title='bbox 732 1032 766 1086; x_wconf 90' lang='lat' dir='ltr'>ut</span> <span class='ocrx_word' id='word_1_43' title='bbox 789 1023 934 1107; x_wconf 89' lang='lat' dir='ltr'>pessima</span> <span class='ocrx_word' id='word_1_44' title='bbox 957 1023 998 1088; x_wconf 89' lang='lat' dir='ltr'>de</span> <span class='ocrx_word' id='word_1_45' title='bbox 1021 1023 1119 1088; x_wconf 89' lang='lat' dir='ltr'>Boni·</span> 
     </span>
    </p>

    <p class='ocr_par' dir='ltr' id='par_1_6' title="bbox 32 1117 1118 1206">
     <span class='ocr_line' id='line_1_7' title="bbox 32 1117 1118 1206; baseline 0.006 -28"><span class='ocrx_word' id='word_1_46' title='bbox 32 1117 91 1181; x_wconf 88' lang='lat' dir='ltr'>latio</span> <span class='ocrx_word' id='word_1_47' title='bbox 120 1128 347 1200; x_wconf 72' lang='lat' dir='ltr'>narrarentur,</span> <span class='ocrx_word' id='word_1_48' title='bbox 388 1118 565 1206; x_wconf 88' lang='lat' dir='ltr'>multisque</span> <span class='ocrx_word' id='word_1_49' title='bbox 600 1122 671 1205; x_wconf 90' lang='lat' dir='ltr'>ipse</span> <span class='ocrx_word' id='word_1_50' title='bbox 711 1119 887 1186; x_wconf 87' lang='lat' dir='ltr'>calumniis</span> <span class='ocrx_word' id='word_1_51' title='bbox 922 1119 1118 1186; x_wconf 88' lang='lat' dir='ltr'>afficeretur.</span> 
     </span>
    </p>

    <p class='ocr_par' dir='ltr' id='par_1_7' title="bbox 29 1213 1118 1401">
     <span class='ocr_line' id='line_1_8' title="bbox 32 1213 1118 1303; baseline 0.004 -25"><span class='ocrx_word' id='word_1_52' title='bbox 32 1213 98 1279; x_wconf 86' lang='lat' dir='ltr'>Hinc</span> <span class='ocrx_word' id='word_1_53' title='bbox 117 1215 204 1280; x_wconf 90' lang='lat' dir='ltr'>locus</span> <span class='ocrx_word' id='word_1_54' title='bbox 230 1217 302 1301; x_wconf 90' lang='lat' dir='ltr'>jam</span> <span class='ocrx_word' id='word_1_55' title='bbox 326 1227 375 1282; x_wconf 88' lang='lat' dir='ltr'>est</span> <span class='ocrx_word' id='word_1_56' title='bbox 397 1218 602 1303; x_wconf 82' lang='lat' dir='ltr'>exponendi,</span> <span class='ocrx_word' id='word_1_57' title='bbox 635 1217 724 1283; x_wconf 89' lang='lat' dir='ltr'>unde</span> <span class='ocrx_word' id='word_1_58' title='bbox 752 1217 827 1282; x_wconf 86' lang='lat' dir='ltr'>telis</span> <span class='ocrx_word' id='word_1_59' title='bbox 856 1220 889 1282; x_wconf 93' lang='lat' dir='ltr'>in</span> <span class='ocrx_word' id='word_1_60' title='bbox 914 1218 1118 1284; x_wconf 79' lang='lat' dir='ltr'>Bonifatium</span> 
     </span>
     <span class='ocr_line' id='line_1_9' title="bbox 29 1312 729 1401; baseline 0.009 -27"><span class='ocrx_word' id='word_1_61' title='bbox 29 1312 189 1396; x_wconf 86' lang='lat' dir='ltr'>linguarum</span> <span class='ocrx_word' id='word_1_62' title='bbox 213 1317 399 1401; x_wconf 89' lang='lat' dir='ltr'>persecutio</span> <span class='ocrx_word' id='word_1_63' title='bbox 422 1316 621 1401; x_wconf 79' lang='lat' dir='ltr'>provenerit.</span> <span class='ocrx_word' id='word_1_64' title='bbox 727 1353 729 1361; x_wconf 66' lang='lat'>=</span> 
     </span>
    </p>

    <p class='ocr_par' dir='ltr' id='par_1_8' title="bbox 98 1413 1276 1500">
     <span class='ocr_line' id='line_1_10' title="bbox 98 1413 1276 1500; baseline 0.001 -23"><span class='ocrx_word' id='word_1_65' title='bbox 98 1415 142 1478; x_wconf 88' lang='lat'>18.</span> <span class='ocrx_word' id='word_1_66' title='bbox 188 1413 377 1478; x_wconf 74' lang='lat' dir='ltr'>Bonifatius</span> <span class='ocrx_word' id='word_1_67' title='bbox 407 1415 508 1499; x_wconf 84' lang='lat' dir='ltr'>igitur</span> <span class='ocrx_word' id='word_1_68' title='bbox 538 1413 615 1478; x_wconf 91' lang='lat' dir='ltr'>inde</span> <span class='ocrx_word' id='word_1_69' title='bbox 638 1413 681 1478; x_wconf 86' lang='lat' dir='ltr'>ab</span> <span class='ocrx_word' id='word_1_70' title='bbox 705 1414 799 1478; x_wconf 90' lang='lat' dir='ltr'>initio</span> <span class='ocrx_word' id='word_1_71' title='bbox 833 1415 1043 1500; x_wconf 90' lang='lat' dir='ltr'>pontificatus</span> <span class='ocrx_word' id='word_1_72' title='bbox 1067 1416 1118 1478; x_wconf 88' lang='lat' dir='ltr'>sui</span> <span class='ocrx_word' id='word_1_73' title='bbox 1143 1429 1276 1469; x_wconf 68' lang='lat' dir='ltr'>advesarii</span> 
     </span>
    </p>

    <p class='ocr_par' dir='ltr' id='par_1_9' title="bbox 27 1491 1266 1892">
     <span class='ocr_line' id='line_1_11' title="bbox 28 1491 1266 1598; baseline 0.006 -29"><span class='ocrx_word' id='word_1_74' title='bbox 28 1509 133 1575; x_wconf 86' lang='lat' dir='ltr'>turbam</span> <span class='ocrx_word' id='word_1_75' title='bbox 156 1532 312 1596; x_wconf 87' lang='lat' dir='ltr'>magnam</span> <span class='ocrx_word' id='word_1_76' title='bbox 345 1509 463 1576; x_wconf 83' lang='lat' dir='ltr'>habuit</span> <span class='ocrx_word' id='word_1_77' title='bbox 493 1511 768 1592; x_wconf 86' lang='lat' dir='ltr'>adversariorum,</span> <span class='ocrx_word' id='word_1_78' title='bbox 800 1514 856 1598; x_wconf 90' lang='lat' dir='ltr'>qui</span> <span class='ocrx_word' id='word_1_79' title='bbox 885 1513 947 1596; x_wconf 92' lang='lat' dir='ltr'>ipsi</span> <span class='ocrx_word' id='word_1_80' title='bbox 980 1512 1118 1577; x_wconf 88' lang='lat' dir='ltr'>infestis-</span> <span class='ocrx_word' id='word_1_81' title='bbox 1146 1491 1266 1531; x_wconf 60' lang='lat'>⁸⁰³¹¹⁸¹¹¹&#39;</span> 
     </span>
     <span class='ocr_line' id='line_1_12' title="bbox 27 1607 1118 1696; baseline 0.006 -28"><span class='ocrx_word' id='word_1_82' title='bbox 27 1607 83 1671; x_wconf 82' lang='lat' dir='ltr'>sini</span> <span class='ocrx_word' id='word_1_83' title='bbox 104 1620 204 1674; x_wconf 88' lang='lat' dir='ltr'>erant.</span> <span class='ocrx_word' id='word_1_84' title='bbox 239 1609 336 1674; x_wconf 82' lang='lat' dir='ltr'>Tales</span> <span class='ocrx_word' id='word_1_85' title='bbox 359 1610 494 1675; x_wconf 84' lang='lat' dir='ltr'>fuerunt</span> <span class='ocrx_word' id='word_1_86' title='bbox 509 1631 624 1675; x_wconf 88' lang='lat' dir='ltr'>omnes</span> <span class='ocrx_word' id='word_1_87' title='bbox 639 1610 696 1687; x_wconf 90' lang='lat' dir='ltr'>illi,</span> <span class='ocrx_word' id='word_1_88' title='bbox 721 1612 777 1695; x_wconf 89' lang='lat' dir='ltr'>qui</span> <span class='ocrx_word' id='word_1_89' title='bbox 800 1632 859 1696; x_wconf 86' lang='lat' dir='ltr'>par</span> <span class='ocrx_word' id='word_1_90' title='bbox 873 1610 1118 1676; x_wconf 76' lang='lat' dir='ltr'>abdicationem</span> 
     </span>
     <span class='ocr_line' id='line_1_13' title="bbox 28 1701 1118 1794; baseline 0.004 -26"><span class='ocrx_word' id='word_1_91' title='bbox 28 1701 188 1788; x_wconf 79' lang='lat' dir='ltr'>Caelestini,</span> <span class='ocrx_word' id='word_1_92' title='bbox 222 1729 282 1794; x_wconf 87' lang='lat' dir='ltr'>per</span> <span class='ocrx_word' id='word_1_93' title='bbox 307 1707 501 1773; x_wconf 84' lang='lat' dir='ltr'>electionem</span> <span class='ocrx_word' id='word_1_94' title='bbox 526 1708 696 1786; x_wconf 84' lang='lat' dir='ltr'>Bonifatii,</span> <span class='ocrx_word' id='word_1_95' title='bbox 729 1719 761 1772; x_wconf 88' lang='lat' dir='ltr'>et</span> <span class='ocrx_word' id='word_1_96' title='bbox 792 1731 850 1793; x_wconf 90' lang='lat' dir='ltr'>per</span> <span class='ocrx_word' id='word_1_97' title='bbox 873 1710 1118 1774; x_wconf 78' lang='lat' dir='ltr'>revocationem</span> 
     </span>
     <span class='ocr_line' id='line_1_14' title="bbox 28 1799 1120 1892; baseline 0.006 -27"><span class='ocrx_word' id='word_1_98' title='bbox 28 1799 282 1869; x_wconf 80' lang='lat' dir='ltr'>Constitutionum</span> <span class='ocrx_word' id='word_1_99' title='bbox 300 1805 478 1870; x_wconf 82' lang='lat' dir='ltr'>(loelestIni</span> <span class='ocrx_word' id='word_1_100' title='bbox 501 1806 650 1870; x_wconf 88' lang='lat' dir='ltr'>frustrati</span> <span class='ocrx_word' id='word_1_101' title='bbox 667 1800 744 1872; x_wconf 87' lang='lat' dir='ltr'>sunt</span> <span class='ocrx_word' id='word_1_102' title='bbox 758 1808 792 1870; x_wconf 91' lang='lat' dir='ltr'>in</span> <span class='ocrx_word' id='word_1_103' title='bbox 809 1829 870 1872; x_wconf 87' lang='lat' dir='ltr'>sua</span> <span class='ocrx_word' id='word_1_104' title='bbox 885 1829 953 1892; x_wconf 90' lang='lat' dir='ltr'>spe,</span> <span class='ocrx_word' id='word_1_105' title='bbox 978 1819 1011 1870; x_wconf 89' lang='lat' dir='ltr'>et</span> <span class='ocrx_word' id='word_1_106' title='bbox 1034 1827 1120 1872; x_wconf 89' lang='lat' dir='ltr'>ccm-</span> 
     </span>
    </p>

    <p class='ocr_par' dir='ltr' id='par_1_10' title="bbox 27 1901 1119 1990">
     <span class='ocr_line' id='line_1_15' title="bbox 27 1901 1119 1990; baseline 0.005 -28"><span class='ocrx_word' id='word_1_107' title='bbox 27 1901 109 1966; x_wconf 88' lang='lat' dir='ltr'>nodis</span> <span class='ocrx_word' id='word_1_108' title='bbox 140 1905 243 1967; x_wconf 83' lang='lat' dir='ltr'>variis</span> <span class='ocrx_word' id='word_1_109' title='bbox 266 1904 400 1988; x_wconf 87' lang='lat' dir='ltr'>privati.</span> <span class='ocrx_word' id='word_1_110' title='bbox 447 1904 501 1968; x_wconf 80' lang='lat' dir='ltr'>Ex</span> <span class='ocrx_word' id='word_1_111' title='bbox 526 1903 578 1968; x_wconf 93' lang='lat' dir='ltr'>his</span> <span class='ocrx_word' id='word_1_112' title='bbox 601 1905 703 1990; x_wconf 89' lang='lat' dir='ltr'>igitur</span> <span class='ocrx_word' id='word_1_113' title='bbox 726 1903 859 1968; x_wconf 87' lang='lat' dir='ltr'>fuerunt</span> <span class='ocrx_word' id='word_1_114' title='bbox 891 1904 985 1970; x_wconf 89' lang='lat' dir='ltr'>multi</span> <span class='ocrx_word' id='word_1_115' title='bbox 1016 1907 1119 1970; x_wconf 85' lang='lat' dir='ltr'>curia·</span> 
     </span>
    </p>

    <p class='ocr_par' dir='ltr' id='par_1_11' title="bbox 23 1995 1119 2088">
     <span class='ocr_line' id='line_1_16' title="bbox 23 1995 1119 2088; baseline 0.003 -27"><span class='ocrx_word' id='word_1_116' title='bbox 23 1995 64 2064; x_wconf 77' lang='lat' dir='ltr'>les</span> <span class='ocrx_word' id='word_1_117' title='bbox 90 2005 142 2087; x_wconf 90' lang='lat' dir='ltr'>qni</span> <span class='ocrx_word' id='word_1_118' title='bbox 169 2002 350 2067; x_wconf 84' lang='lat' dir='ltr'>Caelestini</span> <span class='ocrx_word' id='word_1_119' title='bbox 381 2002 594 2088; x_wconf 80' lang='lat' dir='ltr'>simplicitate</span> <span class='ocrx_word' id='word_1_120' title='bbox 627 2002 800 2067; x_wconf 74' lang='lat' dir='ltr'>abutentes</span> <span class='ocrx_word' id='word_1_121' title='bbox 828 2001 988 2067; x_wconf 84' lang='lat' dir='ltr'>beneficia</span> <span class='ocrx_word' id='word_1_122' title='bbox 1018 2001 1119 2066; x_wconf 87' lang='lat' dir='ltr'>scels-</span> 
     </span>
    </p>

    <p class='ocr_par' dir='ltr' id='par_1_12' title="bbox 23 2099 1120 2187">
     <span class='ocr_line' id='line_1_17' title="bbox 23 2099 1120 2187; baseline 0.004 -29"><span class='ocrx_word' id='word_1_123' title='bbox 23 2099 131 2163; x_wconf 85' lang='lat' dir='ltr'>siastiea</span> <span class='ocrx_word' id='word_1_124' title='bbox 154 2103 403 2187; x_wconf 87' lang='lat' dir='ltr'>acquisiverant</span> <span class='ocrx_word' id='word_1_125' title='bbox 419 2111 451 2165; x_wconf 92' lang='lat' dir='ltr'>et</span> <span class='ocrx_word' id='word_1_126' title='bbox 467 2100 718 2182; x_wconf 83' lang='lat' dir='ltr'>distribuerant,</span> <span class='ocrx_word' id='word_1_127' title='bbox 744 2123 763 2164; x_wconf 91' lang='lat' dir='ltr'>a</span> <span class='ocrx_word' id='word_1_128' title='bbox 787 2099 953 2166; x_wconf 82' lang='lat' dir='ltr'>Bonifatio</span> <span class='ocrx_word' id='word_1_129' title='bbox 978 2121 1056 2164; x_wconf 90' lang='lat' dir='ltr'>vero</span> <span class='ocrx_word' id='word_1_130' title='bbox 1072 2121 1120 2162; x_wconf 89' lang='lat' dir='ltr'>re-</span> 
     </span>
    </p>

    <p class='ocr_par' dir='ltr' id='par_1_13' title="bbox 21 2195 1119 2382">
     <span class='ocr_line' id='line_1_18' title="bbox 21 2195 1118 2282; baseline -0.002 -21"><span class='ocrx_word' id='word_1_131' title='bbox 21 2200 101 2278; x_wconf 78' lang='lat' dir='ltr'>pressi</span> <span class='ocrx_word' id='word_1_132' title='bbox 124 2211 211 2262; x_wconf 88' lang='lat' dir='ltr'>sunt.</span> <span class='ocrx_word' id='word_1_133' title='bbox 252 2200 342 2262; x_wconf 89' lang='lat' dir='ltr'>Dein</span> <span class='ocrx_word' id='word_1_134' title='bbox 365 2201 547 2282; x_wconf 87' lang='lat' dir='ltr'>aegerrime</span> <span class='ocrx_word' id='word_1_135' title='bbox 571 2198 648 2264; x_wconf 88' lang='lat' dir='ltr'>tulit</span> <span class='ocrx_word' id='word_1_136' title='bbox 670 2197 916 2264; x_wconf 87' lang='lat' dir='ltr'>abdicationem</span> <span class='ocrx_word' id='word_1_137' title='bbox 941 2195 1118 2262; x_wconf 83' lang='lat' dir='ltr'>Caelestini</span> 
     </span>
     <span class='ocr_line' id='line_1_19' title="bbox 22 2293 1119 2382; baseline 0.003 -27"><span class='ocrx_word' id='word_1_138' title='bbox 22 2297 221 2380; x_wconf 79' lang='lat' dir='ltr'>t&#39;cngregatio</span> <span class='ocrx_word' id='word_1_139' title='bbox 245 2297 359 2382; x_wconf 80' lang='lat' dir='ltr'>ipsius,</span> <span class='ocrx_word' id='word_1_140' title='bbox 383 2318 523 2382; x_wconf 90' lang='lat' dir='ltr'>quorum</span> <span class='ocrx_word' id='word_1_141' title='bbox 542 2296 690 2362; x_wconf 90' lang='lat' dir='ltr'>membra</span> <span class='ocrx_word' id='word_1_142' title='bbox 712 2297 926 2360; x_wconf 88' lang='lat' dir='ltr'>nominantur</span> <span class='ocrx_word' id='word_1_143' title='bbox 949 2319 968 2359; x_wconf 87' lang='lat' dir='ltr'>a</span> <span class='ocrx_word' id='word_1_144' title='bbox 992 2293 1119 2360; x_wconf 86' lang='lat' dir='ltr'>Jacobo</span> 
     </span>
    </p>

    <p class='ocr_par' dir='ltr' id='par_1_14' title="bbox 19 2391 1120 2478">
     <span class='ocr_line' id='line_1_20' title="bbox 19 2391 1120 2478; baseline 0 -24"><span class='ocrx_word' id='word_1_145' title='bbox 19 2391 97 2458; x_wconf 78' lang='lat' dir='ltr'>fard.</span> <span class='ocrx_word' id='word_1_146' title='bbox 111 2393 353 2478; x_wconf 83' lang='lat' dir='ltr'>Stephansschi</span> <span class='ocrx_word' id='word_1_147' title='bbox 370 2393 608 2459; x_wconf 89' lang='lat' dir='ltr'>monachorum</span> <span class='ocrx_word' id='word_1_148' title='bbox 631 2394 798 2458; x_wconf 76' lang='lat' dir='ltr'>conculta</span> <span class='ocrx_word' id='word_1_149' title='bbox 820 2395 901 2458; x_wconf 85' lang='lat' dir='ltr'>sutis</span> <span class='ocrx_word' id='word_1_150' title='bbox 924 2393 979 2457; x_wconf 81' lang='lat' dir='ltr'>sed</span> <span class='ocrx_word' id='word_1_151' title='bbox 998 2394 1120 2456; x_wconf 82' lang='lat' dir='ltr'>rustica</span> 
     </span>
    </p>

    <p class='ocr_par' dir='ltr' id='par_1_15' title="bbox 18 2489 1118 2578">
     <span class='ocr_line' id='line_1_21' title="bbox 18 2489 1118 2578; baseline 0.005 -30"><span class='ocrx_word' id='word_1_152' title='bbox 18 2489 105 2553; x_wconf 73' lang='lat' dir='ltr'>tirio:</span> <span class='ocrx_word' id='word_1_153' title='bbox 128 2491 231 2578; x_wconf 86' lang='lat' dir='ltr'>hique</span> <span class='ocrx_word' id='word_1_154' title='bbox 261 2492 414 2556; x_wconf 86' lang='lat' dir='ltr'>monachi</span> <span class='ocrx_word' id='word_1_155' title='bbox 440 2503 527 2575; x_wconf 85' lang='lat' dir='ltr'>parte</span> <span class='ocrx_word' id='word_1_156' title='bbox 551 2491 717 2558; x_wconf 86' lang='lat' dir='ltr'>Bonifatio</span> <span class='ocrx_word' id='word_1_157' title='bbox 744 2491 957 2556; x_wconf 87' lang='lat' dir='ltr'>vehementer</span> <span class='ocrx_word' id='word_1_158' title='bbox 980 2512 1118 2556; x_wconf 90' lang='lat' dir='ltr'>succen-</span> 
     </span>
    </p>
   </div>
   <div class='ocr_carea' id='block_1_3' title="bbox 23 2689 211 2700">
    <p class='ocr_par' dir='ltr' id='par_1_16' title="bbox 23 2689 211 2700">
     <span class='ocr_line' id='line_1_22' title="bbox 23 2689 211 2700; baseline 0 -1"><span class='ocrx_word' id='word_1_159' title='bbox 23 2689 211 2700; x_wconf 76' lang='lat'>---—.....-</span> 
     </span>
    </p>
   </div>
   <div class='ocr_carea' id='block_1_4' title="bbox 8 2810 1120 4324">
    <p class='ocr_par' dir='ltr' id='par_1_17' title="bbox 8 2810 1120 4324">
     <span class='ocr_line' id='line_1_23' title="bbox 75 2810 1117 2880; baseline -0.002 -14"><span class='ocrx_word' id='word_1_160' title='bbox 75 2813 91 2879; x_wconf 82' lang='lat'>¹)</span> <span class='ocrx_word' id='word_1_161' title='bbox 109 2813 180 2868; x_wconf 87' lang='lat' dir='ltr'>Vide</span> <span class='ocrx_word' id='word_1_162' title='bbox 192 2813 270 2866; x_wconf 86' lang='lat' dir='ltr'>Tosti</span> <span class='ocrx_word' id='word_1_163' title='bbox 288 2811 319 2866; x_wconf 84' lang='grc' dir='ltr'>Τ.</span> <span class='ocrx_word' id='word_1_164' title='bbox 332 2812 354 2867; x_wconf 93' lang='grc' dir='ltr'>Ι.</span> <span class='ocrx_word' id='word_1_165' title='bbox 369 2825 394 2880; x_wconf 85' lang='lat' dir='ltr'>p.</span> <span class='ocrx_word' id='word_1_166' title='bbox 410 2812 469 2866; x_wconf 89' lang='lat'>111.</span> <span class='ocrx_word' id='word_1_167' title='bbox 489 2841 523 2852; x_wconf 91' lang='lat'><em>-</em></span> <span class='ocrx_word' id='word_1_168' title='bbox 543 2811 647 2866; x_wconf 84' lang='lat' dir='ltr'>Duram</span> <span class='ocrx_word' id='word_1_169' title='bbox 666 2811 750 2868; x_wconf 86' lang='lat' dir='ltr'>fnisse</span> <span class='ocrx_word' id='word_1_170' title='bbox 768 2811 952 2866; x_wconf 77' lang='lat' dir='ltr'>detentionem</span> <span class='ocrx_word' id='word_1_171' title='bbox 971 2810 1117 2866; x_wconf 84' lang='lat' dir='ltr'>Caelestini</span> 
     </span>
     <span class='ocr_line' id='line_1_24' title="bbox 17 2889 1118 2961; baseline 0.004 -19"><span class='ocrx_word' id='word_1_172' title='bbox 17 2893 83 2946; x_wconf 75' lang='lat' dir='ltr'>edan</span> <span class='ocrx_word' id='word_1_173' title='bbox 100 2893 277 2961; x_wconf 81' lang='lat' dir='ltr'>mnqnsritur</span> <span class='ocrx_word' id='word_1_174' title='bbox 293 2892 393 2947; x_wconf 86' lang='lat' dir='ltr'>Petrus</span> <span class='ocrx_word' id='word_1_175' title='bbox 411 2891 490 2948; x_wconf 80' lang='lat' dir='ltr'>eard.</span> <span class='ocrx_word' id='word_1_176' title='bbox 509 2892 542 2946; x_wconf 91' lang='lat' dir='ltr'>de</span> <span class='ocrx_word' id='word_1_177' title='bbox 560 2891 673 2948; x_wconf 77' lang='lat' dir='ltr'>rilliaco.</span> <span class='ocrx_word' id='word_1_178' title='bbox 711 2895 850 2956; x_wconf 81' lang='lat' dir='ltr'>Attamen,</span> <span class='ocrx_word' id='word_1_179' title='bbox 875 2891 918 2946; x_wconf 90' lang='lat' dir='ltr'>uti</span> <span class='ocrx_word' id='word_1_180' title='bbox 936 2891 1059 2958; x_wconf 85' lang='lat' dir='ltr'>superius</span> <span class='ocrx_word' id='word_1_181' title='bbox 1079 2889 1118 2945; x_wconf 84' lang='lat' dir='ltr'>ri·</span> 
     </span>
     <span class='ocr_line' id='line_1_25' title="bbox 16 2971 1120 3046; baseline -0.002 -20"><span class='ocrx_word' id='word_1_182' title='bbox 16 2971 91 3030; x_wconf 79' lang='lat' dir='ltr'>dnus</span> <span class='ocrx_word' id='word_1_183' title='bbox 109 2976 169 3043; x_wconf 87' lang='lat' dir='ltr'>ipse</span> <span class='ocrx_word' id='word_1_184' title='bbox 187 2973 291 3038; x_wconf 84' lang='lat' dir='ltr'>scribit,</span> <span class='ocrx_word' id='word_1_185' title='bbox 309 2972 406 3028; x_wconf 84' lang='lat' dir='ltr'>cellam</span> <span class='ocrx_word' id='word_1_186' title='bbox 424 2972 526 3028; x_wconf 76' lang='lat' dir='ltr'>sacam</span> <span class='ocrx_word' id='word_1_187' title='bbox 537 2971 630 3046; x_wconf 79' lang='lat' dir='ltr'>fnisse,</span> <span class='ocrx_word' id='word_1_188' title='bbox 650 2977 764 3041; x_wconf 84' lang='lat' dir='ltr'>optante</span> <span class='ocrx_word' id='word_1_189' title='bbox 776 2971 935 3036; x_wconf 85' lang='lat' dir='ltr'>Caelestino,</span> <span class='ocrx_word' id='word_1_190' title='bbox 953 2971 988 3026; x_wconf 85' lang='lat' dir='ltr'>ad</span> <span class='ocrx_word' id='word_1_191' title='bbox 1006 2971 1120 3026; x_wconf 82' lang='lat' dir='ltr'>formam</span> 
     </span>
     <span class='ocr_line' id='line_1_26' title="bbox 16 3050 1118 3124; baseline -0.003 -18"><span class='ocrx_word' id='word_1_192' title='bbox 16 3051 59 3115; x_wconf 76' lang='lat' dir='ltr'>rios</span> <span class='ocrx_word' id='word_1_193' title='bbox 75 3071 153 3120; x_wconf 87' lang='lat' dir='ltr'>qnam</span> <span class='ocrx_word' id='word_1_194' title='bbox 170 3055 300 3110; x_wconf 83' lang='lat' dir='ltr'>ldurrcne</span> <span class='ocrx_word' id='word_1_195' title='bbox 318 3053 457 3108; x_wconf 87' lang='lat' dir='ltr'>habuerat.</span> <span class='ocrx_word' id='word_1_196' title='bbox 497 3052 577 3107; x_wconf 90' lang='lat' dir='ltr'>Haud</span> <span class='ocrx_word' id='word_1_197' title='bbox 604 3053 703 3107; x_wconf 90' lang='lat' dir='ltr'>mirum</span> <span class='ocrx_word' id='word_1_198' title='bbox 727 3052 885 3124; x_wconf 85' lang='lat' dir='ltr'>igiturest,</span> <span class='ocrx_word' id='word_1_199' title='bbox 910 3054 933 3107; x_wconf 91' lang='lat' dir='ltr'>si</span> <span class='ocrx_word' id='word_1_200' title='bbox 953 3053 1006 3108; x_wconf 87' lang='lat' dir='ltr'>viri</span> <span class='ocrx_word' id='word_1_201' title='bbox 1030 3050 1118 3108; x_wconf 85' lang='lat' dir='ltr'>severi</span> 
     </span>
     <span class='ocr_line' id='line_1_27' title="bbox 15 3131 1118 3202; baseline 0.006 -20"><span class='ocrx_word' id='word_1_202' title='bbox 15 3131 68 3184; x_wconf 74' lang='lat' dir='ltr'>nlla</span> <span class='ocrx_word' id='word_1_203' title='bbox 84 3133 137 3188; x_wconf 89' lang='lat' dir='ltr'>fnit</span> <span class='ocrx_word' id='word_1_204' title='bbox 149 3133 232 3187; x_wconf 82' lang='lat' dir='ltr'>valde</span> <span class='ocrx_word' id='word_1_205' title='bbox 249 3133 422 3198; x_wconf 87' lang='lat' dir='ltr'>incommoda,</span> <span class='ocrx_word' id='word_1_206' title='bbox 442 3150 490 3188; x_wconf 88' lang='lat' dir='ltr'>nec</span> <span class='ocrx_word' id='word_1_207' title='bbox 508 3132 589 3202; x_wconf 83' lang='lat' dir='ltr'>argui</span> <span class='ocrx_word' id='word_1_208' title='bbox 609 3138 700 3201; x_wconf 87' lang='lat' dir='ltr'>posset</span> <span class='ocrx_word' id='word_1_209' title='bbox 718 3131 873 3186; x_wconf 83' lang='lat' dir='ltr'>Bonifatius</span> <span class='ocrx_word' id='word_1_210' title='bbox 891 3133 967 3198; x_wconf 86' lang='lat' dir='ltr'>VIII,</span> <span class='ocrx_word' id='word_1_211' title='bbox 992 3133 1076 3188; x_wconf 87' lang='lat' dir='ltr'>etiarn</span> <span class='ocrx_word' id='word_1_212' title='bbox 1094 3134 1118 3189; x_wconf 93' lang='lat' dir='ltr'>si</span> 
     </span>
     <span class='ocr_line' id='line_1_28' title="bbox 15 3213 1119 3280; baseline 0.004 -16"><span class='ocrx_word' id='word_1_213' title='bbox 15 3227 66 3266; x_wconf 75' lang='lat' dir='ltr'>sera</span> <span class='ocrx_word' id='word_1_214' title='bbox 81 3221 171 3270; x_wconf 85' lang='lat' dir='ltr'>essent</span> <span class='ocrx_word' id='word_1_215' title='bbox 189 3215 240 3270; x_wconf 86' lang='lat' dir='ltr'>illa</span> <span class='ocrx_word' id='word_1_216' title='bbox 257 3213 332 3269; x_wconf 91' lang='lat' dir='ltr'>Petri</span> <span class='ocrx_word' id='word_1_217' title='bbox 352 3214 385 3267; x_wconf 88' lang='lat' dir='ltr'>de</span> <span class='ocrx_word' id='word_1_218' title='bbox 403 3213 520 3269; x_wconf 86' lang='lat' dir='ltr'>Alliaco:</span> <span class='ocrx_word' id='word_1_219' title='bbox 553 3213 667 3280; x_wconf 77' lang='lat' dir='ltr'>„Ilissos</span> <span class='ocrx_word' id='word_1_220' title='bbox 686 3218 728 3268; x_wconf 87' lang='lat' dir='ltr'>est</span> <span class='ocrx_word' id='word_1_221' title='bbox 746 3213 780 3268; x_wconf 88' lang='lat' dir='ltr'>ad</span> <span class='ocrx_word' id='word_1_222' title='bbox 799 3219 917 3268; x_wconf 86' lang='lat' dir='ltr'>castrum</span> <span class='ocrx_word' id='word_1_223' title='bbox 935 3213 1062 3268; x_wconf 84' lang='lat' dir='ltr'>Fumonis</span> <span class='ocrx_word' id='word_1_224' title='bbox 1090 3225 1119 3269; x_wconf 83' lang='lat' dir='ltr'>et</span> 
     </span>
     <span class='ocr_line' id='line_1_29' title="bbox 15 3291 1117 3363; baseline 0 -15"><span class='ocrx_word' id='word_1_225' title='bbox 15 3291 160 3351; x_wconf 76' lang='lat' dir='ltr'>lenissimae</span> <span class='ocrx_word' id='word_1_226' title='bbox 178 3295 252 3350; x_wconf 86' lang='lat' dir='ltr'>turri</span> <span class='ocrx_word' id='word_1_227' title='bbox 270 3293 404 3360; x_wconf 64' lang='lat' dir='ltr'>inclusum</span> <span class='ocrx_word' id='word_1_228' title='bbox 429 3299 458 3348; x_wconf 88' lang='lat' dir='ltr'>st</span> <span class='ocrx_word' id='word_1_229' title='bbox 481 3293 612 3348; x_wconf 81' lang='lat' dir='ltr'>adhibitis</span> <span class='ocrx_word' id='word_1_230' title='bbox 636 3309 684 3348; x_wconf 83' lang='lat' dir='ltr'>sex</span> <span class='ocrx_word' id='word_1_231' title='bbox 706 3293 840 3348; x_wconf 86' lang='lat' dir='ltr'>militibus</span> <span class='ocrx_word' id='word_1_232' title='bbox 865 3301 893 3347; x_wconf 88' lang='lat' dir='ltr'>et</span> <span class='ocrx_word' id='word_1_233' title='bbox 912 3293 974 3348; x_wconf 86' lang='lat' dir='ltr'>aliis</span> <span class='ocrx_word' id='word_1_234' title='bbox 998 3294 1117 3363; x_wconf 79' lang='lat' dir='ltr'>triginta</span> 
     </span>
     <span class='ocr_line' id='line_1_30' title="bbox 10 3372 1118 3444; baseline 0.004 -20"><span class='ocrx_word' id='word_1_235' title='bbox 10 3375 161 3432; x_wconf 70' lang='lat' dir='ltr'>simililiter</span> <span class='ocrx_word' id='word_1_236' title='bbox 180 3375 294 3444; x_wconf 78' lang='lat' dir='ltr'>attejas</span> <span class='ocrx_word' id='word_1_237' title='bbox 312 3374 461 3430; x_wconf 82' lang='lat' dir='ltr'>mstodiam</span> <span class='ocrx_word' id='word_1_238' title='bbox 485 3373 530 3430; x_wconf 88' lang='lat' dir='ltr'>die</span> <span class='ocrx_word' id='word_1_239' title='bbox 547 3379 682 3440; x_wconf 87' lang='lat' dir='ltr'>noctuque</span> <span class='ocrx_word' id='word_1_240' title='bbox 700 3372 742 3426; x_wconf 85' lang='lat' dir='ltr'>ita</span> <span class='ocrx_word' id='word_1_241' title='bbox 760 3373 905 3428; x_wconf 71' lang='lat' dir='ltr'>mactatur</span> <span class='ocrx_word' id='word_1_242' title='bbox 929 3380 1059 3440; x_wconf 84' lang='lat' dir='ltr'>arctatus,</span> <span class='ocrx_word' id='word_1_243' title='bbox 1086 3383 1118 3429; x_wconf 90' lang='lat' dir='ltr'>ot</span> 
     </span>
     <span class='ocr_line' id='line_1_31' title="bbox 13 3453 1118 3524; baseline 0.005 -20"><span class='ocrx_word' id='word_1_244' title='bbox 13 3455 65 3508; x_wconf 83' lang='lat' dir='ltr'>nolti</span> <span class='ocrx_word' id='word_1_245' title='bbox 81 3455 221 3514; x_wconf 84' lang='lat' dir='ltr'>hominnm</span> <span class='ocrx_word' id='word_1_246' title='bbox 244 3455 279 3510; x_wconf 88' lang='lat' dir='ltr'>ad</span> <span class='ocrx_word' id='word_1_247' title='bbox 297 3471 357 3510; x_wconf 85' lang='lat' dir='ltr'>enm</span> <span class='ocrx_word' id='word_1_248' title='bbox 374 3461 470 3524; x_wconf 88' lang='lat' dir='ltr'>patere</span> <span class='ocrx_word' id='word_1_249' title='bbox 486 3457 578 3523; x_wconf 88' lang='lat' dir='ltr'>posset</span> <span class='ocrx_word' id='word_1_250' title='bbox 596 3469 726 3510; x_wconf 73' lang='lat' dir='ltr'>sccoesus.</span> <span class='ocrx_word' id='word_1_251' title='bbox 771 3453 859 3508; x_wconf 88' lang='lat' dir='ltr'>Petiit</span> <span class='ocrx_word' id='word_1_252' title='bbox 886 3460 984 3512; x_wconf 87' lang='lat' dir='ltr'>autem.</span> <span class='ocrx_word' id='word_1_253' title='bbox 1010 3463 1042 3510; x_wconf 86' lang='lat' dir='ltr'>ut</span> <span class='ocrx_word' id='word_1_254' title='bbox 1066 3455 1118 3510; x_wconf 90' lang='lat' dir='ltr'>duo</span> 
     </span>
     <span class='ocr_line' id='line_1_32' title="bbox 12 3531 1117 3603; baseline 0.005 -21"><span class='ocrx_word' id='word_1_255' title='bbox 12 3531 50 3588; x_wconf 81' lang='lat' dir='ltr'>sibi</span> <span class='ocrx_word' id='word_1_256' title='bbox 67 3536 198 3592; x_wconf 88' lang='lat' dir='ltr'>darentur</span> <span class='ocrx_word' id='word_1_257' title='bbox 216 3535 323 3602; x_wconf 85' lang='lat' dir='ltr'>fratres,</span> <span class='ocrx_word' id='word_1_258' title='bbox 342 3551 403 3589; x_wconf 90' lang='lat' dir='ltr'>cum</span> <span class='ocrx_word' id='word_1_259' title='bbox 421 3532 517 3602; x_wconf 87' lang='lat' dir='ltr'>quibus</span> <span class='ocrx_word' id='word_1_260' title='bbox 535 3533 658 3588; x_wconf 79' lang='lat' dir='ltr'>divinum</span> <span class='ocrx_word' id='word_1_261' title='bbox 676 3540 774 3603; x_wconf 82' lang='lat' dir='ltr'>ageret</span> <span class='ocrx_word' id='word_1_262' title='bbox 792 3533 922 3602; x_wconf 67' lang='lat' dir='ltr'>officium</span> <span class='ocrx_word' id='word_1_263' title='bbox 949 3535 995 3600; x_wconf 87' lang='lat' dir='ltr'>qui</span> <span class='ocrx_word' id='word_1_264' title='bbox 1014 3533 1038 3589; x_wconf 88' lang='lat' dir='ltr'>ei</span> <span class='ocrx_word' id='word_1_265' title='bbox 1058 3551 1117 3588; x_wconf 91' lang='lat' dir='ltr'>con·</span> 
     </span>
     <span class='ocr_line' id='line_1_33' title="bbox 12 3613 1118 3683; baseline 0.002 -17"><span class='ocrx_word' id='word_1_266' title='bbox 12 3616 64 3668; x_wconf 71' lang='lat' dir='ltr'>cesi</span> <span class='ocrx_word' id='word_1_267' title='bbox 81 3617 152 3672; x_wconf 89' lang='lat' dir='ltr'>illius</span> <span class='ocrx_word' id='word_1_268' title='bbox 172 3614 292 3671; x_wconf 84' lang='lat' dir='ltr'>carceris</span> <span class='ocrx_word' id='word_1_269' title='bbox 305 3613 461 3683; x_wconf 76' lang='lat' dir='ltr'>angustiam</span> <span class='ocrx_word' id='word_1_270' title='bbox 481 3613 527 3667; x_wconf 89' lang='lat' dir='ltr'>diu</span> <span class='ocrx_word' id='word_1_271' title='bbox 546 3613 617 3668; x_wconf 86' lang='lat' dir='ltr'>ferre</span> <span class='ocrx_word' id='word_1_272' title='bbox 636 3628 690 3667; x_wconf 89' lang='lat' dir='ltr'>non</span> <span class='ocrx_word' id='word_1_273' title='bbox 708 3613 840 3679; x_wconf 85' lang='lat' dir='ltr'>valentes,</span> <span class='ocrx_word' id='word_1_274' title='bbox 859 3613 921 3668; x_wconf 88' lang='lat' dir='ltr'>Inde</span> <span class='ocrx_word' id='word_1_275' title='bbox 940 3613 1118 3668; x_wconf 82' lang='lat' dir='ltr'>extraheban-</span> 
     </span>
     <span class='ocr_line' id='line_1_34' title="bbox 12 3693 1119 3760; baseline 0.004 -16"><span class='ocrx_word' id='word_1_276' title='bbox 12 3699 46 3744; x_wconf 87' lang='lat' dir='ltr'>trr</span> <span class='ocrx_word' id='word_1_277' title='bbox 61 3695 166 3751; x_wconf 76' lang='lat' dir='ltr'>infirmi</span> <span class='ocrx_word' id='word_1_278' title='bbox 206 3695 277 3749; x_wconf 77' lang='lat' dir='ltr'>Erat</span> <span class='ocrx_word' id='word_1_279' title='bbox 293 3695 365 3750; x_wconf 83' lang='lat' dir='ltr'>enlm</span> <span class='ocrx_word' id='word_1_280' title='bbox 384 3700 464 3748; x_wconf 88' lang='lat' dir='ltr'>tenta</span> <span class='ocrx_word' id='word_1_281' title='bbox 483 3693 567 3750; x_wconf 87' lang='lat' dir='ltr'>turris</span> <span class='ocrx_word' id='word_1_282' title='bbox 586 3694 713 3760; x_wconf 83' lang='lat' dir='ltr'>arctatis,</span> <span class='ocrx_word' id='word_1_283' title='bbox 732 3699 765 3748; x_wconf 85' lang='lat' dir='ltr'>nt</span> <span class='ocrx_word' id='word_1_284' title='bbox 783 3695 827 3748; x_wconf 85' lang='lat' dir='ltr'>vir</span> <span class='ocrx_word' id='word_1_285' title='bbox 844 3702 954 3748; x_wconf 81' lang='lat' dir='ltr'>sanctm</span> <span class='ocrx_word' id='word_1_286' title='bbox 973 3695 1018 3750; x_wconf 88' lang='lat' dir='ltr'>nbi</span> <span class='ocrx_word' id='word_1_287' title='bbox 1037 3694 1119 3748; x_wconf 88' lang='lat' dir='ltr'>habs·</span> 
     </span>
     <span class='ocr_line' id='line_1_35' title="bbox 11 3769 1117 3852; baseline 0.004 -26"><span class='ocrx_word' id='word_1_288' title='bbox 11 3769 45 3826; x_wconf 78' lang='lat' dir='ltr'>tu</span> <span class='ocrx_word' id='word_1_289' title='bbox 57 3777 140 3842; x_wconf 87' lang='lat' dir='ltr'>pedes.</span> <span class='ocrx_word' id='word_1_290' title='bbox 160 3776 230 3832; x_wconf 85' lang='lat' dir='ltr'>dum</span> <span class='ocrx_word' id='word_1_291' title='bbox 241 3775 350 3830; x_wconf 84' lang='lat' dir='ltr'>missam</span> <span class='ocrx_word' id='word_1_292' title='bbox 362 3775 518 3840; x_wconf 82' lang='lat' dir='ltr'>celebraret.</span> <span class='ocrx_word' id='word_1_293' title='bbox 536 3774 575 3829; x_wconf 91' lang='lat' dir='ltr'>ibi</span> <span class='ocrx_word' id='word_1_294' title='bbox 587 3773 707 3830; x_wconf 87' lang='lat' dir='ltr'>habebat</span> <span class='ocrx_word' id='word_1_295' title='bbox 719 3775 799 3852; x_wconf 73' lang='lat' dir='ltr'>pedes</span> <span class='ocrx_word' id='word_1_296' title='bbox 817 3773 881 3828; x_wconf 88' lang='lat' dir='ltr'>dnm</span> <span class='ocrx_word' id='word_1_297' title='bbox 893 3774 1046 3830; x_wconf 88' lang='lat' dir='ltr'>dormiendo</span> <span class='ocrx_word' id='word_1_298' title='bbox 1060 3775 1117 3841; x_wconf 88' lang='lat' dir='ltr'>qui-</span> 
     </span>
     <span class='ocr_line' id='line_1_36' title="bbox 10 3853 1117 3924; baseline 0.003 -18"><span class='ocrx_word' id='word_1_299' title='bbox 10 3862 121 3911; x_wconf 64' lang='lat' dir='ltr'>enaret!⁴</span> <span class='ocrx_word' id='word_1_300' title='bbox 154 3857 186 3912; x_wconf 89' lang='lat' dir='ltr'>L.</span> <span class='ocrx_word' id='word_1_301' title='bbox 202 3855 238 3910; x_wconf 85' lang='lat' dir='ltr'>II.</span> <span class='ocrx_word' id='word_1_302' title='bbox 251 3872 274 3912; x_wconf 86' lang='lat' dir='ltr'>c.</span> <span class='ocrx_word' id='word_1_303' title='bbox 288 3856 330 3910; x_wconf 80' lang='lat'>17.</span> <span class='ocrx_word' id='word_1_304' title='bbox 362 3855 414 3910; x_wconf 87' lang='lat' dir='ltr'>Sed</span> <span class='ocrx_word' id='word_1_305' title='bbox 432 3855 531 3910; x_wconf 89' lang='lat' dir='ltr'>Petrus</span> <span class='ocrx_word' id='word_1_306' title='bbox 550 3855 583 3910; x_wconf 92' lang='lat' dir='ltr'>de</span> <span class='ocrx_word' id='word_1_307' title='bbox 602 3853 709 3910; x_wconf 82' lang='lat' dir='ltr'>Alliaeo</span> <span class='ocrx_word' id='word_1_308' title='bbox 728 3855 800 3910; x_wconf 81' lang='lat' dir='ltr'>vixit</span> <span class='ocrx_word' id='word_1_309' title='bbox 819 3855 1020 3924; x_wconf 73' lang='lat' dir='ltr'>quinquagina</span> <span class='ocrx_word' id='word_1_310' title='bbox 1038 3855 1117 3910; x_wconf 89' lang='lat' dir='ltr'>aunis</span> 
     </span>
     <span class='ocr_line' id='line_1_37' title="bbox 10 3933 1117 4001; baseline 0.002 -14"><span class='ocrx_word' id='word_1_311' title='bbox 10 3943 55 3998; x_wconf 78' lang='lat' dir='ltr'>post</span> <span class='ocrx_word' id='word_1_312' title='bbox 66 3937 260 3992; x_wconf 74' lang='lat' dir='ltr'>CoelestInum.</span> <span class='ocrx_word' id='word_1_313' title='bbox 279 3942 308 3988; x_wconf 87' lang='lat' dir='ltr'>et</span> <span class='ocrx_word' id='word_1_314' title='bbox 325 3935 405 3990; x_wconf 82' lang='lat' dir='ltr'>valde</span> <span class='ocrx_word' id='word_1_315' title='bbox 424 3934 536 3989; x_wconf 84' lang='lat' dir='ltr'>acerbus</span> <span class='ocrx_word' id='word_1_316' title='bbox 555 3940 597 3989; x_wconf 88' lang='lat' dir='ltr'>est</span> <span class='ocrx_word' id='word_1_317' title='bbox 616 3935 644 3988; x_wconf 90' lang='lat' dir='ltr'>in</span> <span class='ocrx_word' id='word_1_318' title='bbox 657 3935 835 3995; x_wconf 83' lang='lat' dir='ltr'>Bonifatium,</span> <span class='ocrx_word' id='word_1_319' title='bbox 855 3933 974 4000; x_wconf 86' lang='lat' dir='ltr'>adeoque</span> <span class='ocrx_word' id='word_1_320' title='bbox 986 3933 1117 4001; x_wconf 87' lang='lat' dir='ltr'>quaedam</span> 
     </span>
     <span class='ocr_line' id='line_1_38' title="bbox 10 4011 1117 4086; baseline -0.001 -17"><span class='ocrx_word' id='word_1_321' title='bbox 10 4011 81 4069; x_wconf 76' lang='lat' dir='ltr'>labis</span> <span class='ocrx_word' id='word_1_322' title='bbox 98 4022 274 4086; x_wconf 81' lang='lat' dir='ltr'>exaggerata</span> <span class='ocrx_word' id='word_1_323' title='bbox 292 4030 356 4081; x_wconf 86' lang='lat' dir='ltr'>esse,</span> <span class='ocrx_word' id='word_1_324' title='bbox 375 4015 474 4070; x_wconf 88' lang='lat' dir='ltr'>merito</span> <span class='ocrx_word' id='word_1_325' title='bbox 492 4015 675 4083; x_wconf 87' lang='lat' dir='ltr'>supponimus.</span> <span class='ocrx_word' id='word_1_326' title='bbox 713 4018 845 4070; x_wconf 84' lang='lat' dir='ltr'>Auctores</span> <span class='ocrx_word' id='word_1_327' title='bbox 869 4013 962 4068; x_wconf 86' lang='lat' dir='ltr'>coaevi</span> <span class='ocrx_word' id='word_1_328' title='bbox 987 4014 1117 4080; x_wconf 89' lang='lat' dir='ltr'>scribunt,</span> 
     </span>
     <span class='ocr_line' id='line_1_39' title="bbox 10 4089 1117 4164; baseline -0.001 -16"><span class='ocrx_word' id='word_1_329' title='bbox 10 4089 132 4152; x_wconf 64' lang='lat' dir='ltr'>bassum</span> <span class='ocrx_word' id='word_1_330' title='bbox 150 4097 242 4152; x_wconf 85' lang='lat' dir='ltr'>fuisse</span> <span class='ocrx_word' id='word_1_331' title='bbox 259 4095 417 4159; x_wconf 78' lang='lat' dir='ltr'>eustadium,</span> <span class='ocrx_word' id='word_1_332' title='bbox 442 4095 583 4164; x_wconf 82' lang='lat' dir='ltr'>ipsumque</span> <span class='ocrx_word' id='word_1_333' title='bbox 603 4095 786 4152; x_wconf 75' lang='lat' dir='ltr'>coelestinum</span> <span class='ocrx_word' id='word_1_334' title='bbox 812 4096 935 4150; x_wconf 68' lang='lat' dir='ltr'>reclinare</span> <span class='ocrx_word' id='word_1_335' title='bbox 962 4095 1117 4150; x_wconf 63' lang='lat' dir='ltr'>lunaribus</span> 
     </span>
     <span class='ocr_line' id='line_1_40' title="bbox 9 4174 1118 4247; baseline 0.001 -19"><span class='ocrx_word' id='word_1_336' title='bbox 9 4179 89 4238; x_wconf 72' lang='lat' dir='ltr'>potas</span> <span class='ocrx_word' id='word_1_337' title='bbox 105 4184 224 4247; x_wconf 79' lang='lat' dir='ltr'>poterat</span> <span class='ocrx_word' id='word_1_338' title='bbox 243 4179 296 4230; x_wconf 81' lang='lat' dir='ltr'>uti.</span> <span class='ocrx_word' id='word_1_339' title='bbox 325 4177 369 4230; x_wconf 92' lang='lat' dir='ltr'>Ita</span> <span class='ocrx_word' id='word_1_340' title='bbox 387 4176 481 4233; x_wconf 84' lang='lat' dir='ltr'>Jacob.</span> <span class='ocrx_word' id='word_1_341' title='bbox 500 4175 703 4244; x_wconf 85' lang='lat' dir='ltr'>Stephaneschi.</span> <span class='ocrx_word' id='word_1_342' title='bbox 735 4176 767 4230; x_wconf 89' lang='lat' dir='ltr'>Id</span> <span class='ocrx_word' id='word_1_343' title='bbox 785 4174 865 4243; x_wconf 88' lang='lat' dir='ltr'>plane</span> <span class='ocrx_word' id='word_1_344' title='bbox 884 4175 1009 4230; x_wconf 79' lang='lat' dir='ltr'>convenit</span> <span class='ocrx_word' id='word_1_345' title='bbox 1029 4175 1118 4230; x_wconf 89' lang='lat' dir='ltr'>sancti</span> 
     </span>
     <span class='ocr_line' id='line_1_41' title="bbox 8 4259 155 4324; baseline 0.054 -20"><span class='ocrx_word' id='word_1_346' title='bbox 8 4265 51 4308; x_wconf 81' lang='lat' dir='ltr'>rar</span> <span class='ocrx_word' id='word_1_347' title='bbox 66 4259 155 4324; x_wconf 78' lang='lat' dir='ltr'>rigori.</span> 
     </span>
    </p>
   </div>
   <div class='ocr_carea' id='block_1_5' title="bbox 50 4345 956 4416">
    <p class='ocr_par' dir='ltr' id='par_1_18' title="bbox 50 4345 956 4416">
     <span class='ocr_line' id='line_1_42' title="bbox 50 4345 956 4416; baseline 0 -12"><span class='ocrx_word' id='word_1_348' title='bbox 50 4367 184 4416; x_wconf 55' lang='lat' dir='ltr'>inarmans.</span> <span class='ocrx_word' id='word_1_349' title='bbox 201 4367 389 4405; x_wconf 75' lang='lat' dir='ltr'>Itisscrtstiones.</span> <span class='ocrx_word' id='word_1_350' title='bbox 405 4367 470 4404; x_wconf 73' lang='lat' dir='ltr'>&#39;rona</span> <span class='ocrx_word' id='word_1_351' title='bbox 488 4365 526 4405; x_wconf 81' lang='lat' dir='ltr'>vl.</span> <span class='ocrx_word' id='word_1_352' title='bbox 941 4345 956 4396; x_wconf 77' lang='lat'><strong><em>2</em></strong></span> 
     </span>
    </p>
   </div>
   <div class='ocr_carea' id='block_1_6' title="bbox 0 0 1420 4844">
    <p class='ocr_par' dir='ltr' id='par_1_19' title="bbox 0 0 1420 4844">
     <span class='ocr_line' id='line_1_43' title="bbox 0 0 1420 4844; baseline 0 4"><span class='ocrx_word' id='word_1_353' title='bbox 0 0 1420 4844; x_wconf 95' lang='lat' dir='ltr'> </span> 
     </span>
    </p>
   </div>
  </div>
 </body>
</html>
