2964 4838
315 417 369 470 424
496 416 622 472 XXXVI.
648 418 689 472 De
707 423 783 472 statu
803 417 941 473 Ecclesiae
959 423 1094 486 vergente
1113 433 1183 474 saec.
1204 417 1259 474 XV.

316 561 473 646 conqueri
505 560 630 626 illatam
663 561 819 646 injuriam
851 563 1074 648 injustamque
1106 561 1327 644 ignominiam.
1367 557 1418 622 Re·

309 657 393 744 jecti
424 681 444 723 a
473 671 506 723 te
536 682 576 724 ac
607 670 673 723 tam
704 661 826 745 insigni
858 659 1058 726 contumelia
1089 660 1218 738 affecti,
1252 655 1420 722 dilabamur

315 758 439 842 passim
462 757 505 822 ad
528 777 623 842 reges
646 779 685 822 ac
708 759 877 844 principes
899 779 1022 844 eoaque
1041 756 1302 838 adhortabimur,
1323 754 1417 818 uttibi

315 851 503 920 Concilium
533 855 693 936 indicant,
729 857 763 920 in
788 877 853 942 quo
878 858 1085 942 potissimum
1110 857 1270 922 rationem
1299 853 1419 918 reddere

314 953 459 1037 cogaris,
492 973 551 1016 cur
582 975 640 1018 nos
663 953 813 1038 legitima
840 955 1046 1040 possessione
1076 952 1281 1038 spoliaveris.
1324 951 1421 1016 Lectis

313 1049 432 1114 litteris
463 1049 627 1115 Platinam
664 1071 757 1116 reum
794 1052 976 1137 majestatis
1010 1053 1167 1130 accersit,
1203 1053 1238 1116 in
1272 1071 1421 1116 carcerem

313 1146 424 1230 trahit,
449 1148 667 1234 compedibus
689 1151 842 1230 revincit,
867 1151 967 1214 mittit
991 1148 1204 1214 Theodorum
1224 1149 1419 1214 Tarvisinun

314 1247 506 1332 episcopum
531 1248 587 1333 qui
613 1249 840 1333 quaestionem
865 1247 1017 1314 babeat.“

205 1407 232 1435 ⁶¹¹
251 1407 292 1435 ¹¹¹¹·
404 1389 455 1455 22.
487 1388 567 1452 Post
590 1398 731 1475 quatuor
754 1411 884 1454 menses
907 1399 1019 1454 tamen
1038 1389 1195 1454 dimissus
1217 1387 1419 1454 fuitPlatins.

230 1462 247 1490 τ’
313 1485 370 1550 sed
403 1484 480 1551 inde
511 1487 554 1552 ab
584 1485 710 1574 aliquot
733 1489 830 1551 annis
857 1488 933 1574 jure
965 1489 1163 1570 gravissima
1190 1487 1335 1572 suspicio
1364 1499 1420 1547 orta

313 1596 361 1648 est
385 1585 426 1650 de
450 1585 678 1671 conjuratione
703 1587 736 1648 in
762 1584 902 1649 Paulum
921 1585 956 1648 ΙΙ
979 1585 1067 1649 facta
1091 1609 1111 1650 a
1135 1583 1341 1650 Callimacho
1360 1603 1417 1646 acs-

312 1681 453 1760 demicO,
478 1692 511 1746 et
534 1681 576 1746 ob
591 1681 718 1747 indicia
742 1683 905 1769 quaedam
923 1685 1022 1747 etiem
1040 1682 1171 1746 Platina
1195 1705 1273 1746 cum
1290 1681 1419 1767 pluribus

313 1779 388 1844 aliis
413 1781 550 1845 eruditis
574 1783 655 1845 viris
680 1783 713 1846 in
738 1803 848 1845 arcem
880 1805 905 1847 s.
931 1781 1053 1864 Angeli
1079 1780 1242 1863 inclusus,
1278 1793 1311 1844 et
1339 1799 1417 1843 causa

312 1891 427 1944 contra
458 1902 514 1945 eos
544 1889 619 1943 acta
652 1889 711 1944 est.
760 1878 835 1961 Qua
860 1882 893 1943 in
918 1902 952 1943 re
984 1879 1168 1945 secundum
1199 1899 1327 1943 morem
1351 1877 1417 1941 illins

310 1979 468 2062 temporis
492 1979 591 2042 etiam
617 1980 765 2064 quaestio
777 1981 930 2060 (tortura)
948 1976 1100 2041 adhibita
1116 1977 1188 2041 fnit.
1214 1977 1314 2058 Quae
1329 1989 1411 2040 tamen

312 2075 353 2138 de
377 2086 444 2139 toto
470 2074 524 2139 illo
550 2076 681 2160 negotio
699 2085 732 2138 et
749 2075 789 2138 de
806 2077 978 2139 tormentis
996 2085 1108 2139 narrat
1122 2073 1259 2140 Platina
1275 2075 1318 2140 nd
1335 2073 1408 2140 rbere

312 2195 384 2236 rum
418 2181 519 2237 artem
554 2185 756 2258 exaggerata
785 2181 871 2236 sunt.
918 2171 1042 2259 Liquet
1075 2195 1153 2237 vero
1186 2196 1257 2238 non
1290 2197 1332 2238 ex
1359 2171 1412 2235 odis
1459 2205 1460 2228 r

312 2271 347 2334 in
387 2273 477 2335 viros
514 2270 675 2336 litteratos
709 2280 742 2333 et
779 2270 904 2351 doctos,
951 2269 1009 2334 sed
1037 2285 1173 2357 propter
1203 2271 1412 2335 vehementem

309 2369 564 2453 conspirationis
588 2369 810 2454 suspicionem
835 2368 1031 2433 Pontificem
1056 2371 1090 2433 in
1116 2369 1176 2433 hos
1201 2372 1296 2435 viros
1324 2368 1416 2434 durius

309 2467 425 2550 egisse.
478 2465 552 2530 Non
587 2469 705 2531 mirum
738 2479 850 2531 tamen
882 2477 945 2547 est,
986 2465 1084 2531 simul
1123 2467 1267 2533 Paulum
1300 2467 1348 2534 II.
1380 2465 1413 2526 uti
1458 2503 1459 2508 κ

309 2563 441 2628 Platina
471 2575 593 2645 narrat,
628 2564 669 2629 de
702 2564 892 2629 vehementi
922 2574 954 2628 et
981 2565 1050 2628 fere
1082 2566 1196 2651 inepta
1227 2565 1416 2652 antiquitatis

231 2736 233 2738 ¹
309 2683 459 2748 paganae
484 2662 752 2747 praedilectione,
778 2685 844 2748 qua
868 2660 1083 2727 christianam
1108 2660 1306 2748 religionem
1331 2683 1416 2749 paene

308 2761 479 2845 despicere
504 2760 714 2842 videbantur,
740 2761 811 2826 illos
835 2761 987 2826 homines
1004 2763 1204 2848 increpasse.
1234 2761 1417 2827 Videbimus

308 2860 407 2938 enim,
433 2860 631 2925 dementatus
646 2859 767 2924 multos
783 2881 822 2923 ea
839 2868 947 2924 aetate
962 2871 1164 2924 reveratum
1190 2862 1341 2926 moribus
1362 2871 1414 2922 tun
1457 2939 1458 2944 ἵ

307 2955 522 3042 opinionibus
537 2958 676 3041 gentiles
699 2960 809 3043 potins
833 2979 933 3044 quam
950 2957 1158 3023 Christianos
1172 2959 1278 3024 fuisse
1294 2971 1413 3023 secutor.

308 3053 484 3119 Caeterum
515 3077 594 3119 vero
626 3057 715 3119 viros
744 3055 905 3120 litteratos
935 3079 955 3119 e
985 3055 1086 3120 Paulo
1121 3057 1206 3122 bene
1238 3057 1367 3124 habitos
1392 3069 1414 3116 u

307 3152 479 3216 beneficiis
507 3153 691 3218 cumulatos
729 3153 841 3231 fuisse,
881 3154 969 3219 facta
1008 3167 1041 3218 et
1077 3157 1201 3240 scripta
1232 3173 1413 3220 coaevorum

306 3259 478 3316 testantur.
503 3250 558 3316 Sic
576 3250 780 3337 philelphus,
805 3250 970 3335 Georgius
987 3251 1270 3338 Trapezuntinus‚
1296 3253 1414 3317 Flavius

305 3347 471 3426 Blandus,
502 3349 698 3415 Theodorus
722 3349 833 3428 Gaza,
865 3349 1014 3414 Joannes
1038 3352 1207 3416 Antonius
1238 3352 1415 3437 campane

306 3448 377 3534 ejus
400 3446 600 3511 benevolum
625 3449 773 3512 animum
798 3449 927 3533 experti
953 3457 1038 3514 sunt.

395 3601 447 3666 23.
480 3598 631 3666 Platinae
656 3601 886 3666 accusationes
910 3600 993 3666 elias
1018 3599 1139 3666 nullius
1164 3603 1324 3666 momenti
1346 3619 1411 3664 esse.

305 3718 347 3760 ex
372 3698 471 3766 dictis
495 3699 670 3783 conjicies:
703 3699 736 3762 in
769 3699 891 3763 malam
924 3709 1051 3784 partem
1077 3698 1234 3764 videlicet
1257 3697 1413 3764 Pontificis

306 3817 412 3859 mores
436 3805 468 3860 et
492 3806 586 3860 actus
610 3796 854 3882 interpretatur.
895 3795 951 3863 Sic
968 3796 1092 3862 Paulus
1108 3797 1141 3862 Π
1165 3799 1246 3862 satis
1270 3796 1411 3862 sollicitus

303 3903 375 3957 erat
406 3893 446 3957 de
471 3904 608 3958 externa
633 3893 778 3980 quadam
803 3895 974 3980 majestate
1006 3905 1038 3958 et
1070 3894 1234 3980 dignitate
1256 3893 1411 3960 Pontificis

304 4005 337 4054 et
376 3990 623 4065 Cardinalium;
671 3992 749 4056 inde
788 3991 940 4057 Platinae
982 3995 1167 4074 accusatio,
1211 4015 1287 4058 eurn
1326 3993 1409 4056 fnisse
1454 4061 1455 4076 χ

305 4099 545 4173 sumptuosum.
570 4091 724 4176 „Etenim
741 4089 805 4153 fnit
821 4091 855 4154 in
871 4090 1016 4172 homine,
1035 4089 1151 4155 scribit
1168 4090 1308 4171 Plestina,
1325 4109 1408 4176 quan·

304 4197 375 4248 tum
407 4186 449 4249 ad
481 4209 600 4272 corpus
624 4190 784 4274 pertinet,
816 4189 972 4274 majestas
995 4189 1157 4254 Pontifice
1189 4189 1299 4274 digna
1343 4187 1407 4251 Erat
