2844 4840
132 2253 276 2292 Dissertatio·

131 2316 167 2354 uls
182 2316 276 2356 indoles.

357 1659 721 1783 Dissertatio
761 1661 1093 1808 trigesima
1131 1661 1346 1810 prima.

384 1893 446 1974 De
475 1891 719 1975 abolitione
749 1891 926 1974 Ordinis
954 1892 1326 1994 memplortorum.

390 2252 415 2313 l.
458 2231 605 2310 dventus
628 2248 827 2333 praecipuus
853 2248 1063 2332 pontificatus
1088 2246 1270 2312 Clementis
1295 2248 1322 2312 V
1351 2247 1397 2310 luit

295 2345 429 2410 abolitio
466 2344 601 2409 Ordinis
636 2344 908 2429 Templeriorum,
947 2367 1031 2431 quoe
1066 2367 1141 2410 curu
1177 2345 1405 2431 approbatione

294 2441 434 2507 Consilii
459 2443 663 2507 oecumenici
688 2441 888 2506 Viennensis
912 2443 1000 2507 secta
1028 2452 1076 2506 est
1100 2443 1142 2507 ab
1167 2465 1216 2516 eo,
1250 2466 1308 2530 per
1331 2443 1397 2506 Con·

293 2541 498 2605 stitutionem
519 2541 587 2604 Vox
601 2542 635 2602 iu
652 2537 772 2603 excelso
797 2540 866 2606 d.d.
885 2541 922 2604 2⁰
939 2541 1049 2605 Martii
1065 2563 1093 2604 a.
1116 2541 1210 2606 1312.
1238 2541 1396 2606 Processns

294 2649 407 2702 contra
431 2639 636 2725 Templurios
667 2640 836 2702 institutus
860 2650 892 2703 et
915 2639 1049 2704 abolitio
1079 2639 1177 2724 hujus
1209 2639 1397 2704 celeberrimi

294 2736 431 2802 Ordinis
452 2736 799 2802 monastico-militaris
823 2739 966 2801 intentos
983 2735 1100 2800 habuit
1115 2739 1246 2802 animos
1270 2739 1397 2801 omniun

295 2857 508 2918 coaevorum3
533 2835 591 2900 sed
615 2837 714 2900 etiam
739 2833 1016 2921 subsequentibus
1040 2833 1246 2920 temporibus
1270 2835 1399 2920 quaestio

295 2935 336 2997 de
360 2931 568 3019 Templariis‚
594 2933 634 2997 de
659 2955 772 2997 eorum
797 2934 987 2997 innocentia
1011 2932 1064 2996 vel
1088 2943 1190 3011 reatu,
1215 2955 1258 2997 uo
1282 2933 1320 2997 de
1342 2953 1398 3016 sup·

294 3033 462 3116 pressione
500 3034 655 3116 ipsorum,
696 3033 782 3094 inter
814 3030 960 3095 eruditos
996 3030 1161 3095 multoties
1195 3031 1321 3114 agitato
1354 3047 1398 3092 cst.

295 3129 449 3215 Plerique
473 3130 607 3215 quidem
632 3131 805 3214 scriptores
830 3128 1042 3194 ecclesiastici
1067 3131 1283 3214 antiquiores,
1306 3149 1398 3216 qusni-

296 3229 347 3291 vis
371 3229 404 3292 in
430 3249 529 3292 causa
546 3227 809 3313 Templeriorum
835 3227 929 3313 plura
954 3226 1039 3291 male
1063 3251 1082 3290 a
1103 3227 1260 3314 Philippo
1276 3227 1397 3294 Pulcbm

295 3337 369 3389 acta
393 3347 464 3388 esse
488 3325 674 3406 admittant,
700 3337 810 3389 tumen
835 3346 906 3388 reos
930 3324 1031 3389 fuisse
1056 3323 1127 3390 illos
1151 3327 1333 3414 meritoque
1354 3323 1397 3388 Or·

296 3424 407 3487 dinem
447 3445 678 3508 suppressum,
718 3425 930 3489 conveniunt.
990 3423 1055 3489 Sed
1094 3425 1180 3488 inter
1218 3427 1398 3489 recentiores

296 3524 470 3608 scriptores
494 3523 671 3608 major-est
694 3522 864 3586 dissensio.
898 3521 982 3585 Sunt
1007 3524 1094 3585 eninr
1112 3532 1181 3586 tum
1206 3524 1294 3588 iuter
1316 3519 1397 3586 eccle-

295 3622 443 3684 siasticos
467 3632 537 3684 tum
561 3621 646 3683 inter
670 3618 825 3704 profanos
849 3631 998 3683 auctores
1021 3618 1092 3695 alii,
1124 3621 1180 3705 qui
1206 3620 1397 3684 innocentem

295 3719 395 3782 fuisse
412 3717 571 3782 Ordinem
597 3718 800 3798 existiment,
824 3716 881 3781 elii
895 3739 984 3795 vero,
1010 3717 1098 3802 iique
1122 3716 1243 3803 plures,
1270 3719 1323 3803 qui
1340 3735 1397 3778 con·

296 3816 446 3897 tendunt,
472 3817 611 3880 crimino
626 3815 889 3900 Templariorum
905 3821 1017 3900 negari
1042 3837 1108 3879 non
1122 3835 1227 3900 posse,
1244 3813 1397 3880 Ordinem·

295 3937 359 4000 que
393 3937 412 3978 a
441 3912 664 3978 ClementeV
699 3915 788 3999 juste
824 3923 856 3976 et
890 3913 1071 3998 prudenter
1106 3933 1177 3975 esse
1212 3911 1386 3976 abolituml

298 4059 504 4066 ος--ο---

373 4145 390 4212 ¹]
410 4143 547 4198 Immerito
565 4143 660 4198 scribit
678 4143 706 4198 in
725 4143 850 4212 opusculo
869 4147 991 4198 recenter
1008 4141 1080 4196 edito
1094 4141 1247 4198 Loiseleur:
1269 4142 1323 4208 ‚lu
1334 4153 1397 4194 crus

297 4225 343 4278 des
355 4224 504 4292 Templiers
517 4227 584 4277 este
597 4230 668 4278 cette
681 4223 764 4279 heure
782 4237 895 4293 presque
914 4221 1115 4293 generalement
1133 4221 1313 4288 abendormee,
1330 4219 1396 4274 meroe
