2832 4844
308 429 348 482 De
366 427 520 482 conditione
538 444 627 482 rerum
641 427 670 482 iu
689 427 788 482 Sicilia.
1056 429 1109 482 457

35 573 116 656 lippus,
137 581 342 658 praematura
366 583 469 638 morte
492 570 660 657 abreptus,
684 570 877 658 Perpiniani
894 572 948 637 die
965 573 1003 638 6⁰
1013 572 1109 638 Octo-

34 669 76 734 iris
99 672 166 735 anni
192 671 293 753 12853
326 692 451 735 annum
482 672 599 734 aetatis
629 668 919 755 quadragesimum
956 671 1109 756 quintum

33 769 159 850 ¹digerat,
192 770 286 850 regni
319 768 465 833 sedecim
498 767 705 832 numerabat.
761 766 927 832 Successit
959 769 989 832 ei
1023 767 1110 832 iilius

32 865 161 952 Filippos
181 867 204 929 I
205 866 241 949 V,
274 866 329 929 cui
352 864 394 930 ob
425 867 551 932 formae
581 867 816 952 praestantiam
842 866 970 930 Pulchri
992 888 1110 951 cogno·

32 983 79 1026 nen
98 965 161 1029 luit.
214 963 266 1028 De
291 963 362 1048 ejus
393 984 469 1026 cum
496 963 670 1028 Bonifacio
693 963 779 1027 VIII
810 963 946 1029 dissidio
971 963 1110 1050 aliisque

29 1062 98 1140 gestis
117 1063 261 1147 sequenti
286 1061 517 1126 dissertatione
541 1083 741 1148 agemus—
760 1061 837 1128 Jum
863 1064 952 1127 enlm
976 1084 1014 1127 eo
1039 1085 1110 1149 pro·

9 1187 10 1214 2
29 1179 153 1240 paramus,
167 1171 204 1224 ut
220 1158 451 1244 expendamus
466 1159 629 1224 Bonilacii
643 1160 727 1223 VIII
743 1159 972 1245 pontificatum
988 1162 1110 1225 varias-

9 1261 68 1358 {que
87 1279 160 1342 quac
183 1259 228 1324 ad
251 1279 327 1322 eum
351 1259 520 1343 pertinent
551 1260 770 1343 quaestiones.
825 1258 1011 1343 Supersunt
1040 1259 1110 1344 qui·

27 1351 76 1415 dcn
97 1359 180 1420 varia
204 1365 400 1440 argumenta
430 1358 463 1420 in
488 1356 551 1419 hac
575 1379 640 1441 qua
673 1377 846 1419 versamur
874 1365 1008 1438 aelata·
1025 1377 1110 1442 quae

25 1447 226 1518 discussionem
251 1454 428 1540 specialem
460 1476 539 1518 sane
564 1463 746 1534 rnerentur3
779 1463 924 1519 attamen
949 1453 1047 1518 modo
1071 1476 1110 1518 ca

26 1563 129 1616 metare
157 1553 253 1617 nobis
285 1574 351 1617 non
384 1563 434 1616 est
460 1554 675 1639 propositum.
729 1551 855 1616 Verum
886 1563 923 1616 ut
946 1553 1109 1617 connexio

25 1645 84 1710 iuter
102 1648 178 1714 baec
200 1661 350 1736 tempora
381 1659 414 1714 et
436 1649 684 1715 vicissitudines
714 1672 797 1736 quas
827 1650 924 1736 paulo
953 1661 1026 1736 post
1049 1650 1110 1714 Ec·

25 1741 94 1808 alesia
122 1746 222 1812 subiit
252 1757 424 1834 perspecta
447 1746 618 1833 habeatur,
650 1770 735 1834 quae
767 1749 942 1813 tractanda
975 1751 1110 1813 venient

22 1841 108 1908 nelias
128 1845 364 1931 intelligantur,
396 1845 667 1932 compleaturquc
696 1846 819 1911 saeculi
843 1846 943 1931 hujus
968 1845 1110 1910 delinea-

22 1941 59 2019 rio,
76 1945 230 2028 quaedam
254 1943 366 2010 adbuc
389 1945 616 2009 subnectimus
647 1945 688 2008 de
712 1945 902 2010 conditione
935 1967 1044 2008 rerum
1075 1946 1110 2010 iu

21 2042 93 2104 tanis
114 2043 314 2130 regionibus,
339 2066 379 2108 ac
404 2042 445 2106 de
469 2053 556 2108 statu
581 2045 710 2106 interno
734 2042 915 2108 Ecclesiae.

508 2581 592 2643 111.

33 2743 79 2807 Dc
97 2751 285 2814 ultorum
306 2763 536 2828 reymerum
562 2747 808 2826 coudtttone,
832 2765 882 2812 aa
905 2747 955 2811 de
978 2751 1090 2810 statu

343 2847 511 2910 meraco
532 2847 756 2910 Eccleetoe.

81 3023 128 3086 db.
162 3023 241 3087 Non
265 3021 413 3086 modicas
437 3020 649 3086 difficultates
677 3020 802 3085 ultimis
833 3019 955 3084 saeculi
989 3020 1215 3084 decimiacense
1235 3053 1283 3091 ης-

15 3118 80 3180 tertii
100 3119 270 3184 decenniis
293 3128 447 3184 crearunt
470 3119 628 3183 Romanis
651 3117 870 3183 Pontificibus
893 3141 945 3182 res
968 3116 1112 3203 Apuliae

14 3229 36 3272 ct
53 3213 185 3298 Siciliae,
211 3239 298 3303 quac
321 3239 424 3300 regna
449 3217 526 3302 jure
550 3215 674 3281 feudali
699 3217 777 3282 Sedi
802 3216 1013 3302 Apostolicae
1038 3216 1112 3279 sub·

12 3304 78 3394 jecta
98 3325 198 3380 erant.
237 3315 316 3380 Post
330 3325 467 3380 mortem
487 3313 631 3379 Conradi
646 3314 706 3397 IV,
730 3312 906 3380 Bertoldus
921 3314 963 3378 de
979 3313 1112 3378 Hoben-

13 3403 85 3495 burg,
107 3415 158 3478 cui
184 3412 360 3477 Conradus
384 3414 526 3477 moriens
550 3412 869 3478 administrationem
896 3411 995 3496 hujus
1018 3413 1113 3495 regni

15 3513 207 3593 conmiserat,
232 3512 328 3597 petiit
350 3512 393 3574 ab
411 3511 605 3576 Innocentio
621 3510 680 3594 IV,
695 3520 731 3574 ut
746 3509 956 3574 Conradinus
980 3508 1113 3573 biennis

16 3601 131 3674 Conradi
155 3609 248 3674 lilius
270 3609 380 3674 feudis
403 3609 467 3674 illis
490 3611 712 3673 investiretur.
760 3607 826 3673 Sed
840 3608 1056 3671 Innocentius
1079 3607 1114 3670 id

15 3711 162 3790 ucusarit,
187 3710 345 3794 quamvis
369 3707 567 3773 benevolum
593 3729 627 3771 aa
650 3709 686 3772 in
712 3705 938 3770 Conradinum
964 3705 1113 3769 ostende·

14 3818 55 3875 ¹0¹,
74 3808 115 3870 ita
137 3805 287 3893 quidem,
312 3815 349 3868 ut
363 3827 502 3890 puerum
521 3807 591 3892 jam
611 3814 648 3869 ut
664 3806 782 3870 ducem
797 3803 940 3870 Sueviae
954 3813 988 3866 et
1003 3825 1114 3887 regern

15 3893 241 3990 llierosolymae
264 3914 466 3987 agnosceret,
491 3915 524 3967 ct
547 3905 647 3968 etiam
672 3903 868 3968 concederet
885 3901 1114 3986 juramentum

14 3995 43 4057 ab
62 4003 171 4087 Apulis
196 3999 359 4066 ecclcsiae
384 4001 552 4066 Romanae
576 4001 814 4087 praestandum
838 4000 920 4081 ficri,
946 3999 1046 4064 salvis
1062 4003 1115 4088 ju·

15 4093 79 4162 abac
99 4099 294 4168 Conradiui.
346 4098 500 4163 Pontifici
525 4099 684 4164 videlicet
706 4099 741 4163 id
766 4099 945 4185 praecipue
970 4098 1115 4182 proposi·

15 4203 65 4258 lum
85 4213 158 4280 erat,
184 4211 223 4262 ut
248 4197 345 4264 Sedis
369 4197 580 4284 Apostolicae
602 4200 681 4284 jura
705 4202 739 4263 in
764 4195 820 4262 illa
844 4196 944 4261 feuda
968 4196 1116 4260 vindica·
