2916 4842
326 441 378 496 tos
414 515 421 528 ·
488 441 587 495 XXIV.
608 443 647 498 De
666 442 783 500 dissidiis
802 443 932 500 Friderici
950 445 965 500 1
983 461 1043 500 cnm
1061 445 1093 499 R.
1113 444 1299 500 Pontificibus.

326 585 381 651 vel
403 605 479 650 eum
503 596 708 651 transnatare
732 587 844 670 vellet,
869 591 964 676 aquis
988 590 1158 674 inopinate
1181 588 1338 674 abreptus
1354 597 1402 652 est
1419 601 1443 652 et

326 683 526 751 submersus.
563 685 618 750 Uti
633 707 719 750 mors
732 685 894 751 Friderici
913 687 1081 771 ingentem
1104 686 1251 752 dolorem
1272 688 1443 752 universis.

325 782 369 847 ad
393 803 476 868 quos
498 785 635 848 nuntius
650 786 813 870 pervenit,
838 786 986 866 incussit,
1011 787 1058 850 ita
1074 787 1175 850 etiam
1191 805 1374 871 permagna
1389 785 1443 848 fuit

326 881 390 944 ista
414 879 594 963 calamitas,
623 891 785 968 quantum
809 882 852 948 ad
876 884 1003 947 exitum
1028 883 1251 969 expeditionis
1275 885 1441 947 cruciatae

326 977 450 1042 Notum
474 990 532 1062 est,
556 978 644 1044 hanc
667 980 914 1066 expeditionem
945 991 1138 1067 exoptatum
1170 980 1271 1045 finem
1305 1003 1372 1046 non
1396 979 1443 1044 ha

327 1074 449 1141 buisse.

158 1187 223 1280 ire:
235 1187 316 1281 ppos
417 1175 471 1242 60.
504 1175 672 1242 Henricus
701 1198 797 1262 porro
827 1176 914 1241 filius
939 1176 1111 1256 Friderici,
1143 1174 1344 1240 Germaniae
1380 1198 1443 1254 ren

221 1251 234 1281 ⁰
328 1274 448 1337 certior
471 1274 578 1339 factus
602 1275 643 1339 de
667 1275 759 1340 obitu
782 1277 895 1362 patris,
914 1274 1024 1339 varios
1048 1271 1247 1338 Germaniae
1271 1275 1443 1359 principes

329 1393 406 1435 cum
429 1372 551 1456 quibus
575 1371 664 1437 vel
656 1395 725 1458 rpse
749 1373 803 1438 vel
827 1373 1017 1438 Fridericus
1048 1371 1230 1436 simultates
1253 1371 1442 1436 habuerant

328 1471 392 1535 sibi
415 1471 653 1550 reconciliavit,
678 1493 718 1536 ac
742 1472 819 1536 dein
843 1473 929 1534 misit
952 1471 1080 1534 nuntios
1103 1493 1176 1535 snos
1199 1469 1244 1533 ad
1266 1467 1443 1534 Clementer

329 1571 453 1657 Papam
480 1580 510 1633 et
533 1569 577 1633 ad
603 1567 794 1634 Cardinales
818 1580 848 1633 et
871 1568 1040 1632 Senatores
1068 1567 1171 1646 Urbis,
1201 1579 1313 1655 petens
1338 1569 1441 1632 Roma

328 1691 403 1731 num
426 1668 591 1752 impendam
614 1679 644 1730 et
664 1671 868 1754 promittens,
899 1690 932 1730 se
956 1668 990 1730 in
1015 1667 1157 1730 omnibns
1187 1667 1267 1752 lepes
1297 1676 1327 1728 et
1350 1666 1443 1750 dique·

328 1775 410 1829 tetes
434 1766 598 1829 Romanas
621 1777 816 1830 servatorum
832 1765 973 1830 illaesas.
1025 1762 1165 1829 Clemens
1187 1787 1259 1828 vero
1283 1764 1377 1850 Papo
1402 1765 1442 1826 lto

329 1862 393 1926 ln‘to
416 1885 484 1926 oum
511 1861 739 1929 Cordinalibns
753 1875 783 1928 et
797 1863 996 1928 senatoribus
1012 1874 1041 1926 et
1050 1863 1174 1949 popolo
1190 1865 1335 1928 Romane
1359 1885 1443 1947 snper

321 1961 535 2046 petitionibus
563 1963 648 2048 repis
675 1962 924 2027 Alamannorum
953 1985 1022 2026 cum
1050 1961 1277 2025 deliberatione
1307 1961 1442 2024 consilio

329 2060 483 2122 concessit
515 2062 582 2145 repi
605 2060 852 2126 Alemannornm
884 2059 967 2146 qnod
987 2059 1125 2146 petebat,
1157 2058 1257 2124 salvis
1286 2059 1442 2144 dipnitoti

328 2155 386 2220 bus
409 2167 439 2220 et
461 2159 740 2222 consuetudinibus
764 2161 989 2236 Romanorum,
1021 2169 1051 2221 et
1081 2167 1260 2222 statuerunt
1289 2157 1319 2220 es'
1350 2157 1443 2220 ternu

328 2262 402 2316 num
425 2255 573 2318 veniendi
595 2257 730 2321 Romam
747 2258 931 2344 prozimum
950 2257 1073 2342 pascha
1092 2277 1232 2341 sequens.
1280 2253 1345 2318 Sed
1369 2267 1443 2319 ante

328 2373 422 2436 qnam
445 2350 522 2416 illoc
546 2356 681 2419 venisset
707 2353 848 2420 Clemens
867 2376 962 2440 popa
985 2353 1072 2418 obiit.
1082 2351 1106 2439 ¹)
1154 2351 1307 2418 Clemens
1332 2353 1387 2416 III
1413 2355 1443 2414 si

329 2449 450 2514 delicet
473 2473 491 2514 e
508 2451 596 2514 vivis
611 2455 752 2517 excessit
770 2452 823 2516 die
839 2453 900 2516 20⁰
917 2452 1029 2515 Martii
1046 2453 1125 2516 anni
1144 2451 1243 2532 1191,
1262 2452 1360 2536 cique
1380 2473 1442 2514 mor

329 2549 489 2612 successit
513 2549 724 2633 Hyacinthus
749 2549 937 2614 Cardinalis
966 2547 1126 2613 diaconus
1149 2569 1192 2611 ex
1216 2546 1344 2612 familia
1369 2549 1442 2614 Ore

330 2665 464 2728 norum,
498 2649 549 2710 vir
578 2649 790 2731 grandaevus
820 2649 988 2730 octoginta
1019 2647 1166 2732 quinque
1190 2665 1366 2728 annorum,
1402 2669 1442 2732 qu

329 2742 440 2807 dictus
464 2755 513 2808 est
540 2742 733 2811 Caelestinus
756 2747 815 2810 III.
865 2744 1038 2825 Quaenam
1064 2765 1142 2807 vero
1174 2744 1259 2807 inter
1289 2745 1441 2828 ipsums

329 2839 514 2906 Henricum
540 2843 588 2907 Vl
620 2843 857 2929 Imperatorem
889 2843 1135 2907 intercesserint
1169 2839 1357 2918 relationes,
1394 2843 1441 2907 ali

327 2937 400 3002 loco
424 2939 624 3006 videbimus.

338 3067 343 3072 -
366 3067 541 3076 --———-

345 3189 347 3194 Ι
408 3118 430 3190 ¹)
450 3119 543 3188 Roget
561 3119 594 3173 de
612 3117 751 3183 Hoveden,
771 3133 813 3186 ap.
833 3115 997 3182 Wstterich,
1015 3117 1051 3170 11.
1072 3117 1132 3171 tot.
