<?xml version="1.0" encoding="UTF-8"?>
<!DOCTYPE html PUBLIC "-//W3C//DTD XHTML 1.0 Transitional//EN"
    "http://www.w3.org/TR/xhtml1/DTD/xhtml1-transitional.dtd">
<html xmlns="http://www.w3.org/1999/xhtml" xml:lang="en" lang="en">
 <head>
  <title>
</title>
<meta http-equiv="Content-Type" content="text/html;charset=utf-8" />
  <meta name='ocr-system' content='tesseract 3.04.00' />
  <meta name='ocr-capabilities' content='ocr_page ocr_carea ocr_par ocr_line ocrx_word'/>
</head>
<body>
  <div class='ocr_page' id='page_1' title='image "./dissertationess00junggoog_0556.png"; bbox 0 0 2844 4840; ppageno 0'>
   <div class='ocr_carea' id='block_1_1' title="bbox 322 433 1155 504">
    <p class='ocr_par' dir='ltr' id='par_1_1' title="bbox 322 433 1155 504">
     <span class='ocr_line' id='line_1_1' title="bbox 322 433 1155 504; baseline -0.001 -15"><span class='ocrx_word' id='word_1_1' title='bbox 322 434 406 504; x_wconf 81' lang='lat' dir='ltr'>Origo</span> <span class='ocrx_word' id='word_1_2' title='bbox 424 433 528 488; x_wconf 77' lang='lat' dir='ltr'>dissidii</span> <span class='ocrx_word' id='word_1_3' title='bbox 548 449 606 488; x_wconf 87' lang='lat' dir='ltr'>cnm</span> <span class='ocrx_word' id='word_1_4' title='bbox 627 433 751 502; x_wconf 84' lang='lat' dir='ltr'>Philippo</span> <span class='ocrx_word' id='word_1_5' title='bbox 770 433 892 489; x_wconf 87' lang='lat' dir='ltr'>Pulchro.</span> <span class='ocrx_word' id='word_1_6' title='bbox 1122 437 1155 490; x_wconf 77' lang='lat'>21</span> 
     </span>
    </p>
   </div>
   <div class='ocr_carea' id='block_1_2' title="bbox 18 577 1318 1348">
    <p class='ocr_par' dir='ltr' id='par_1_2' title="bbox 18 577 1157 1251">
     <span class='ocr_line' id='line_1_2' title="bbox 18 577 1157 664; baseline 0.002 -24"><span class='ocrx_word' id='word_1_7' title='bbox 18 637 19 640; x_wconf 74' lang='grc'>,</span> <span class='ocrx_word' id='word_1_8' title='bbox 64 579 151 664; x_wconf 87' lang='lat' dir='ltr'>lippos</span> <span class='ocrx_word' id='word_1_9' title='bbox 171 581 263 664; x_wconf 85' lang='lat' dir='ltr'>regni</span> <span class='ocrx_word' id='word_1_10' title='bbox 288 577 451 643; x_wconf 87' lang='lat' dir='ltr'>dilatandi</span> <span class='ocrx_word' id='word_1_11' title='bbox 475 577 688 664; x_wconf 81' lang='lat' dir='ltr'>percupidus,</span> <span class='ocrx_word' id='word_1_12' title='bbox 720 589 940 664; x_wconf 78' lang='lat' dir='ltr'><strong>opportunam</strong></span> <span class='ocrx_word' id='word_1_13' title='bbox 964 589 1082 642; x_wconf 87' lang='lat' dir='ltr'>nactus</span> <span class='ocrx_word' id='word_1_14' title='bbox 1106 599 1157 642; x_wconf 90' lang='lat' dir='ltr'>oc·</span> 
     </span>
     <span class='ocr_line' id='line_1_3' title="bbox 64 673 1157 761; baseline 0 -21"><span class='ocrx_word' id='word_1_15' title='bbox 64 679 201 741; x_wconf 76' lang='lat' dir='ltr'>cerionem</span> <span class='ocrx_word' id='word_1_16' title='bbox 226 677 428 741; x_wconf 82' lang='lat' dir='ltr'>vasconiam</span> <span class='ocrx_word' id='word_1_17' title='bbox 462 676 649 761; x_wconf 88' lang='lat' dir='ltr'>occupavit,</span> <span class='ocrx_word' id='word_1_18' title='bbox 681 685 713 738; x_wconf 90' lang='lat' dir='ltr'>et</span> <span class='ocrx_word' id='word_1_19' title='bbox 742 673 900 740; x_wconf 80' lang='lat' dir='ltr'><strong>Eduardo</strong></span> <span class='ocrx_word' id='word_1_20' title='bbox 932 674 1070 740; x_wconf 82' lang='lat' dir='ltr'><strong>reddere</strong></span> <span class='ocrx_word' id='word_1_21' title='bbox 1102 697 1157 740; x_wconf 88' lang='lat' dir='ltr'>no·</span> 
     </span>
     <span class='ocr_line' id='line_1_4' title="bbox 63 771 1157 859; baseline 0 -21"><span class='ocrx_word' id='word_1_22' title='bbox 63 775 120 845; x_wconf 80' lang='lat' dir='ltr'>luit:</span> <span class='ocrx_word' id='word_1_23' title='bbox 142 775 227 839; x_wconf 86' lang='lat' dir='ltr'>nnde</span> <span class='ocrx_word' id='word_1_24' title='bbox 251 773 306 839; x_wconf 86' lang='lat' dir='ltr'>hic</span> <span class='ocrx_word' id='word_1_25' title='bbox 322 773 440 838; x_wconf 87' lang='lat' dir='ltr'>foedus</span> <span class='ocrx_word' id='word_1_26' title='bbox 464 785 578 839; x_wconf 90' lang='lat' dir='ltr'>contra</span> <span class='ocrx_word' id='word_1_27' title='bbox 593 771 786 859; x_wconf 85' lang='lat' dir='ltr'>Philippum</span> <span class='ocrx_word' id='word_1_28' title='bbox 811 771 886 838; x_wconf 91' lang='lat' dir='ltr'>iniit</span> <span class='ocrx_word' id='word_1_29' title='bbox 901 795 978 839; x_wconf 89' lang='lat' dir='ltr'>cum</span> <span class='ocrx_word' id='word_1_30' title='bbox 1002 771 1157 840; x_wconf 75' lang='lat' dir='ltr'>(luidone</span> 
     </span>
     <span class='ocr_line' id='line_1_5' title="bbox 63 869 1156 956; baseline 0.001 -21"><span class='ocrx_word' id='word_1_31' title='bbox 63 872 214 936; x_wconf 83' lang='lat' dir='ltr'>Flandriae</span> <span class='ocrx_word' id='word_1_32' title='bbox 239 875 360 936; x_wconf 89' lang='lat' dir='ltr'>comite</span> <span class='ocrx_word' id='word_1_33' title='bbox 383 881 415 935; x_wconf 89' lang='lat' dir='ltr'>et</span> <span class='ocrx_word' id='word_1_34' title='bbox 439 869 594 956; x_wconf 79' lang='lat' dir='ltr'>Adolpho</span> <span class='ocrx_word' id='word_1_35' title='bbox 612 869 813 935; x_wconf 78' lang='lat' dir='ltr'><strong>Germaniae</strong></span> <span class='ocrx_word' id='word_1_36' title='bbox 836 892 921 955; x_wconf 80' lang='lat' dir='ltr'>rege.</span> <span class='ocrx_word' id='word_1_37' title='bbox 958 871 1156 952; x_wconf 85' lang='lat' dir='ltr'>Bonifatius,</span> 
     </span>
     <span class='ocr_line' id='line_1_6' title="bbox 63 967 1157 1056; baseline 0.001 -24"><span class='ocrx_word' id='word_1_38' title='bbox 63 973 95 1033; x_wconf 89' lang='lat' dir='ltr'>nti</span> <span class='ocrx_word' id='word_1_39' title='bbox 115 970 266 1050; x_wconf 78' lang='lat' dir='ltr'>diximus,</span> <span class='ocrx_word' id='word_1_40' title='bbox 300 991 416 1056; x_wconf 89' lang='lat' dir='ltr'>paoem</span> <span class='ocrx_word' id='word_1_41' title='bbox 442 967 786 1048; x_wconf 81' lang='lat' dir='ltr'>conciliere&#39;studuit3</span> <span class='ocrx_word' id='word_1_42' title='bbox 820 967 878 1034; x_wconf 88' lang='lat' dir='ltr'>sed</span> <span class='ocrx_word' id='word_1_43' title='bbox 898 970 969 1054; x_wconf 86' lang='lat' dir='ltr'>jam</span> <span class='ocrx_word' id='word_1_44' title='bbox 993 968 1157 1052; x_wconf 85' lang='lat' dir='ltr'>ejusmodi</span> 
     </span>
     <span class='ocr_line' id='line_1_7' title="bbox 61 1066 1156 1153; baseline 0.003 -24"><span class='ocrx_word' id='word_1_45' title='bbox 61 1079 174 1137; x_wconf 84' lang='lat' dir='ltr'>conatus</span> <span class='ocrx_word' id='word_1_46' title='bbox 195 1068 335 1132; x_wconf 82' lang='lat' dir='ltr'>fortasse</span> <span class='ocrx_word' id='word_1_47' title='bbox 358 1067 513 1153; x_wconf 89' lang='lat' dir='ltr'>Philippo</span> <span class='ocrx_word' id='word_1_48' title='bbox 547 1067 703 1131; x_wconf 88' lang='lat' dir='ltr'>molestus</span> <span class='ocrx_word' id='word_1_49' title='bbox 725 1066 798 1146; x_wconf 81' lang='lat' dir='ltr'>fuit,</span> <span class='ocrx_word' id='word_1_50' title='bbox 828 1089 930 1152; x_wconf 87' lang='lat' dir='ltr'>quum</span> <span class='ocrx_word' id='word_1_51' title='bbox 955 1067 1032 1132; x_wconf 91' lang='lat' dir='ltr'>inde</span> <span class='ocrx_word' id='word_1_52' title='bbox 1056 1070 1156 1153; x_wconf 84' lang='lat' dir='ltr'>irnpe-</span> 
     </span>
     <span class='ocr_line' id='line_1_8' title="bbox 62 1164 738 1251; baseline 0.001 -25"><span class='ocrx_word' id='word_1_53' title='bbox 62 1164 162 1228; x_wconf 88' lang='lat' dir='ltr'>diretnr</span> <span class='ocrx_word' id='word_1_54' title='bbox 186 1165 344 1230; x_wconf 81' lang='lat' dir='ltr'>Eduardo</span> <span class='ocrx_word' id='word_1_55' title='bbox 370 1167 577 1251; x_wconf 88' lang='lat' dir='ltr'>provinciam</span> <span class='ocrx_word' id='word_1_56' title='bbox 601 1167 738 1250; x_wconf 89' lang='lat' dir='ltr'>eripere.</span> 
     </span>
    </p>

    <p class='ocr_par' dir='ltr' id='par_1_3' title="bbox 129 1261 1318 1348">
     <span class='ocr_line' id='line_1_9' title="bbox 129 1261 1318 1348; baseline 0.002 -22"><span class='ocrx_word' id='word_1_57' title='bbox 129 1265 178 1328; x_wconf 73' lang='lat'>23.</span> <span class='ocrx_word' id='word_1_58' title='bbox 204 1262 314 1328; x_wconf 84' lang='lat' dir='ltr'>Causa</span> <span class='ocrx_word' id='word_1_59' title='bbox 328 1273 438 1327; x_wconf 86' lang='lat' dir='ltr'>tamen</span> <span class='ocrx_word' id='word_1_60' title='bbox 455 1262 648 1340; x_wconf 74' lang='lat' dir='ltr'>immediata</span> <span class='ocrx_word' id='word_1_61' title='bbox 672 1261 845 1326; x_wconf 87' lang='lat' dir='ltr'>conflictus</span> <span class='ocrx_word' id='word_1_62' title='bbox 868 1266 955 1348; x_wconf 86' lang='lat' dir='ltr'>regis</span> <span class='ocrx_word' id='word_1_63' title='bbox 978 1285 1054 1328; x_wconf 91' lang='lat' dir='ltr'>cum</span> <span class='ocrx_word' id='word_1_64' title='bbox 1072 1263 1155 1328; x_wconf 87' lang='lat' dir='ltr'>Pon·</span> <span class='ocrx_word' id='word_1_65' title='bbox 1169 1269 1237 1339; x_wconf 58' lang='grc' dir='ltr'>ΒΨ·</span> <span class='ocrx_word' id='word_1_66' title='bbox 1252 1265 1318 1340; x_wconf 61' lang='lat' dir='ltr'>‘W-</span> 
     </span>
    </p>
   </div>
   <div class='ocr_carea' id='block_1_3' title="bbox 60 1329 1307 1446">
    <p class='ocr_par' dir='ltr' id='par_1_4' title="bbox 60 1329 1307 1446">
     <span class='ocr_line' id='line_1_10' title="bbox 60 1329 1307 1446; baseline -0.002 -26"><span class='ocrx_word' id='word_1_67' title='bbox 60 1359 127 1424; x_wconf 84' lang='lat' dir='ltr'>tifice</span> <span class='ocrx_word' id='word_1_68' title='bbox 155 1361 220 1424; x_wconf 85' lang='lat' dir='ltr'>init</span> <span class='ocrx_word' id='word_1_69' title='bbox 256 1360 354 1446; x_wconf 88' lang='lat' dir='ltr'>hujus</span> <span class='ocrx_word' id='word_1_70' title='bbox 388 1360 485 1424; x_wconf 88' lang='lat' dir='ltr'>Bulla</span> <span class='ocrx_word' id='word_1_71' title='bbox 525 1358 658 1426; x_wconf 74' lang='lat' dir='ltr'>Clericis</span> <span class='ocrx_word' id='word_1_72' title='bbox 694 1358 810 1437; x_wconf 82' lang='lat' dir='ltr'>laicos,</span> <span class='ocrx_word' id='word_1_73' title='bbox 846 1382 946 1446; x_wconf 88' lang='lat' dir='ltr'>quam</span> <span class='ocrx_word' id='word_1_74' title='bbox 981 1359 1087 1426; x_wconf 84' lang='lat' dir='ltr'>edidit</span> <span class='ocrx_word' id='word_1_75' title='bbox 1121 1359 1153 1426; x_wconf 91' lang='lat' dir='ltr'>d.</span> <span class='ocrx_word' id='word_1_76' title='bbox 1185 1341 1216 1369; x_wconf 50' lang='grc' dir='ltr'>’Ἡ</span> <span class='ocrx_word' id='word_1_77' title='bbox 1231 1329 1307 1371; x_wconf 60' lang='lat' dir='ltr'>&#39;m&#39;</span> 
     </span>
    </p>
   </div>
   <div class='ocr_carea' id='block_1_4' title="bbox 58 1457 1157 1838">
    <p class='ocr_par' dir='ltr' id='par_1_5' title="bbox 58 1457 1157 1838">
     <span class='ocr_line' id='line_1_11' title="bbox 59 1457 1155 1543; baseline 0.005 -25"><span class='ocrx_word' id='word_1_78' title='bbox 59 1457 104 1520; x_wconf 74' lang='lat'>25⁰</span> <span class='ocrx_word' id='word_1_79' title='bbox 116 1458 207 1522; x_wconf 83' lang='lat' dir='ltr'>Febr.</span> <span class='ocrx_word' id='word_1_80' title='bbox 224 1481 254 1523; x_wconf 84' lang='lat' dir='ltr'>a.</span> <span class='ocrx_word' id='word_1_81' title='bbox 274 1459 397 1538; x_wconf 74' lang='lat'>1296.¹)</span> <span class='ocrx_word' id='word_1_82' title='bbox 433 1459 545 1540; x_wconf 83' lang='lat' dir='ltr'>Quum</span> <span class='ocrx_word' id='word_1_83' title='bbox 568 1457 725 1522; x_wconf 87' lang='lat' dir='ltr'>videlicct</span> <span class='ocrx_word' id='word_1_84' title='bbox 748 1479 841 1542; x_wconf 83' lang='lat' dir='ltr'>reges</span> <span class='ocrx_word' id='word_1_85' title='bbox 855 1457 998 1543; x_wconf 83' lang='lat' dir='ltr'>Angliae</span> <span class='ocrx_word' id='word_1_86' title='bbox 1022 1468 1054 1522; x_wconf 87' lang='lat' dir='ltr'>et</span> <span class='ocrx_word' id='word_1_87' title='bbox 1078 1457 1155 1524; x_wconf 87' lang='lat' dir='ltr'>Gal·</span> 
     </span>
     <span class='ocr_line' id='line_1_12' title="bbox 58 1553 1156 1641; baseline 0.004 -25"><span class='ocrx_word' id='word_1_88' title='bbox 58 1553 106 1618; x_wconf 90' lang='lat' dir='ltr'>liae</span> <span class='ocrx_word' id='word_1_89' title='bbox 120 1557 158 1620; x_wconf 92' lang='lat' dir='ltr'>ob</span> <span class='ocrx_word' id='word_1_90' title='bbox 174 1559 389 1640; x_wconf 76' lang='lat' dir='ltr'>gravissImoa</span> <span class='ocrx_word' id='word_1_91' title='bbox 404 1568 552 1641; x_wconf 87' lang='lat' dir='ltr'>surnptcs</span> <span class='ocrx_word' id='word_1_92' title='bbox 575 1558 631 1641; x_wconf 91' lang='lat' dir='ltr'>qui</span> <span class='ocrx_word' id='word_1_93' title='bbox 657 1557 695 1618; x_wconf 91' lang='lat' dir='ltr'>in</span> <span class='ocrx_word' id='word_1_94' title='bbox 709 1554 794 1619; x_wconf 88' lang='lat' dir='ltr'>bello</span> <span class='ocrx_word' id='word_1_95' title='bbox 811 1555 1034 1641; x_wconf 87' lang='lat' dir='ltr'>profundendi</span> <span class='ocrx_word' id='word_1_96' title='bbox 1052 1566 1156 1638; x_wconf 88' lang='lat' dir='ltr'>erant,</span> 
     </span>
     <span class='ocr_line' id='line_1_13' title="bbox 58 1652 1157 1740; baseline 0.004 -25"><span class='ocrx_word' id='word_1_97' title='bbox 58 1653 159 1739; x_wconf 85' lang='lat' dir='ltr'>diique</span> <span class='ocrx_word' id='word_1_98' title='bbox 181 1656 350 1740; x_wconf 84' lang='lat' dir='ltr'>principes</span> <span class='ocrx_word' id='word_1_99' title='bbox 377 1653 529 1737; x_wconf 89' lang='lat' dir='ltr'>(ardebat</span> <span class='ocrx_word' id='word_1_100' title='bbox 552 1674 695 1738; x_wconf 84' lang='lat' dir='ltr'>namque</span> <span class='ocrx_word' id='word_1_101' title='bbox 720 1652 895 1718; x_wconf 79' lang='lat' dir='ltr'>discordiis</span> <span class='ocrx_word' id='word_1_102' title='bbox 919 1653 1097 1736; x_wconf 88' lang='lat' dir='ltr'>Occidens)</span> <span class='ocrx_word' id='word_1_103' title='bbox 1123 1655 1157 1719; x_wconf 82' lang='lat' dir='ltr'>ln</span> 
     </span>
     <span class='ocr_line' id='line_1_14' title="bbox 59 1749 1156 1838; baseline 0.004 -26"><span class='ocrx_word' id='word_1_104' title='bbox 59 1749 279 1816; x_wconf 81' lang='lat' dir='ltr'>ecclesiasticos</span> <span class='ocrx_word' id='word_1_105' title='bbox 316 1763 559 1836; x_wconf 71' lang='lat' dir='ltr'>grassarentur,</span> <span class='ocrx_word' id='word_1_106' title='bbox 594 1750 682 1814; x_wconf 91' lang='lat' dir='ltr'>bona</span> <span class='ocrx_word' id='word_1_107' title='bbox 719 1750 932 1815; x_wconf 87' lang='lat' dir='ltr'>ecclesiarum</span> <span class='ocrx_word' id='word_1_108' title='bbox 966 1751 1156 1838; x_wconf 82' lang='lat' dir='ltr'>diriperent,</span> 
     </span>
    </p>
   </div>
   <div class='ocr_carea' id='block_1_5' title="bbox 54 1848 1157 2434">
    <p class='ocr_par' dir='ltr' id='par_1_6' title="bbox 54 1848 1157 2434">
     <span class='ocr_line' id='line_1_15' title="bbox 58 1848 1157 1935; baseline 0.005 -26"><span class='ocrx_word' id='word_1_109' title='bbox 58 1869 127 1912; x_wconf 83' lang='lat' dir='ltr'>nora</span> <span class='ocrx_word' id='word_1_110' title='bbox 148 1850 295 1935; x_wconf 90' lang='lat' dir='ltr'>quotidie</span> <span class='ocrx_word' id='word_1_111' title='bbox 328 1849 506 1933; x_wconf 82' lang='lat' dir='ltr'>vectigalia</span> <span class='ocrx_word' id='word_1_112' title='bbox 538 1848 580 1913; x_wconf 90' lang='lat' dir='ltr'>ab</span> <span class='ocrx_word' id='word_1_113' title='bbox 605 1848 838 1914; x_wconf 88' lang='lat' dir='ltr'>ecclesiasticis</span> <span class='ocrx_word' id='word_1_114' title='bbox 867 1851 1017 1934; x_wconf 90' lang='lat' dir='ltr'>personis</span> <span class='ocrx_word' id='word_1_115' title='bbox 1048 1851 1157 1935; x_wconf 82' lang='lat' dir='ltr'>exige-</span> 
     </span>
     <span class='ocr_line' id='line_1_16' title="bbox 57 1945 1157 2030; baseline 0.004 -23"><span class='ocrx_word' id='word_1_116' title='bbox 57 1959 121 2028; x_wconf 83' lang='lat' dir='ltr'>rent,</span> <span class='ocrx_word' id='word_1_117' title='bbox 143 1957 175 2012; x_wconf 90' lang='lat' dir='ltr'>et</span> <span class='ocrx_word' id='word_1_118' title='bbox 197 1946 359 2011; x_wconf 87' lang='lat' dir='ltr'>arbitratu</span> <span class='ocrx_word' id='word_1_119' title='bbox 393 1969 452 2011; x_wconf 93' lang='lat' dir='ltr'>suo</span> <span class='ocrx_word' id='word_1_120' title='bbox 477 1947 641 2012; x_wconf 85' lang='lat' dir='ltr'>decimam</span> <span class='ocrx_word' id='word_1_121' title='bbox 666 1945 719 2011; x_wconf 89' lang='lat' dir='ltr'>vel</span> <span class='ocrx_word' id='word_1_122' title='bbox 744 1948 938 2030; x_wconf 87' lang='lat' dir='ltr'>vigesimam</span> <span class='ocrx_word' id='word_1_123' title='bbox 963 1947 1157 2012; x_wconf 85' lang='lat' dir='ltr'>ecclesiasti-</span> 
     </span>
     <span class='ocr_line' id='line_1_17' title="bbox 56 2043 1156 2130; baseline 0.005 -25"><span class='ocrx_word' id='word_1_124' title='bbox 56 2063 151 2110; x_wconf 87' lang='lat' dir='ltr'>comm</span> <span class='ocrx_word' id='word_1_125' title='bbox 174 2045 341 2110; x_wconf 83' lang='lat' dir='ltr'>redituum</span> <span class='ocrx_word' id='word_1_126' title='bbox 359 2057 487 2130; x_wconf 87' lang='lat' dir='ltr'>partem</span> <span class='ocrx_word' id='word_1_127' title='bbox 511 2045 626 2110; x_wconf 83' lang='lat' dir='ltr'>tributi</span> <span class='ocrx_word' id='word_1_128' title='bbox 644 2047 778 2111; x_wconf 89' lang='lat' dir='ltr'>nomine</span> <span class='ocrx_word' id='word_1_129' title='bbox 799 2047 1010 2130; x_wconf 89' lang='lat' dir='ltr'>imperarent,</span> <span class='ocrx_word' id='word_1_130' title='bbox 1036 2044 1086 2109; x_wconf 90' lang='lat' dir='ltr'>his</span> <span class='ocrx_word' id='word_1_131' title='bbox 1102 2043 1156 2110; x_wconf 92' lang='lat' dir='ltr'>ob-</span> 
     </span>
     <span class='ocr_line' id='line_1_18' title="bbox 56 2141 1156 2229; baseline 0 -23"><span class='ocrx_word' id='word_1_132' title='bbox 56 2145 144 2208; x_wconf 78' lang='lat' dir='ltr'>viarit</span> <span class='ocrx_word' id='word_1_133' title='bbox 175 2145 363 2210; x_wconf 84' lang='lat' dir='ltr'>Bonifatius</span> <span class='ocrx_word' id='word_1_134' title='bbox 388 2143 471 2207; x_wconf 90' lang='lat' dir='ltr'>VIII</span> <span class='ocrx_word' id='word_1_135' title='bbox 503 2165 563 2228; x_wconf 93' lang='lat' dir='ltr'>per</span> <span class='ocrx_word' id='word_1_136' title='bbox 596 2141 686 2207; x_wconf 91' lang='lat' dir='ltr'>illam</span> <span class='ocrx_word' id='word_1_137' title='bbox 723 2141 1017 2223; x_wconf 70' lang='lat' dir='ltr'>constitutionem,</span> <span class='ocrx_word' id='word_1_138' title='bbox 1057 2165 1156 2229; x_wconf 85' lang='lat' dir='ltr'>quam</span> 
     </span>
     <span class='ocr_line' id='line_1_19' title="bbox 54 2239 1156 2306; baseline 0.004 -4"><span class='ocrx_word' id='word_1_139' title='bbox 54 2241 172 2306; x_wconf 90' lang='lat' dir='ltr'>consilio</span> <span class='ocrx_word' id='word_1_140' title='bbox 197 2264 274 2306; x_wconf 92' lang='lat' dir='ltr'>cum</span> <span class='ocrx_word' id='word_1_141' title='bbox 292 2239 526 2306; x_wconf 68' lang='lat' dir='ltr'>cardinalibus</span> <span class='ocrx_word' id='word_1_142' title='bbox 551 2240 664 2305; x_wconf 87' lang='lat' dir='ltr'>habito</span> <span class='ocrx_word' id='word_1_143' title='bbox 689 2241 849 2306; x_wconf 83' lang='lat' dir='ltr'>condidit.</span> <span class='ocrx_word' id='word_1_144' title='bbox 866 2279 910 2288; x_wconf 90' lang='lat'>-—</span> <span class='ocrx_word' id='word_1_145' title='bbox 930 2241 1054 2306; x_wconf 87' lang='lat' dir='ltr'>Notatu</span> <span class='ocrx_word' id='word_1_146' title='bbox 1078 2263 1156 2306; x_wconf 89' lang='lat' dir='ltr'>vero</span> 
     </span>
     <span class='ocr_line' id='line_1_20' title="bbox 55 2338 1156 2434; baseline 0.005 -36"><span class='ocrx_word' id='word_1_147' title='bbox 55 2342 181 2404; x_wconf 81' lang='lat' dir='ltr'>maxime</span> <span class='ocrx_word' id='word_1_148' title='bbox 210 2338 353 2434; x_wconf 33' lang='lat' dir='ltr'>&#39;dignum</span> <span class='ocrx_word' id='word_1_149' title='bbox 386 2351 450 2420; x_wconf 88' lang='lat' dir='ltr'>est,</span> <span class='ocrx_word' id='word_1_150' title='bbox 482 2341 706 2404; x_wconf 82' lang='lat' dir='ltr'>interventum</span> <span class='ocrx_word' id='word_1_151' title='bbox 738 2340 908 2404; x_wconf 79' lang='lat' dir='ltr'>Pontificio</span> <span class='ocrx_word' id='word_1_152' title='bbox 941 2349 1156 2425; x_wconf 88' lang='lat' dir='ltr'>provocatum</span> 
     </span>
    </p>
   </div>
   <div class='ocr_carea' id='block_1_6' title="bbox 45 2433 1158 3309">
    <p class='ocr_par' dir='ltr' id='par_1_7' title="bbox 45 2433 1158 3309">
     <span class='ocr_line' id='line_1_21' title="bbox 52 2433 1157 2523; baseline 0.003 -26"><span class='ocrx_word' id='word_1_153' title='bbox 52 2433 137 2500; x_wconf 85' lang='lat' dir='ltr'>fnisse</span> <span class='ocrx_word' id='word_1_154' title='bbox 150 2439 259 2502; x_wconf 85' lang='lat' dir='ltr'>aviris</span> <span class='ocrx_word' id='word_1_155' title='bbox 272 2437 505 2502; x_wconf 86' lang='lat' dir='ltr'>ecclesiasticis</span> <span class='ocrx_word' id='word_1_156' title='bbox 515 2436 672 2502; x_wconf 86' lang='lat' dir='ltr'>Galliaca</span> <span class='ocrx_word' id='word_1_157' title='bbox 681 2436 802 2523; x_wconf 89' lang='lat' dir='ltr'>quibus</span> <span class='ocrx_word' id='word_1_158' title='bbox 811 2437 854 2502; x_wconf 89' lang='lat' dir='ltr'>ad</span> <span class='ocrx_word' id='word_1_159' title='bbox 862 2437 1067 2502; x_wconf 87' lang='lat' dir='ltr'>Bonifatium</span> <span class='ocrx_word' id='word_1_160' title='bbox 1079 2435 1157 2502; x_wconf 83' lang='lat' dir='ltr'>data</span> 
     </span>
     <span class='ocr_line' id='line_1_22' title="bbox 53 2534 1152 2622; baseline 0.002 -26"><span class='ocrx_word' id='word_1_161' title='bbox 53 2547 91 2596; x_wconf 87' lang='lat' dir='ltr'>est</span> <span class='ocrx_word' id='word_1_162' title='bbox 111 2536 257 2621; x_wconf 87' lang='lat' dir='ltr'>epistola,</span> <span class='ocrx_word' id='word_1_163' title='bbox 283 2558 349 2622; x_wconf 92' lang='lat' dir='ltr'>qua</span> <span class='ocrx_word' id='word_1_164' title='bbox 365 2535 580 2600; x_wconf 88' lang='lat' dir='ltr'>vehementer</span> <span class='ocrx_word' id='word_1_165' title='bbox 603 2535 643 2599; x_wconf 92' lang='lat' dir='ltr'>de</span> <span class='ocrx_word' id='word_1_166' title='bbox 667 2537 754 2620; x_wconf 83' lang='lat' dir='ltr'>regis</span> <span class='ocrx_word' id='word_1_167' title='bbox 770 2534 1001 2600; x_wconf 82' lang='lat' dir='ltr'>exactionibus</span> <span class='ocrx_word' id='word_1_168' title='bbox 1018 2556 1152 2619; x_wconf 90' lang='lat' dir='ltr'>conque·</span> 
     </span>
     <span class='ocr_line' id='line_1_23' title="bbox 52 2633 1156 2720; baseline 0.003 -27"><span class='ocrx_word' id='word_1_169' title='bbox 52 2643 164 2698; x_wconf 89' lang='lat' dir='ltr'>mntnr.</span> <span class='ocrx_word' id='word_1_170' title='bbox 202 2634 287 2698; x_wconf 82' lang='lat' dir='ltr'>Eum</span> <span class='ocrx_word' id='word_1_171' title='bbox 305 2643 500 2720; x_wconf 87' lang='lat' dir='ltr'>comparant</span> <span class='ocrx_word' id='word_1_172' title='bbox 516 2633 569 2697; x_wconf 89' lang='lat' dir='ltr'>vel</span> <span class='ocrx_word' id='word_1_173' title='bbox 590 2635 652 2719; x_wconf 90' lang='lat' dir='ltr'>ipsi</span> <span class='ocrx_word' id='word_1_174' title='bbox 669 2633 834 2698; x_wconf 88' lang='lat' dir='ltr'>Pharaoni</span> <span class='ocrx_word' id='word_1_175' title='bbox 859 2634 960 2719; x_wconf 90' lang='lat' dir='ltr'>impio</span> <span class='ocrx_word' id='word_1_176' title='bbox 977 2633 1156 2718; x_wconf 82' lang='lat' dir='ltr'>Aegyptio·</span> 
     </span>
     <span class='ocr_line' id='line_1_24' title="bbox 51 2731 1157 2817; baseline 0.004 -27"><span class='ocrx_word' id='word_1_177' title='bbox 51 2749 110 2792; x_wconf 87' lang='lat' dir='ltr'>rum</span> <span class='ocrx_word' id='word_1_178' title='bbox 127 2732 279 2817; x_wconf 89' lang='lat' dir='ltr'>principi,</span> <span class='ocrx_word' id='word_1_179' title='bbox 305 2743 337 2796; x_wconf 89' lang='lat' dir='ltr'>et</span> <span class='ocrx_word' id='word_1_180' title='bbox 358 2731 454 2797; x_wconf 87' lang='lat' dir='ltr'>Sedis</span> <span class='ocrx_word' id='word_1_181' title='bbox 469 2731 680 2817; x_wconf 87' lang='lat' dir='ltr'>Apostolicae</span> <span class='ocrx_word' id='word_1_182' title='bbox 704 2731 907 2817; x_wconf 78' lang='lat' dir='ltr'>praesIdium</span> <span class='ocrx_word' id='word_1_183' title='bbox 932 2743 1045 2796; x_wconf 86' lang='lat' dir='ltr'>contra</span> <span class='ocrx_word' id='word_1_184' title='bbox 1059 2753 1157 2794; x_wconf 81' lang='lat' dir='ltr'>vexa·</span> 
     </span>
     <span class='ocr_line' id='line_1_25' title="bbox 50 2828 1157 2916; baseline 0.005 -28"><span class='ocrx_word' id='word_1_185' title='bbox 50 2828 142 2891; x_wconf 86' lang='lat' dir='ltr'>tiones</span> <span class='ocrx_word' id='word_1_186' title='bbox 166 2829 239 2895; x_wconf 86' lang='lat' dir='ltr'>illas</span> <span class='ocrx_word' id='word_1_187' title='bbox 262 2829 450 2914; x_wconf 87' lang='lat' dir='ltr'>implorant.</span> <span class='ocrx_word' id='word_1_188' title='bbox 498 2829 647 2916; x_wconf 85' lang='lat' dir='ltr'>Epistola</span> <span class='ocrx_word' id='word_1_189' title='bbox 672 2832 833 2914; x_wconf 87' lang='lat' dir='ltr'>inscripta</span> <span class='ocrx_word' id='word_1_190' title='bbox 855 2841 921 2894; x_wconf 90' lang='lat' dir='ltr'>est:</span> <span class='ocrx_word' id='word_1_191' title='bbox 952 2828 1157 2894; x_wconf 82' lang='lat' dir='ltr'>Sanctissimo</span> 
     </span>
     <span class='ocr_line' id='line_1_26' title="bbox 45 2927 1155 3015; baseline 0.003 -26"><span class='ocrx_word' id='word_1_192' title='bbox 45 2929 127 3006; x_wconf 82' lang='lat' dir='ltr'>patri</span> <span class='ocrx_word' id='word_1_193' title='bbox 148 2953 185 2991; x_wconf 85' lang='lat' dir='ltr'>ac</span> <span class='ocrx_word' id='word_1_194' title='bbox 208 2927 335 2993; x_wconf 81' lang='lat' dir='ltr'>domino</span> <span class='ocrx_word' id='word_1_195' title='bbox 359 2927 538 3014; x_wconf 80' lang='lat' dir='ltr'>Bonifatio,</span> <span class='ocrx_word' id='word_1_196' title='bbox 567 2929 632 2992; x_wconf 86' lang='lat' dir='ltr'>Dei</span> <span class='ocrx_word' id='word_1_197' title='bbox 653 2931 760 3015; x_wconf 72' lang='lat' dir='ltr'>pratia</span> <span class='ocrx_word' id='word_1_198' title='bbox 782 2951 899 2992; x_wconf 86' lang='lat' dir='ltr'>summo</span> <span class='ocrx_word' id='word_1_199' title='bbox 922 2928 1078 3012; x_wconf 81' lang='lat' dir='ltr'>Pontifici,</span> <span class='ocrx_word' id='word_1_200' title='bbox 1103 2927 1155 2992; x_wconf 80' lang='lat' dir='ltr'>clr-</span> 
     </span>
     <span class='ocr_line' id='line_1_27' title="bbox 50 3019 1158 3114; baseline 0.003 -29"><span class='ocrx_word' id='word_1_201' title='bbox 50 3019 134 3100; x_wconf 73' lang='lat' dir='ltr'>taes,</span> <span class='ocrx_word' id='word_1_202' title='bbox 166 3023 363 3106; x_wconf 80' lang='lat' dir='ltr'>abbatissae,</span> <span class='ocrx_word' id='word_1_203' title='bbox 395 3037 576 3106; x_wconf 80' lang='lat' dir='ltr'>conventus,</span> <span class='ocrx_word' id='word_1_204' title='bbox 607 3027 765 3108; x_wconf 81' lang='lat' dir='ltr'>canonici,</span> <span class='ocrx_word' id='word_1_205' title='bbox 794 3027 972 3114; x_wconf 75' lang='lat' dir='ltr'>presbyteri</span> <span class='ocrx_word' id='word_1_206' title='bbox 1004 3051 1042 3090; x_wconf 86' lang='lat' dir='ltr'>ac</span> <span class='ocrx_word' id='word_1_207' title='bbox 1075 3036 1158 3090; x_wconf 85' lang='lat' dir='ltr'>totus</span> 
     </span>
     <span class='ocr_line' id='line_1_28' title="bbox 48 3116 1158 3210; baseline 0.005 -29"><span class='ocrx_word' id='word_1_208' title='bbox 48 3116 135 3184; x_wconf 79' lang='lat' dir='ltr'>cler-as</span> <span class='ocrx_word' id='word_1_209' title='bbox 166 3122 257 3210; x_wconf 76' lang='lat' dir='ltr'>repni</span> <span class='ocrx_word' id='word_1_210' title='bbox 287 3124 447 3188; x_wconf 85' lang='lat' dir='ltr'>Franciae</span> <span class='ocrx_word' id='word_1_211' title='bbox 475 3125 593 3210; x_wconf 83' lang='lat' dir='ltr'>pedam</span> <span class='ocrx_word' id='word_1_212' title='bbox 621 3125 729 3188; x_wconf 81' lang='lat' dir='ltr'>osculo</span> <span class='ocrx_word' id='word_1_213' title='bbox 762 3125 931 3202; x_wconf 84' lang='lat' dir='ltr'>beatorum,</span> <span class='ocrx_word' id='word_1_214' title='bbox 963 3135 992 3186; x_wconf 89' lang='lat' dir='ltr'>ct</span> <span class='ocrx_word' id='word_1_215' title='bbox 1012 3123 1158 3209; x_wconf 81' lang='lat' dir='ltr'>feliciter</span> 
     </span>
     <span class='ocr_line' id='line_1_29' title="bbox 47 3220 1155 3309; baseline 0.008 -32"><span class='ocrx_word' id='word_1_216' title='bbox 47 3221 138 3282; x_wconf 76' lang='lat' dir='ltr'>concii</span> <span class='ocrx_word' id='word_1_217' title='bbox 160 3221 249 3284; x_wconf 83' lang='lat' dir='ltr'>Petri</span> <span class='ocrx_word' id='word_1_218' title='bbox 270 3220 449 3286; x_wconf 66' lang='lat' dir='ltr'>normulam</span> <span class='ocrx_word' id='word_1_219' title='bbox 471 3223 507 3286; x_wconf 81' lang='lat' dir='ltr'>in</span> <span class='ocrx_word' id='word_1_220' title='bbox 530 3223 628 3286; x_wconf 71' lang='lat' dir='ltr'>mario</span> <span class='ocrx_word' id='word_1_221' title='bbox 642 3222 794 3308; x_wconf 81' lang='lat' dir='ltr'>fluctibns</span> <span class='ocrx_word' id='word_1_222' title='bbox 816 3222 1028 3309; x_wconf 72' lang='lat' dir='ltr'>prtbcrnare.²)</span> <span class='ocrx_word' id='word_1_223' title='bbox 1073 3220 1155 3286; x_wconf 77' lang='lat' dir='ltr'>Con·</span> 
     </span>
    </p>
   </div>
   <div class='ocr_carea' id='block_1_7' title="bbox 45 3487 1158 4278">
    <p class='ocr_par' dir='ltr' id='par_1_8' title="bbox 45 3487 1158 3872">
     <span class='ocr_line' id='line_1_30' title="bbox 110 3487 1157 3558; baseline 0.004 -16"><span class='ocrx_word' id='word_1_224' title='bbox 110 3487 129 3554; x_wconf 83' lang='lat'>¹)</span> <span class='ocrx_word' id='word_1_225' title='bbox 147 3487 281 3554; x_wconf 85' lang='lat' dir='ltr'>Raynald.</span> <span class='ocrx_word' id='word_1_226' title='bbox 301 3487 378 3542; x_wconf 88' lang='lat' dir='ltr'>ada.</span> <span class='ocrx_word' id='word_1_227' title='bbox 400 3490 469 3544; x_wconf 84' lang='lat'>1296</span> <span class='ocrx_word' id='word_1_228' title='bbox 494 3497 523 3543; x_wconf 87' lang='lat' dir='ltr'>et</span> <span class='ocrx_word' id='word_1_229' title='bbox 542 3487 715 3544; x_wconf 87' lang='lat' dir='ltr'>Rohrbacher</span> <span class='ocrx_word' id='word_1_230' title='bbox 733 3489 763 3546; x_wconf 82' lang='lat' dir='ltr'>T.</span> <span class='ocrx_word' id='word_1_231' title='bbox 786 3489 825 3544; x_wconf 84' lang='lat'>19.</span> <span class='ocrx_word' id='word_1_232' title='bbox 846 3489 863 3545; x_wconf 89' lang='lat'>1.</span> <span class='ocrx_word' id='word_1_233' title='bbox 883 3492 917 3545; x_wconf 78' lang='lat'>77</span> <span class='ocrx_word' id='word_1_234' title='bbox 936 3489 1036 3558; x_wconf 86' lang='lat' dir='ltr'>aliique</span> <span class='ocrx_word' id='word_1_235' title='bbox 1055 3491 1157 3546; x_wconf 87' lang='lat' dir='ltr'>editam</span> 
     </span>
     <span class='ocr_line' id='line_1_31' title="bbox 47 3565 1157 3638; baseline 0.006 -20"><span class='ocrx_word' id='word_1_236' title='bbox 47 3565 158 3621; x_wconf 82' lang='lat' dir='ltr'>scribunt</span> <span class='ocrx_word' id='word_1_237' title='bbox 184 3567 292 3622; x_wconf 84' lang='lat' dir='ltr'>Bullarn</span> <span class='ocrx_word' id='word_1_238' title='bbox 316 3567 341 3621; x_wconf 91' lang='lat' dir='ltr'>d.</span> <span class='ocrx_word' id='word_1_239' title='bbox 363 3567 409 3621; x_wconf 84' lang='lat'>16⁰</span> <span class='ocrx_word' id='word_1_240' title='bbox 428 3569 557 3637; x_wconf 78' lang='lat' dir='ltr'>Augusti.</span> <span class='ocrx_word' id='word_1_241' title='bbox 600 3567 632 3622; x_wconf 92' lang='lat' dir='ltr'>In</span> <span class='ocrx_word' id='word_1_242' title='bbox 652 3567 729 3638; x_wconf 84' lang='lat' dir='ltr'>Corp.</span> <span class='ocrx_word' id='word_1_243' title='bbox 748 3570 825 3624; x_wconf 89' lang='lat' dir='ltr'>Juris</span> <span class='ocrx_word' id='word_1_244' title='bbox 850 3587 907 3624; x_wconf 89' lang='lat' dir='ltr'>can.</span> <span class='ocrx_word' id='word_1_245' title='bbox 934 3571 1075 3625; x_wconf 81' lang='lat' dir='ltr'>invenitur</span> <span class='ocrx_word' id='word_1_246' title='bbox 1099 3571 1157 3625; x_wconf 87' lang='lat' dir='ltr'>sine</span> 
     </span>
     <span class='ocr_line' id='line_1_32' title="bbox 47 3647 1158 3716; baseline 0.008 -18"><span class='ocrx_word' id='word_1_247' title='bbox 47 3647 164 3712; x_wconf 74' lang='lat' dir='ltr'>temporis</span> <span class='ocrx_word' id='word_1_248' title='bbox 184 3647 364 3716; x_wconf 87' lang='lat' dir='ltr'>expressione.</span> <span class='ocrx_word' id='word_1_249' title='bbox 403 3649 454 3703; x_wconf 83' lang='lat' dir='ltr'>Sed</span> <span class='ocrx_word' id='word_1_250' title='bbox 473 3651 539 3704; x_wconf 68' lang='lat'>25¹³*</span> <span class='ocrx_word' id='word_1_251' title='bbox 564 3648 642 3705; x_wconf 82' lang='lat' dir='ltr'>Febr.</span> <span class='ocrx_word' id='word_1_252' title='bbox 663 3664 721 3704; x_wconf 88' lang='lat' dir='ltr'>esse</span> <span class='ocrx_word' id='word_1_253' title='bbox 740 3649 811 3704; x_wconf 88' lang='lat' dir='ltr'>diem</span> <span class='ocrx_word' id='word_1_254' title='bbox 834 3651 968 3716; x_wconf 88' lang='lat' dir='ltr'>editionis,</span> <span class='ocrx_word' id='word_1_255' title='bbox 988 3657 1062 3707; x_wconf 86' lang='lat' dir='ltr'>certo</span> <span class='ocrx_word' id='word_1_256' title='bbox 1081 3653 1158 3707; x_wconf 88' lang='lat' dir='ltr'>modo</span> 
     </span>
     <span class='ocr_line' id='line_1_33' title="bbox 46 3723 1158 3800; baseline 0.01 -24"><span class='ocrx_word' id='word_1_257' title='bbox 46 3723 137 3782; x_wconf 76' lang='lat' dir='ltr'>neoc.</span> <span class='ocrx_word' id='word_1_258' title='bbox 156 3726 289 3782; x_wconf 83' lang='lat' dir='ltr'>Moenoir.</span> <span class='ocrx_word' id='word_1_259' title='bbox 309 3727 333 3781; x_wconf 93' lang='grc' dir='ltr'>Ι.</span> <span class='ocrx_word' id='word_1_260' title='bbox 353 3730 406 3782; x_wconf 69' lang='lat'>328</span> <span class='ocrx_word' id='word_1_261' title='bbox 424 3729 533 3784; x_wconf 82' lang='lat' dir='ltr'>invenit</span> <span class='ocrx_word' id='word_1_262' title='bbox 551 3729 584 3785; x_wconf 88' lang='lat' dir='ltr'>cl.</span> <span class='ocrx_word' id='word_1_263' title='bbox 603 3728 742 3786; x_wconf 89' lang='lat' dir='ltr'>Boehmer.</span> <span class='ocrx_word' id='word_1_264' title='bbox 779 3730 846 3784; x_wconf 88' lang='lat' dir='ltr'>Inde</span> <span class='ocrx_word' id='word_1_265' title='bbox 864 3731 942 3798; x_wconf 87' lang='lat' dir='ltr'>plura</span> <span class='ocrx_word' id='word_1_266' title='bbox 966 3733 1054 3800; x_wconf 81' lang='lat' dir='ltr'>magis</span> <span class='ocrx_word' id='word_1_267' title='bbox 1073 3733 1158 3788; x_wconf 90' lang='lat' dir='ltr'>clare-</span> 
     </span>
     <span class='ocr_line' id='line_1_34' title="bbox 45 3807 738 3872; baseline 0.006 -13"><span class='ocrx_word' id='word_1_268' title='bbox 45 3815 121 3861; x_wconf 66' lang='lat' dir='ltr'>arnt</span> <span class='ocrx_word' id='word_1_269' title='bbox 158 3807 216 3862; x_wconf 81' lang='lat' dir='ltr'>Gir.</span> <span class='ocrx_word' id='word_1_270' title='bbox 236 3807 334 3862; x_wconf 77' lang='lat' dir='ltr'>Helela</span> <span class='ocrx_word' id='word_1_271' title='bbox 352 3807 431 3864; x_wconf 81' lang='lat' dir='ltr'>Oonc</span> <span class='ocrx_word' id='word_1_272' title='bbox 450 3809 546 3866; x_wconf 82' lang='lat' dir='ltr'>Gesclr.</span> <span class='ocrx_word' id='word_1_273' title='bbox 566 3808 615 3864; x_wconf 88' lang='lat' dir='ltr'>VI.</span> <span class='ocrx_word' id='word_1_274' title='bbox 634 3815 657 3872; x_wconf 57' lang='grc' dir='ltr'>ᾖ.</span> <span class='ocrx_word' id='word_1_275' title='bbox 677 3811 738 3864; x_wconf 75' lang='grc'><strong>685.</strong></span> 
     </span>
    </p>

    <p class='ocr_par' dir='ltr' id='par_1_9' title="bbox 45 3885 1158 4278">
     <span class='ocr_line' id='line_1_35' title="bbox 107 3885 1155 3958; baseline 0.004 -16"><span class='ocrx_word' id='word_1_276' title='bbox 107 3885 129 3951; x_wconf 79' lang='lat'>¹)</span> <span class='ocrx_word' id='word_1_277' title='bbox 150 3887 182 3944; x_wconf 88' lang='lat' dir='ltr'>V.</span> <span class='ocrx_word' id='word_1_278' title='bbox 203 3887 300 3942; x_wconf 82' lang='lat' dir='ltr'>Lettre</span> <span class='ocrx_word' id='word_1_279' title='bbox 318 3889 355 3944; x_wconf 88' lang='lat' dir='ltr'>du</span> <span class='ocrx_word' id='word_1_280' title='bbox 372 3889 464 3958; x_wconf 79' lang='lat' dir='ltr'>cierge</span> <span class='ocrx_word' id='word_1_281' title='bbox 477 3889 595 3956; x_wconf 71' lang='lat' dir='ltr'>{roncale</span> <span class='ocrx_word' id='word_1_282' title='bbox 614 3897 674 3954; x_wconf 73' lang='lat' dir='ltr'>etc,</span> <span class='ocrx_word' id='word_1_283' title='bbox 695 3889 765 3944; x_wconf 78' lang='lat' dir='ltr'>tiree</span> <span class='ocrx_word' id='word_1_284' title='bbox 776 3889 813 3944; x_wconf 89' lang='lat' dir='ltr'>dn</span> <span class='ocrx_word' id='word_1_285' title='bbox 826 3891 975 3946; x_wconf 86' lang='lat' dir='ltr'>manuscrit</span> <span class='ocrx_word' id='word_1_286' title='bbox 992 3892 1039 3946; x_wconf 88' lang='lat' dir='ltr'>des</span> <span class='ocrx_word' id='word_1_287' title='bbox 1052 3893 1155 3958; x_wconf 85' lang='lat' dir='ltr'>Dunes;</span> 
     </span>
     <span class='ocr_line' id='line_1_36' title="bbox 46 3964 1158 4037; baseline 0.005 -19"><span class='ocrx_word' id='word_1_288' title='bbox 46 3964 72 4020; x_wconf 74' lang='grc' dir='ltr'>Τ.</span> <span class='ocrx_word' id='word_1_289' title='bbox 89 3969 163 4022; x_wconf 74' lang='lat' dir='ltr'>XXV</span> <span class='ocrx_word' id='word_1_290' title='bbox 182 3969 231 4024; x_wconf 87' lang='lat' dir='ltr'>des</span> <span class='ocrx_word' id='word_1_291' title='bbox 249 3969 392 4026; x_wconf 78' lang='lat' dir='ltr'>lltmciras</span> <span class='ocrx_word' id='word_1_292' title='bbox 410 3971 443 4026; x_wconf 90' lang='lat' dir='ltr'>da</span> <span class='ocrx_word' id='word_1_293' title='bbox 461 3969 624 4026; x_wconf 81' lang='lat' dir='ltr'>l&#39;Acadtmie</span> <span class='ocrx_word' id='word_1_294' title='bbox 643 3970 734 4037; x_wconf 79' lang='lat' dir='ltr'>rcyale</span> <span class='ocrx_word' id='word_1_295' title='bbox 753 3970 799 4025; x_wconf 92' lang='lat' dir='ltr'>des</span> <span class='ocrx_word' id='word_1_296' title='bbox 817 3970 941 4036; x_wconf 76' lang='lat' dir='ltr'>scientes,</span> <span class='ocrx_word' id='word_1_297' title='bbox 960 3972 1008 4026; x_wconf 89' lang='lat' dir='ltr'>des</span> <span class='ocrx_word' id='word_1_298' title='bbox 1020 3972 1116 4028; x_wconf 86' lang='lat' dir='ltr'>lettres</span> <span class='ocrx_word' id='word_1_299' title='bbox 1129 3979 1158 4026; x_wconf 89' lang='lat' dir='ltr'>et</span> 
     </span>
     <span class='ocr_line' id='line_1_37' title="bbox 46 4043 1156 4118; baseline 0.005 -19"><span class='ocrx_word' id='word_1_300' title='bbox 46 4043 85 4098; x_wconf 78' lang='lat' dir='ltr'>des</span> <span class='ocrx_word' id='word_1_301' title='bbox 104 4047 262 4104; x_wconf 75' lang='lat' dir='ltr'>baana-arta</span> <span class='ocrx_word' id='word_1_302' title='bbox 283 4049 316 4104; x_wconf 88' lang='lat' dir='ltr'>de</span> <span class='ocrx_word' id='word_1_303' title='bbox 337 4049 480 4118; x_wconf 78' lang='lat' dir='ltr'>Belgicus.</span> <span class='ocrx_word' id='word_1_304' title='bbox 509 4053 552 4117; x_wconf 86' lang='lat' dir='ltr'>Ap</span> <span class='ocrx_word' id='word_1_305' title='bbox 574 4049 734 4117; x_wconf 74' lang='lat' dir='ltr'>christophe</span> <span class='ocrx_word' id='word_1_306' title='bbox 753 4051 784 4106; x_wconf 82' lang='lat' dir='ltr'>T.</span> <span class='ocrx_word' id='word_1_307' title='bbox 805 4050 825 4106; x_wconf 88' lang='lat' dir='ltr'>l.</span> <span class='ocrx_word' id='word_1_308' title='bbox 846 4051 936 4104; x_wconf 76' lang='lat' dir='ltr'>Pieces</span> <span class='ocrx_word' id='word_1_309' title='bbox 952 4051 1063 4118; x_wconf 79' lang='lat' dir='ltr'>justitie.</span> <span class='ocrx_word' id='word_1_310' title='bbox 1084 4051 1115 4109; x_wconf 88' lang='lat' dir='ltr'>N.</span> <span class='ocrx_word' id='word_1_311' title='bbox 1131 4053 1156 4104; x_wconf 76' lang='lat'>3.</span> 
     </span>
     <span class='ocr_line' id='line_1_38' title="bbox 45 4127 1157 4200; baseline 0.001 -17"><span class='ocrx_word' id='word_1_312' title='bbox 45 4127 128 4182; x_wconf 71' lang='lat' dir='ltr'>Anaua</span> <span class='ocrx_word' id='word_1_313' title='bbox 145 4139 175 4184; x_wconf 89' lang='lat' dir='ltr'>et</span> <span class='ocrx_word' id='word_1_314' title='bbox 193 4129 254 4184; x_wconf 87' lang='lat' dir='ltr'>dies</span> <span class='ocrx_word' id='word_1_315' title='bbox 272 4145 325 4196; x_wconf 82' lang='lat' dir='ltr'>qno</span> <span class='ocrx_word' id='word_1_316' title='bbox 343 4131 410 4184; x_wconf 85' lang='lat' dir='ltr'>data</span> <span class='ocrx_word' id='word_1_317' title='bbox 423 4131 508 4187; x_wconf 82' lang='lat' dir='ltr'>inerit</span> <span class='ocrx_word' id='word_1_318' title='bbox 525 4129 641 4198; x_wconf 82' lang='lat' dir='ltr'>epistola</span> <span class='ocrx_word' id='word_1_319' title='bbox 654 4145 707 4184; x_wconf 93' lang='lat' dir='ltr'>non</span> <span class='ocrx_word' id='word_1_320' title='bbox 720 4131 884 4188; x_wconf 80' lang='lat' dir='ltr'>iudicantur.</span> <span class='ocrx_word' id='word_1_321' title='bbox 905 4132 977 4185; x_wconf 70' lang='lat' dir='ltr'>satis</span> <span class='ocrx_word' id='word_1_322' title='bbox 991 4132 1087 4186; x_wconf 88' lang='lat' dir='ltr'>mirum</span> <span class='ocrx_word' id='word_1_323' title='bbox 1106 4139 1157 4200; x_wconf 86' lang='lat' dir='ltr'>est,</span> 
     </span>
     <span class='ocr_line' id='line_1_39' title="bbox 45 4207 1157 4278; baseline 0.006 -20"><span class='ocrx_word' id='word_1_324' title='bbox 45 4207 170 4277; x_wconf 82' lang='lat' dir='ltr'>episcopos</span> <span class='ocrx_word' id='word_1_325' title='bbox 197 4208 304 4264; x_wconf 87' lang='lat' dir='ltr'>Galliae</span> <span class='ocrx_word' id='word_1_326' title='bbox 326 4209 355 4265; x_wconf 92' lang='lat' dir='ltr'>in</span> <span class='ocrx_word' id='word_1_327' title='bbox 381 4209 557 4278; x_wconf 85' lang='lat' dir='ltr'>inscriptione</span> <span class='ocrx_word' id='word_1_328' title='bbox 582 4209 713 4278; x_wconf 79' lang='lat' dir='ltr'>epistolae</span> <span class='ocrx_word' id='word_1_329' title='bbox 737 4227 791 4266; x_wconf 91' lang='lat' dir='ltr'>non</span> <span class='ocrx_word' id='word_1_330' title='bbox 810 4213 951 4268; x_wconf 83' lang='lat' dir='ltr'>recenseri.</span> <span class='ocrx_word' id='word_1_331' title='bbox 989 4211 1106 4268; x_wconf 89' lang='lat' dir='ltr'>Videtur</span> <span class='ocrx_word' id='word_1_332' title='bbox 1129 4212 1157 4266; x_wconf 89' lang='lat' dir='ltr'>id</span> 
     </span>
    </p>
   </div>
   <div class='ocr_carea' id='block_1_8' title="bbox 0 0 1426 4840">
    <p class='ocr_par' dir='ltr' id='par_1_10' title="bbox 0 0 1426 4840">
     <span class='ocr_line' id='line_1_40' title="bbox 0 0 1426 4840; baseline 0 4"><span class='ocrx_word' id='word_1_333' title='bbox 0 0 1426 4840; x_wconf 95' lang='lat' dir='ltr'> </span> 
     </span>
    </p>
   </div>
  </div>
 </body>
</html>
