2858 4834
272 440 323 494 1611
503 439 589 494 XXV.
609 440 649 494 De
668 455 749 495 causa
766 457 786 496 s.
806 439 924 494 Thomas
943 436 1156 494 cantuariensis.

272 582 435 669 scrupulis
464 594 636 668 urgeretur
669 583 710 648 ob
743 583 938 648 electionem
972 585 1076 670 ipsius
1101 585 1211 648 minus
1233 581 1339 648 libere
1363 597 1394 653 et

271 683 446 763 canonice,
488 681 545 745 sed
575 683 662 765 regis
692 683 799 767 gratia
829 691 861 745 et
894 679 1063 746 voluntate
1097 681 1233 764 factam,
1274 704 1395 746 munus

272 800 368 842 suum
392 779 520 843 occulte
543 781 727 864 resignasse
751 776 785 842 in
809 801 928 843 manus
945 779 1128 844 Alexandri
1145 779 1206 860 ΙΙΙ,
1232 791 1265 843 et
1287 779 1332 844 ab
1357 803 1394 844 eo

272 876 350 941 dein
382 875 463 941 illud
499 878 619 941 iterum
653 879 830 963 recepisse,
870 887 907 940 ut
937 879 1140 963 quicumque
1176 877 1327 943 defectus
1358 903 1396 942 ea

272 976 398 1039 ratione
423 985 604 1039 sanaretur.

101 1099 262 1139 nis-tunnas
365 1082 415 1146 14.
460 1082 500 1145 ln
527 1081 681 1166 Angliam
706 1102 859 1146 reversus
883 1089 932 1144 est
955 1080 1033 1144 dein
1056 1080 1340 1167 archiepiscopus,
1365 1095 1397 1146 et

121 1161 242 1263 μ’,ᾞῗῑο
272 1180 480 1243 continuavit
509 1179 596 1244 bona
626 1179 796 1244 Ecclesiae
831 1203 850 1243 a
882 1178 1094 1262 magnatibus
1133 1189 1246 1265 erepta
1285 1181 1394 1244 cidem

271 1286 403 1340 strenue
427 1277 611 1343 vindicare.
658 1277 724 1342 Sed
756 1275 848 1342 brevi
872 1288 946 1362 post
976 1277 1115 1341 dissidia
1139 1299 1214 1341 cum
1240 1299 1319 1362 rege
1344 1303 1395 1343 ex·

270 1384 341 1439 orta
372 1386 458 1440 sunt.
505 1376 632 1440 Ansam
656 1377 821 1461 praestitit
849 1377 997 1462 quaestio
1036 1375 1077 1438 de
1110 1376 1278 1462 privilapio
1303 1377 1397 1463 fori,·

270 1474 423 1557 quamvis
447 1473 591 1537 inde‘ab
616 1475 709 1537 initio
735 1495 828 1538 mens
852 1475 938 1557 regis
962 1495 1001 1537 ea
1017 1483 1112 1554 esset,
1137 1484 1173 1537 ut
1196 1474 1259 1538 sibi
1284 1497 1395 1560 supre-

271 1571 407 1634 matiam
437 1573 472 1635 in
496 1571 652 1638 ecclesias
683 1571 821 1636 firmiter
845 1571 1045 1654 vindicaret,
1078 1581 1177 1657 atque
1209 1573 1395 1637 universim

270 1668 388 1732 harum
424 1668 729 1735 subordinationem
768 1668 829 1734 sub
861 1678 1022 1755 potestate
1061 1670 1152 1733 civili
1192 1669 1394 1755 disponeret.

270 1766 419 1830 Primum
443 1768 545 1852 igitur
560 1777 696 1832 conatus
713 1779 762 1832 est
779 1767 943 1832 Henricus
966 1789 1027 1832 rex
1051 1767 1137 1832 clero
1163 1771 1288 1853 eripere
1316 1768 1397 1834 illud

270 1863 482 1950 privilegium
506 1866 579 1948 fori,
604 1889 662 1930 sau
687 1867 930 1930 immunitatem
949 1866 1026 1952 jure
1045 1867 1204 1930 canonico
1222 1869 1398 1948 sancitam,

270 1985 336 2049 qua
360 1962 470 2045 fiebat,
496 1975 532 2028 ut
555 1985 674 2028 causae
699 1964 908 2044 clericorum,
940 1965 1040 2027 etiam
1064 1963 1197 2048 quando
1222 1962 1263 2027 de
1287 1967 1396 2028 crimi-

270 2061 369 2125 nibus
407 2063 576 2146 agebatur,
617 2085 637 2127 a
669 2062 841 2148 judicibus
882 2060 1113 2125 ecclesiasticis
1150 2060 1397 2126 dirimerentur.

269 2157 455 2222 Postulavit
478 2161 579 2242 igitur
601 2160 753 2246 pluribus
777 2162 811 2224 in
836 2158 984 2242 casibus,
1018 2169 1053 2222 ut
1081 2158 1192 2223 clerici
1216 2161 1396 2224 eriminum

269 2259 328 2339 rei,
362 2278 380 2319 e
411 2258 517 2341 gradu
550 2258 694 2323 clericali
726 2259 931 2324 exauctorati
960 2256 1134 2343 judicibus
1168 2257 1399 2323 saecularibus

270 2355 488 2436 traderentur,
514 2377 579 2441 quo
603 2357 773 2421 efficacius
798 2356 1013 2440 punirentur3
1045 2354 1104 2420 sed
1128 2354 1401 2441 archiepiscopus

270 2453 398 2516 fortiter
426 2455 456 2517 ei
487 2455 615 2519 restitit.
669 2453 721 2518 Ita
751 2453 983 2539 presbyterum
1016 2452 1188 2516 homicidii
1217 2467 1314 2518 re'um
1348 2479 1398 2518 ex-

271 2553 458 2615 auctoravit
481 2552 615 2638 quidem
632 2551 788 2632 Thomas,
813 2560 847 2615 et
869 2551 912 2615 ad
937 2561 1131 2637 perpetuam
1154 2552 1398 2637 poenitentiam

271 2650 305 2712 in
330 2651 566 2714 monasterium
590 2650 760 2734 relegavit,
786 2649 843 2715 sed
868 2671 944 2712 cum
962 2652 1073 2713 curiae
1089 2649 1247 2714 saeculari
1266 2652 1401 2716 tradere

270 2749 451 2826 recusavit,
486 2748 585 2835 juxta
620 2750 786 2834 principia
812 2748 898 2833 juris
930 2750 1082 2812 canonici
1115 2755 1194 2812 tuuc
1224 2749 1328 2812 etiam
1367 2753 1399 2813 in

270 2844 393 2929 Anglia
417 2847 570 2930 vigentis,
594 2856 694 2931 atque
719 2846 888 2910 decretum
904 2867 1096 2931 expressum
1113 2844 1273 2931 Stephani
1299 2849 1399 2927 regis,

270 2963 335 3027 quo
368 2942 423 3007 hic
457 2967 486 3010 a.
515 2945 600 3010 1136
637 2943 719 3008 illud
757 2943 970 3029 privilegium
1010 2943 1090 3006 cleri
1128 2942 1399 3008 confirmaverat.

270 3041 398 3104 Pariter
422 3041 612 3128 Philippum
638 3044 846 3121 canonicum,
881 3042 938 3126 qui
962 3042 1053 3124 regio
1078 3042 1284 3124 magistratui
1312 3043 1396 3126 inju-

270 3141 353 3202 riam
386 3139 552 3222 intnlerat,
592 3142 707 3226 poenis
736 3140 907 3204 canonicis
931 3138 1066 3224 quidem
1090 3135 1231 3219 addixit,
1272 3139 1342 3202 imo
1368 3151 1401 3201 et

271 3238 374 3321 virgis
399 3237 491 3302 caedi
517 3238 604 3322 facit,
630 3262 671 3304 ne
688 3240 798 3302 minus
814 3259 928 3302 severa
944 3259 1041 3321 agere
1054 3236 1241 3318 videretur,
1266 3258 1398 3300 verum-

270 3345 383 3399 tamen
407 3357 514 3421 neque
538 3335 627 3402 huuc
645 3335 819 3423 judicibus
843 3337 943 3421 regiis
956 3334 1087 3399 tradere
1102 3333 1216 3416 voluit,
1242 3335 1288 3397 uti
1307 3337 1397 3420 prin·

272 3455 349 3518 ceps
373 3434 540 3519 poscebat.
565 3474 607 3483 —
631 3433 698 3500 Sed
721 3457 781 3498 rex
804 3433 930 3519 aliquot
954 3432 1091 3496 clericos
1120 3434 1293 3498 occasione
1319 3432 1398 3496 data

270 3531 314 3595 ad
333 3532 463 3617 judicia
486 3532 670 3598 saecularia
694 3531 855 3597 violenter
871 3530 1009 3612 detulit3
1034 3539 1133 3616 atque
1148 3529 1315 3594 discordia
1330 3553 1397 3594 non

271 3629 447 3694 mediocris
482 3642 596 3696 exorta
626 3631 716 3717 est.¹)
762 3628 1043 3715 Arcbiepiscopus
1076 3628 1117 3692 de
1141 3627 1398 3693 difficultatibus

346 3829 366 3894 ¹)
385 3827 450 3881 Alia
468 3825 552 3881 etiam
571 3826 681 3881 additur
699 3825 804 3880 dissidii
824 3823 935 3880 occasio.
961 3823 1077 3878 Thomas
1095 3827 1238 3878 vacantem
1257 3822 1398 3878 ecclesiam

270 3907 452 3962 Amatormiaa
470 3907 623 3961 contulerat
641 3905 885 3961 administrandam
903 3904 1010 3960 cuidam
1027 3903 1184 3958 Laurentio.
1210 3902 1395 3957 Sed-williel·

270 4003 329 4042 nnus
348 3986 470 4042 dominus
489 3988 580 4052 villae,
604 3987 657 4041 sibi
677 3987 817 4042 vindicans
833 3985 878 4055 jus
897 3989 1066 4055 patronatus,
1092 3983 1271 4038 Laurentium
1289 3983 1396 4050 expulit

271 4068 397 4136 ecolesia;
416 4068 533 4123 Thomas
551 4083 615 4122 varo
635 4068 776 4121 audaciam
790 4065 928 4122 Wilhelmi
947 4063 1223 4119 excommunicatione
1233 4065 1394 4132 castigavit.

271 4147 358 4215 Quum
387 4149 435 4202 hoe
462 4147 573 4203 lecisset
591 4148 744 4202 inconsulto
763 4164 835 4218 rege,
861 4147 984 4216 princeps
1009 4161 1137 4215 magnam
1164 4146 1288 4211 concepit
1305 4145 1394 4212 indig-

269 4228 416 4293 nationem,
436 4227 607 4296 contendens,
635 4227 740 4283 nullum
758 4227 914 4284 ministrum
932 4225 1046 4296 regium,
1071 4225 1189 4296 (qualem
1214 4224 1393 4280 contendebat
