2868 4844
341 426 379 478 lte
398 425 551 479 schismatis
571 425 746 481 incremento.
1071 425 1123 478 att

26 569 232 634 Theodericus
266 571 300 633 in
328 568 532 633 Bonifatium
574 569 674 632 acuit.
731 566 866 632 Abusus
903 577 1013 632 tamen
1046 567 1130 631 varii

24 667 122 732 adesse
152 677 339 754 potuerunt,
380 665 608 750 multiplicatis
638 665 875 751 exspectativis
906 674 939 729 et
969 664 1132 750 dignitate

25 786 220 849 personarum
246 764 335 830 haud
360 765 440 828 satis
463 763 689 848 considerata3
713 772 773 828 sed
795 761 953 848 pleraque
976 783 1063 848 quae
1086 783 1131 825 re·

22 861 157 927 feruntur
180 863 315 928 omnino
340 869 540 948 exaggerata
564 881 634 926 esse
660 881 842 926 censemus.

99 969 150 1035 38.
196 970 276 1033 Post
305 980 442 1033 mortem
474 965 631 1030 Bonifatii
664 967 714 1031 IX
746 965 941 1031 Cardinales
973 963 1294 1068 0⁰1¹⁰¹²1v⁰„,¹‚²2331”,{¹'1‚

22 1069 146 1150 ingressi
180 1068 371 1152 juramento
411 1088 445 1130 se
483 1064 748 1147 obstrinxerunt,
788 1075 825 1128 ut
861 1066 917 1151 qui
957 1063 1134 1148 eligeretur
1262 1054 1301 1068 '⁸

22 1164 179 1228 schismati
219 1163 463 1248 exstinguendo
502 1173 569 1227 toto
609 1165 720 1226 animo
763 1161 989 1243 adlaboraret,
1032 1163 1132 1226 etium

20 1265 173 1344 cessione,
212 1265 239 1326 si
271 1283 353 1347 opus
385 1271 487 1343 esset,
524 1260 645 1325 oblata.
700 1259 836 1325 Electus
867 1281 946 1324 vero
977 1260 1041 1324 fuit
1079 1258 1134 1324 die

22 1360 72 1420 ll⁰
115 1357 269 1424 Octobris
315 1384 343 1426 a.
395 1360 481 1424 1404
527 1357 716 1423 Cardinalis
763 1357 901 1423 Cosmas
942 1357 1134 1422 Melioratus

19 1457 247 1535 sulmonensis
281 1460 336 1543 qui
368 1479 488 1522 nomen
513 1459 692 1521 Innocentii
720 1458 786 1520 VII
812 1460 950 1543 accepit.
990 1493 1028 1504 —-
1071 1455 1134 1519 Istc

21 1555 162 1640 l’ontiseae
177 1557 249 1641 ,fnit
272 1557 368 1633 mitis,
393 1554 509 1620 scribit
523 1554 761 1635 Theodericus,
786 1555 935 1640 boniyous
960 1566 989 1618 et
1012 1575 1134 1638 compa·

19 1655 89 1714 tirus
120 1653 261 1738 afflictis,
295 1677 350 1718 nec
383 1667 452 1718 orat
476 1653 586 1740 aliqua
610 1654 760 1739 superbia
783 1655 818 1716 in
842 1675 887 1730 eo,
920 1675 1017 1738 nequo
1045 1649 1135 1737 opud

19 1754 111 1834 bisam
144 1753 285 1836 acceptio
309 1773 539 1837 personarum
572 1809 576 1818 .
604 1802 611 1817 .
637 1801 644 1815 .
676 1773 732 1814 noc
756 1751 855 1814 alictti
886 1749 1046 1826 molestus,
1079 1769 1135 1810 uec

18 1849 144 1935 cupidus
182 1871 237 1913 sco
260 1871 377 1912 auarus
409 1851 573 1932 existebat,
613 1851 803 1913 simoniacos
844 1869 956 1911 caeooos
985 1844 1135 1932 babuit.¹)

18 1945 73 2010 Pro
97 1968 190 2010 more
212 1945 330 2014 litteris
354 1949 534 2034 encyclicis
569 1948 763 2013 electionem
797 1967 889 2010 suam
920 1947 1135 2030 animumque

16 2045 52 2108 ad
75 2045 286 2110 efficiendam
305 2048 460 2112 unionem
478 2047 771 2133 propensissimum
789 2045 1011 2123 annuntiavit,
1036 2052 1134 2128 atque

16 2143 43 2205 in
67 2142 159 2207 hunc
184 2143 284 2208 linem
309 2143 529 2210 Obedientioe
561 2166 640 2208 suae
671 2146 703 2206 in
736 2143 823 2207 diem
856 2145 913 2205 lum
935 2139 1136 2205 Novembris

15 2264 39 2304 a.
71 2241 162 2306 1405
203 2245 404 2306 convocavit
441 2241 594 2327 generale
628 2239 826 2322 Concilium,
866 2250 903 2303 ut
940 2239 985 2303 ibi
1026 2237 1136 2302 media

18 2343 144 2404 unionis
184 2349 370 2425 opportuna
412 2342 651 2405 invenirentur.
710 2337 885 2402 Ladislaus
922 2349 1031 2402 autem
1078 2357 1136 2400 rex

17 2437 253 2525 Neapolitanus
277 2459 353 2502 cum
378 2439 534 2520 audisset,
572 2437 767 2503 Pontificem
795 2449 1000 2500 sacramento
1025 2457 1059 2498 se
1083 2435 1136 2498 ob·

16 2537 186 2600 strinxisse
209 2536 251 2602 ad
278 2536 510 2622 deponendam
535 2535 742 2620 dignitatem,
775 2537 800 2598 si
826 2533 944 2598 Petrus
975 2533 1016 2598 de
1039 2533 1137 2598 Luna

16 2633 196 2722 antipapali
221 2634 352 2720 fastigio
383 2633 501 2718 abiret,
533 2635 701 2698 sinistram
726 2633 880 2717 concepit
903 2633 1136 2718 suspicionem,

16 2755 50 2794 nc
82 2735 116 2796 in
153 2731 368 2796 ecclesiarum
404 2732 608 2796 restituenda
647 2731 824 2796 concordia
864 2751 942 2793 suae
981 2729 1137 2814 dignitati

14 2829 147 2918 aliquod
173 2827 356 2916 periculum
383 2839 551 2894 crearetur
582 2828 639 2916 (ob
664 2829 874 2894 inimicitiam
906 2849 981 2892 cum
1006 2825 1138 2906 Gallis).

15 2929 169 2993 Adduxit
193 2930 293 3012 igitur
318 2925 561 3008 Innocentium,
587 2927 628 2990 de
653 2948 717 3014 quo
742 2935 876 3012 propter
899 2927 1137 3011 protectionem

15 3039 126 3090 contra
154 3025 321 3090 Romanos
344 3028 536 3110 praestitam
567 3025 652 3089 bene
676 3034 851 3106 meruerat,
887 3036 924 3088 ut
947 3021 1139 3109 Apostolica

14 3125 187 3188 sanctione
213 3121 373 3206 vulgaret,
399 3123 567 3209 publicam
592 3143 708 3208 pacem
733 3143 904 3210 nunquam
928 3119 1137 3200 firmandam,

13 3224 70 3285 uisi
83 3218 266 3286 Ladislaus
281 3233 421 3306 sceptra,
446 3221 568 3308 quibus
584 3221 744 3286 hactenns
758 3220 956 3305 potiebatur,
973 3221 1137 3284 retineret.

15 3321 84 3400 Qua
111 3321 147 3384 in
175 3341 210 3382 re
235 3321 346 3384 minus
370 3319 551 3404 prudenter
574 3321 651 3403 egit.
685 3317 750 3382 Sed
775 3341 862 3383 anno
887 3329 1044 3404 sequente
1069 3319 1140 3402 ipse

13 3417 192 3484 Ladislaus
215 3438 275 3482 rex
298 3416 518 3482 dominationi
544 3417 669 3482 Romae
694 3417 827 3481 inhians
852 3419 884 3480 in
911 3416 1002 3482 Urbe
1026 3416 1139 3480 turbas

13 3528 124 3582 contra
140 3513 375 3580 Innocentium
400 3517 570 3590 incitavit3
596 3525 797 3601 quapropter
813 3513 967 3578 Pontifex
992 3515 1140 3578 censuris

12 3617 41 3678 iu
73 3635 193 3700 regem
227 3613 480 3693 animadvertit3
520 3616 590 3699 ipse
622 3634 700 3677 vcro
736 3633 777 3675 ex
809 3612 890 3676 urbe
922 3611 1075 3676 secedere
1107 3621 1142 3675 et

13 3711 202 3778 Concilium
228 3731 403 3797 prorogare
428 3723 561 3776 coactus
586 3721 643 3775 est.
692 3710 804 3774 Altero
828 3721 939 3773 antem
963 3731 1060 3790 anno,
1086 3709 1141 3774 die

13 3811 46 3872 6⁰
76 3807 285 3875 Novembris
323 3807 419 3890 1406,
458 3809 673 3874 Innocentius
707 3818 917 3893 praematura
951 3818 1054 3871 morte
1086 3807 1140 3872 de·

14 3909 147 3972 iunctus
175 3917 233 3972 est.

83 4215 106 4278 ι)
126 4207 232 4263 russo.
252 4209 285 4262 oe
304 4207 389 4263 utem.
411 4209 419 4262 1
451 4207 486 4261 u.
506 4227 528 4262 c.
549 4209 592 4264 so.
