2916 4842
267 438 355 494 Lnota
374 439 505 493 Friderici
525 439 538 493 Ι
557 445 651 493 contra
670 439 853 494 Alexandrum
872 440 923 493 ΙΙΙ.
1107 441 1156 495 125

54 581 303 647 ceobstrinxisae
322 583 523 668 juramento,
540 584 707 647 neminem
725 582 869 668 eligendi
893 585 956 648 uisi
972 585 1029 669 qui
1044 581 1155 648 Siculo
1200 635 1203 646 .

54 681 186 764 placeret,
211 691 246 745 et
270 680 369 745 simul
393 683 505 745 iniisse
529 682 733 766 praedictam
758 683 1022 749 conventionem.
1064 681 1156 745 Haeo

52 800 114 842 sane
136 801 255 864 parum
290 777 478 843 cohaerent.
511 817 554 827 -—
587 779 849 865 Supponendum
880 782 1062 865 igiturest,
1087 803 1156 844 rem

53 877 130 940 aliter
151 899 185 940 ae
210 875 385 957 habuisse;
422 878 618 942 convenisse
642 877 798 941 videlicet
823 876 1027 960 Cardioales,
1058 887 1103 958 ut,
1129 878 1156 941 si

51 977 110 1058 quis
138 975 170 1038 in
202 987 330 1038 secreto
363 977 521 1039 scrutinio
555 977 667 1038 omnia
696 977 853 1060 sutfragia
886 997 952 1040 non
983 976 1161 1056 obtineret,-

52 1086 145 1136 tamen
170 1073 385 1137 concordiam
411 1082 590 1154 servarent,
625 1084 657 1136 et
681 1075 902 1158 negotiatione
926 1073 1066 1158 pacifica
1089 1082 1157 1138 ten-

51 1169 151 1233 derent
173 1170 217 1234 ad
243 1170 343 1234 talem
368 1173 491 1255 negotii
507 1171 762 1253 conclusionem,
788 1193 872 1256 quae
896 1171 1050 1235 omnibus
1074 1183 1159 1234 esset

50 1281 179 1353 accepta.
228 1268 270 1332 Id
303 1291 379 1334 vero
411 1292 525 1354 reapse
551 1267 744 1333 Cardinales
768 1269 989 1333 Alexandrini
1022 1270 1157 1354 exsequi

50 1366 243 1448 studuerunt,
268 1389 308 1430 ac
331 1377 504 1452 propterca
520 1390 578 1452 per
590 1378 656 1431 tres
668 1367 739 1431 dies
753 1369 928 1431 continuos
943 1367 984 1430 de
999 1365 1158 1430 electione

51 1475 274 1530 tractaverunt.
326 1463 392 1530 Sed
417 1466 549 1550 quando
574 1464 817 1548 intellexerunt,
846 1466 1054 1529 adversarios
1077 1488 1158 1528 nun·

51 1583 132 1646 qnam
169 1564 255 1648 ipsis
286 1585 503 1628 consensuros
526 1585 611 1646 esse,
648 1565 881 1648 neminemque
905 1563 989 1628 velle
1014 1584 1069 1627 eos
1095 1564 1158 1627 nisi

52 1663 271 1740 lictarianum,
283 1665 302 1740 ¹)
326 1660 510 1746 periculum
525 1671 636 1725 autem
654 1683 723 1724 esse
747 1662 781 1724 in
798 1683 889 1724 mora
913 1660 1070 1742 ulteriori,
1094 1683 1158 1724 me-

52 1760 99 1820 u'to
120 1757 317 1822 electionem
342 1757 483 1823 Rolandi
507 1759 756 1844 perfecerunt.²)

123 1891 177 1955 26.
203 1889 305 1970 Quod
321 1912 399 1956 vero
416 1893 535 1955 attinet
557 1892 600 1955 ad
612 1891 776 1955 diversam
802 1892 1023 1955 narrationem
1049 1892 1157 1977 quoad
1168 1901 1229 1949 Quot
1249 1899 1328 1941 onu-

50 2009 196 2051 raaerum
226 1987 470 2068 Cardinalium,
511 1992 567 2074 qui
599 1989 828 2053 Alexandrum
860 1988 924 2070 III,
965 1988 1018 2052 vel
1048 1962 1329 2075 Victo-”ssssfflf'

52 2107 106 2148 rem
128 2088 180 2150 IV
205 2089 411 2172 antipapam,
445 2087 625 2176 elegerunt,
662 2109 765 2151 verax
789 2086 944 2151 habenda
968 2098 1017 2150 est
1044 2086 1157 2150 relatio

54 2183 142 2266 ipsius
154 2183 353 2267 Alexandri,
377 2207 554 2271 rerumque
575 2186 768 2249 confusione
783 2195 816 2248 et
831 2185 940 2249 fallaci
955 2186 1160 2270 expositione

55 2280 224 2346 abutuntur
248 2283 444 2348 Victoriani.
491 2283 657 2347 Videlicet
680 2283 736 2363 illi,
768 2285 824 2368 qui
856 2291 932 2347 actu
965 2291 1162 2346 creaverunt

54 2377 236 2445 Pontificem
251 2379 473 2446 Octavianum
491 2403 626 2466 seseque
641 2392 753 2467 aperte
769 2389 994 2467 opposuerunt
1009 2378 1161 2444 electioni

53 2477 190 2562 llolandi,
239 2479 374 2543 fuerunt
418 2489 493 2560 tres,
532 2478 747 2558 Octavianus,
792 2479 905 2543 Guido
935 2489 968 2542 et
990 2479 1161 2542 Johannes

54 2573 246 2643 Cardinales.
292 2576 359 2642 Sed
389 2579 488 2642 refert
516 2576 650 2642 Gerlrolr
683 2576 788 2640 abbas
815 2575 1161 2662 Reichenspergensis,

54 2695 144 2758 quum
169 2673 210 2738 de
223 2674 384 2740 electione
400 2685 604 2756 tractaretur,
619 2674 776 2760 majorem
795 2687 920 2759 partem
934 2672 1161 2738 Cardinalium

53 2771 185 2836 voluisse
208 2773 407 2856 Rolandum,
435 2773 563 2859 aliquos
586 2773 820 2854 Octavianum,
846 2783 878 2835 et
901 2773 1059 2858 quosdam
1085 2773 1162 2836 Ber-

55 2869 184 2934 nardum
211 2871 427 2936 Portuensem
451 2869 673 2936 Cardinalem.
713 2871 766 2934 Ex
790 2871 881 2934 hisce
905 2871 1028 2935 ultimis
1054 2893 1161 2956 proce·

55 2966 142 3032 dente
174 2972 397 3056 negotiatione
428 2970 557 3056 aliquos
586 2970 764 3032 accessisse
797 2966 965 3050 Rolandn,
1002 2969 1162 3054 quosdam

56 3087 122 3131 vero
146 3070 338 3155 apparuisse
363 3070 451 3132 viros
475 3067 602 3148 dubios,
628 3089 729 3152 quum
755 3067 895 3151 utrique,
924 3067 1079 3132 videlieet
1102 3067 1164 3132 Ro·

55 3163 142 3229 lando
166 3180 199 3231 et
221 3167 420 3248 Octaviano,
455 3166 640 3230 devotionis
664 3166 759 3250 signa
783 3165 909 3228 darent.
956 3163 1164 3250 Computatis

55 3265 143 3326 etiarn
167 3264 218 3328 his
240 3263 361 3347 dubiis,
386 3273 511 3349 septem
527 3261 721 3328 Cardinales
745 3263 866 3326 favisse
883 3259 1079 3345 Octaviano,
1104 3263 1163 3327 sed

58 3375 120 3443 post
146 3385 234 3426 nova
261 3361 425 3448 colloquia
448 3370 576 3426 tantum
611 3371 677 3423 tres
701 3361 937 3440 remansisse.³)
986 3359 1097 3440 Quum
1121 3383 1163 3424 ex

58 3457 137 3522 bisce
168 3462 268 3544 igitur
297 3471 465 3546 appareat,
503 3460 629 3544 aliquos
654 3458 848 3523 Cardinalcs
872 3457 1015 3522 haesisse
1040 3461 1163 3544 ancipi-

60 3569 108 3635 tes,
131 3580 296 3646 quumque
312 3582 397 3623 unus
413 3557 537 3623 alterve
561 3557 643 3622 forte
668 3559 797 3642 passive
822 3579 856 3620 se
881 3554 1034 3618 habuerit
1056 3557 1090 3619 in
1116 3566 1163 3618 tu-

61 3653 154 3718 multu
169 3667 289 3738 exorto,
314 3679 353 3720 ac
366 3666 441 3737 tres,
466 3665 625 3742 quantum
640 3655 782 3736 videtur,
806 3665 920 3739 postea
935 3653 1162 3718 seOctaviano

63 3807 245 3820 ·-·——-——..-

128 3907 148 3972 ¹)
166 3903 250 3973 Hujus
269 3907 426 3960 electionem
446 3904 568 3957 absoluto
587 3902 664 3956 modo
682 3901 766 3957 fluisse
786 3903 928 3963 intentam,
948 3902 993 3956 vel
1011 3917 1043 3955 ex
1062 3917 1093 3956 eo
1112 3901 1163 3955 eol·

66 3979 158 4048 ligitur,
188 3987 253 4051 qnod
281 3985 424 4039 Octaviani
453 3983 605 4052 capellanus
636 3989 761 4036 ricardum
791 3981 958 4050 pontificium
988 3981 1104 4049 speciale
1135 3981 1164 4035 in

66 4069 177 4129 promptu
194 4063 309 4124 haberet,
330 4081 382 4132 quo
401 4065 574 4127 Octavianus,
593 4062 723 4130 quidquid
742 4063 884 4128 accideret,
904 4061 979 4115 indui
998 4067 1088 4129 posset

127 4141 148 4204 'l
166 4143 189 4194 V
214 4143 315 4210 Helele,
335 4145 363 4199 C.
384 4144 425 4199 G..
444 4145 477 4198 V.
496 4144 520 4212 g.
539 4143 600 4196 621.

129 4221 151 4290 ³)
170 4223 205 4278 De
224 4225 351 4294 inrestig.
372 4223 542 4287 Antichristi,
562 4237 603 4290 ap.
614 4221 783 4291 Tengnagel,
802 4221 904 4276 Vetera
921 4237 1037 4278 monum.
1057 4238 1081 4289 p.
1102 4223 1163 4277 415.
