2844 4840
303 454 337 507 88
517 455 618 508 ΧΧΧΙ.
638 455 677 509 De
695 454 842 510 abolitione
861 455 968 510 Ordinis
986 456 1207 525 Templariornm.

302 607 437 676 attente,
468 609 642 684 quatenus,
673 609 839 684 antequam
864 611 980 663 arorites
1005 612 1213 678 transeamus,
1245 629 1315 690 quos
1339 617 1401 690 post

301 698 516 760 coronationis
538 707 665 760 nostrae
689 695 840 760 solemnia
864 697 951 784 apud
981 698 1143 776 Viennam,
1167 704 1250 765 circa
1273 706 1404 766 instantis

293 795 378 881 festi
404 795 548 858 Omnium
565 793 760 877 Sanctorum,
785 808 911 860 astatore
935 798 1070 860 Domino
1095 797 1292 878 celebranda,
1316 813 1402 864 trans·

302 895 349 956 ire
374 896 592 979 proponimus,
628 893 673 956 aa
709 905 851 957 sanctam
875 897 1051 958 Romanam
1085 897 1246 962 ecclesiam
1274 921 1403 985 spernant

301 1003 444 1055 nostram
467 993 534 1055 Deo
564 992 711 1077 propitio
745 994 914 1068 amoenari,
954 993 1126 1058 nobiscum
1162 997 1189 1058 si
1224 995 1317 1060 modo
1348 997 1403 1059 lieri

302 1088 421 1171 valeat,
445 1100 536 1152 tuam
560 1111 580 1152 a
603 1089 709 1170 nobis,
733 1088 807 1174 plus
831 1111 930 1175 quam
954 1093 1139 1176 exprimere
1163 1114 1339 1178 possemus.
1362 1093 1404 1158 ob·

301 1186 402 1252 latam
427 1191 647 1272 praesentiam
673 1188 885 1254 babeamus.“
900 1188 924 1272 ¹)

146 1317 276 1420 fflffi
396 1323 446 1387 ll.
494 1320 560 1386 Sed
586 1321 682 1407 paulo
706 1331 780 1407 post
803 1344 822 1384 a
847 1323 1022 1406 proposito,
1056 1324 1165 1386 statim
1191 1335 1265 1409 post
1288 1347 1406 1388 comno-

268 1409 272 1420 ’
303 1423 427 1485 tionem
459 1419 690 1506 proficiscendi
716 1421 748 1482 in
773 1419 913 1501 ltaliam,
950 1416 1156 1485 ClemensV
1189 1421 1324 1502 destitit,
1360 1425 1407 1486 iter

302 1519 343 1582 sd
369 1517 494 1583 Urbem
519 1517 647 1581 distulit
671 1539 843 1602 morasque
868 1519 901 1580 in
926 1515 1034 1581 Gallia
1065 1521 1181 1601 traxit,
1209 1531 1242 1583 et
1271 1522 1408 1606 quamvis

303 1639 368 1682 non
393 1617 548 1681 videatur
571 1618 604 1680 in
629 1617 740 1679 animo
764 1614 929 1696 habuisse,
963 1626 998 1679 ut
1028 1615 1074 1680 ibi
1099 1617 1226 1681 ratione
1251 1616 1407 1681 definitivo

302 1715 415 1779 sedem
445 1715 569 1798 figeret,
606 1737 643 1778 eo
668 1737 719 1778 res
742 1725 853 1778 tamen
878 1712 1025 1796 devenit,
1057 1725 1094 1777 ut
1117 1725 1183 1779 toto
1212 1716 1408 1800 pontificatus

301 1823 448 1898 tompore
473 1816 506 1877 in
529 1811 646 1878 Galliis
669 1823 864 1876 remaneret.
899 1813 1010 1877 Variis
1034 1835 1075 1876 ex
1100 1817 1208 1877 causis
1234 1813 1267 1878 id
1292 1813 1408 1878 accidit,

301 1910 534 1975 Subsistebant
564 1913 696 1996 negotia
721 1913 831 1996 magni
858 1913 1013 1975 momenti
1046 1933 1131 1998 quae
1159 1913 1364 1976 commodius
1385 1915 1409 1974 iu

302 2008 411 2074 Gallia
435 2012 567 2073 tractari
585 2032 680 2096 posse
697 2009 911 2088 videbantur3
937 2008 1035 2073 valde
1050 2008 1200 2073 turbatus
1225 2019 1298 2073 erat
1321 2019 1410 2073 status

301 2131 411 2171 rerum
436 2110 467 2173 in
485 2107 591 2192 ltalia,
616 2109 661 2170 ita
677 2118 713 2170 ut
729 2105 975 2170 incommodum
1000 2106 1168 2171 videretur
1183 2118 1215 2170 et
1231 2105 1409 2172 discrimine

301 2205 434 2291 plenum
461 2207 585 2269 Romae
610 2206 822 2285 commorari,
857 2203 947 2266 haud
972 2202 1149 2268 defuerunt
1172 2227 1252 2268 sane
1278 2203 1409 2290 Philippi

301 2307 388 2389 regis
412 2315 444 2368 et
467 2302 638 2367 Gallorum
663 2313 733 2366 tum
758 2300 986 2366 Cardinalium
1010 2314 1079 2366 tum
1103 2324 1279 2388 procerum
1306 2305 1409 2367 suasio-

301 2425 370 2481 nes,
396 2413 427 2465 et
452 2401 632 2466 Clementis
654 2403 762 2484 genio,
793 2400 919 2486 patriae
943 2402 1057 2482 amori,
1083 2402 1215 2464 sanitati
1242 2400 1411 2465 vacillanti.

301 2499 398 2564 facile
422 2501 690 2585 opportuniorem
706 2499 962 2563 visamdixeris
987 2497 1076 2562 illam
1100 2501 1133 2563 in
1151 2497 1262 2564 Gallia
1290 2521 1411 2563 moram.

391 2605 513 2689 Selegit
537 2628 632 2691 porro
658 2603 810 2669 Clemens
838 2605 909 2669 loco
934 2605 1094 2686 Viennae,
1127 2605 1262 2670 consilio
1291 2618 1412 2670 martana

301 2702 515 2788 Lugdunum,
555 2726 620 2789 quo
651 2725 763 2768 mense
791 2703 973 2767 Novembri
1007 2706 1227 2768 coronationis
1264 2704 1411 2768 solemnia

301 2815 546 2887 peragerentur.
594 2801 642 2865 Eo
668 2823 780 2865 mense
804 2799 940 2867 Octobri
973 2802 1042 2886 ipse
1065 2802 1230 2888 profectus
1253 2813 1318 2882 est,
1350 2801 1411 2865 Car-

302 2897 506 2985 dinalesqne,
537 2901 691 2985 quamvis
723 2901 836 2980 invite,
869 2897 913 2962 ibi
940 2909 1176 2963 convenerunt.
1201 2937 1244 2946 -
1269 2899 1412 2964 Pontifex

302 2999 337 3060 in
370 2997 509 3061 ecclesia
545 3021 570 3062 s.
600 2998 688 3062 Justi
727 2996 780 3060 die
814 2998 871 3061 14⁰
903 2996 1118 3079 Novembris,
1156 2995 1316 3084 Philippo
1352 3020 1413 3080 rege

303 3093 447 3176 Galliae,
495 3092 612 3160 Carolo
652 3094 784 3160 Valesio
831 3105 863 3160 et
904 3094 1076 3159 Ludovioo
1115 3095 1315 3161 Ebroicensi
1356 3097 1413 3180 ejus

301 3193 474 3274 fratribus,
514 3195 616 3258 variis
651 3192 793 3258 ducibus
832 3203 864 3256 et
900 3191 1067 3258 nobilibus
1095 3193 1206 3258 multis
1238 3218 1281 3258 ac
1313 3195 1413 3276 legana

302 3293 390 3375 regis
429 3291 571 3376 Angliae
612 3290 859 3377 praesentibus,
907 3293 1053 3356 maximo
1100 3314 1174 3356 cum
1218 3292 1412 3358 solemnitate

302 3400 478 3454 coronatus
509 3403 566 3454 est.
614 3391 771 3454 Infaustis
806 3401 916 3454 tamon
953 3389 1119 3454 ominibus
1157 3388 1336 3455 celebritas
1365 3391 1412 3454 fait

302 3499 446 3573 peracta.
499 3487 646 3552 Joannes
685 3490 773 3552 enim
809 3487 1001 3551 Britanniae
1038 3487 1123 3570 dux,
1164 3486 1348 3552 Gailardns
1382 3485 1412 3548 de

303 3585 412 3651 Gotho
458 3585 560 3650 frater
605 3585 794 3667 Pontificis,
850 3584 972 3672 aliique
1023 3584 1149 3649 nobiles
1200 3607 1278 3650 cum
1332 3583 1412 3672 plebe

378 3843 397 3902 ¹)
416 3845 466 3911 Ap.
486 3843 600 3910 Prynne
628 3842 733 3910 history
758 3843 788 3896 of
814 3843 882 3912 king
900 3843 979 3905 John,
1004 3842 1096 3908 Henry
1115 3842 1166 3904 111,
1194 3843 1249 3896 and
1276 3841 1405 3896 Edusnil

301 3922 412 3977 London
433 3923 510 3978 loto.
548 3923 693 3989 Ejnsmodi,
713 3923 755 3977 uti
774 3923 899 3986 diximus,
919 3921 1002 3977 fuisse
1021 3922 1167 3977 Clementis
1186 3925 1361 3990 propositum.
1379 3937 1411 3974 st·

302 4005 422 4057 curatius
441 4004 555 4071 primum
575 4003 695 4058 advertit
713 4003 744 4056 cl.
765 4003 793 4059 C.
814 4003 919 4057 Wenck
947 4004 974 4056 in
1000 4018 1046 4055 suo
1066 4001 1145 4056 libro:
1175 4001 1300 4057 Clemens
1321 4003 1343 4055 l‘
1358 4001 1411 4054 'rint

301 4083 430 4136 Heinrich
450 4085 512 4137 Vll.
539 4085 589 4137 Die
608 4084 752 4152 Alifaenge
777 4083 823 4137 ales
842 4081 1040 4136 franzttsischen
1060 4081 1245 4150 Papstthums,
1270 4100 1296 4152 p.
1314 4085 1350 4136 40
1366 4100 1403 4146 aa,

300 4163 380 4216 Halle
401 4165 477 4218 1882.
503 4166 605 4218 Auctor
623 4165 764 4232 epistolam
783 4179 887 4230 qnoque
906 4161 1191 4241 citatamsslementis,
1215 4177 1313 4231 param
1332 4170 1410 4214 notan

301 4251 329 4296 et
349 4243 377 4297 in
397 4251 506 4298 vetrrsto
526 4261 604 4313 opere
623 4245 764 4308 latentem,
785 4244 934 4313 publicarit
953 4244 982 4297 in
1000 4241 1159 4312 Appendice,
1179 4259 1205 4296 n.
1225 4241 1249 4296 1.
1267 4257 1293 4310 p.
1316 4245 1369 4296 ltt‘t
