2840 4840
314 435 350 490 38
589 433 676 488 XXX.
695 433 736 489 De
755 432 920 488 Pontificatu
938 431 1074 488 Bonifatii
1092 431 1171 485 VIII.

316 579 405 643 enim
437 577 516 642 fecit
546 577 729 659 arbitraria
761 575 998 662 imprudenter,
1032 575 1204 658 violenter,
1236 577 1281 640 ita
1302 585 1333 638 ut
1351 595 1403 637 con·

317 675 463 740 cordiam
489 697 555 740 non
569 683 778 756 restauraret,
804 673 860 738 sod
878 673 1139 738 dominationem
1154 673 1306 760 factionis
1319 672 1403 753 b'igro

317 793 391 836 rum
423 774 522 838 unice
552 781 770 859 promoveret.
824 771 870 835 Hi
906 773 1007 856 igitur
1036 770 1141 836 Albos
1172 793 1232 834 seu
1256 769 1403 835 (libellinor

319 869 609 935 vehementissime
628 880 848 950 vexaverunt,
872 891 912 933 ac
926 881 1091 955 postremo
1116 879 1291 934 sexcentos
1311 865 1403 932 nobile

319 967 527 1040 Florentinos
559 992 600 1033 ex
633 971 769 1033 civitate
800 969 978 1054 ejecerunt.
1033 970 1091 1032 Isti
1124 969 1158 1032 in
1182 969 1294 1032 varias
1321 963 1403 1030 Italia

317 1068 468 1152 regiones
484 1067 632 1154 dispersi,
657 1065 951 1132 lamentationibus
967 1077 999 1132 et
1015 1065 1218 1132 clamoribus
1241 1067 1308 1130 suis
1325 1064 1403 1128 omnir

258 1175 265 1192 '
319 1165 540 1253 repleverunt,
570 1167 715 1230 maxime
743 1185 822 1230 vero
846 1165 1050 1231 Bonifatium
1086 1173 1123 1227 ut
1145 1163 1307 1228 malorum
1329 1176 1403 1225 arieto

319 1285 388 1328 rem
421 1263 655 1328 dilacerarent.
709 1262 889 1328 Eminebat
917 1265 1003 1328 inter
1033 1261 1148 1326 exules
1177 1261 1251 1326 illos
1280 1261 1403 1344 dignitati

318 1371 351 1426 et
375 1363 507 1446 ingenio
524 1361 652 1426 Dantes
667 1359 843 1446 Alighieri.
878 1361 956 1426 Jam
979 1372 1077 1425 antea
1101 1371 1203 1445 caput
1226 1359 1332 1423 fuerat
1350 1357 1403 1438 lega

318 1459 417 1523 tionis
433 1457 594 1524 Alborum
616 1459 659 1523 ad
676 1458 880 1523 Bonifatium
906 1461 1036 1543 missac,
1061 1468 1142 1522 tuno
1166 1479 1247 1522 vero
1273 1479 1342 1521 cum
1362 1477 1403 1517 noc

318 1559 397 1622 teris
421 1557 555 1643 ejectus,
588 1554 682 1621 exsrrl
706 1578 726 1620 a
750 1557 856 1641 patria
880 1579 938 1641 per
962 1567 1065 1621 totam
1089 1557 1195 1620 vitam
1220 1577 1315 1620 suam
1336 1555 1403 1616 varii

319 1657 352 1720 in
377 1655 570 1720 civitatibus
597 1655 717 1740 degero
742 1667 876 1718 coactns
900 1665 959 1720 est.
1006 1653 1119 1718 Facile
1143 1654 1251 1732 vides,
1282 1653 1362 1716 unde
1380 1651 1403 1713 ia

319 1765 409 1818 ctum
440 1755 496 1835 ait,
533 1763 569 1818 ut
603 1763 695 1818 tanta
727 1752 899 1817 iracundia
936 1753 1064 1818 Dentes
1095 1753 1303 1818 Bonifatium
1334 1771 1403 1838 prose

319 1863 449 1937 quatur.
496 1849 619 1916 Omnia
649 1873 735 1938 quae
758 1873 818 1937 per
840 1850 942 1916 falsos
972 1873 1122 1916 rumores
1146 1850 1188 1916 de
1211 1853 1286 1938 ipso
1312 1869 1403 1936 sparge

319 1949 440 2014 bantur
465 1951 516 2014 vir
538 1951 641 2014 iratus
657 1949 798 2014 libenter
811 1951 951 2036 accepit,
978 1972 1054 2014 cum
1074 1951 1269 2014 simoniacis
1292 1948 1372 2012 illurn
1391 1947 1403 2006 ir

319 2046 453 2111 Inferno
479 2045 663 2128 collocavit,
689 2045 881 2132 nullamque
897 2046 1035 2111 dimittit
1049 2048 1262 2111 occasionem
1286 2046 1325 2110 ad
1346 2057 1403 2129 gest

319 2145 390 2231 ejus
415 2145 617 2212 damnanda.
662 2144 731 2210 Ista
754 2146 855 2229 igitur
879 2144 1020 2210 multum
1045 2144 1309 2222 contribuerunt,
1332 2157 1362 2205 ut
1380 2161 1403 2202 cr

319 2243 466 2310 lumniae
490 2255 524 2308 et
546 2245 700 2308 convicia
715 2244 839 2328 injusta
862 2245 896 2308 in
912 2245 1109 2309 Pontificem
1133 2243 1347 2329 plurimorum
1367 2235 1403 2324 aot]

319 2343 382 2406 mis
405 2341 624 2406 inhaererent
653 2379 688 2390 -
716 2341 782 2408 Sed
806 2342 879 2428 jam
905 2345 1079 2407 veniamus
1113 2341 1156 2406 ad
1181 2339 1334 2405 ultimum
1362 2327 1403 2399 col

320 2439 461 2522 dictum,
498 2462 595 2527 quem
627 2461 702 2504 cum
735 2438 892 2527 Philippo
923 2439 1068 2505 Pulchro
1100 2439 1291 2504 Bonifatius
1323 2439 1402 2500 iterun

319 2535 448 2601 habuit.

844 2877 924 2944 tv.

1400 2945 1401 2982 i

319 3036 385 3100 ne
397 3037 589 3118 confiteo
604 3053 700 3102 eom
713 3039 911 3118 mutem
930 3037 1211 3102 commotos
1233 3007 1401 3102 mosee

168 3207 297 3248 ⁰¹¹¹¹⁶¹⁰¹³²
409 3222 463 3288 40.
509 3221 593 3287 Inde
625 3221 667 3288 ab
699 3245 787 3287 anno
813 3223 896 3288 1301
932 3221 1106 3286 dissidium
1140 3222 1227 3285 inter
1252 3220 1400 3306 Philippu

157 3271 304 3314 mmm·
319 3319 502 3386 Pulchrum
545 3331 578 3385 et
614 3321 818 3387 Bonifatium
858 3321 1100 3408 aliquantisper
1137 3323 1298 3406 militum·
1323 3307 1400 3383 imni

320 3419 551 3484 vehementius
574 3420 710 3485 exarsit.
748 3419 889 3484 Maximi
915 3420 978 3484 fuit
1001 3421 1063 3484 iste
1087 3419 1263 3484 conflictus
1287 3435 1399 3482 momen

321 3516 565 3603 multarumque
596 3517 805 3603 querelarum
834 3519 867 3582 iu
892 3515 1098 3582 Bonifatium
1122 3517 1269 3598 occasm3
1301 3513 1399 3594 undet

319 3616 482 3682 factorum
499 3617 616 3681 seriem
630 3617 788 3680 convenit
803 3617 991 3682 accuratius
1007 3637 1190 3692 recensere,
1201 3609 1399 3680 etdocurnenl

322 3713 385 3779 hac
408 3715 443 3779 in
466 3714 523 3780 lite
538 3713 628 3780 edita
642 3715 788 3799 penitius
805 3715 1008 3798 examinare,
1032 3725 1070 3778 ut
1093 3713 1175 3800 qnid
1200 3713 1243 3778 de
1265 3709 1398 3778 Bonifso

320 3811 401 3898 quid
426 3811 467 3877 de
490 3809 619 3876 Galliae
642 3833 720 3896 rege
738 3810 962 3898 judicandum
985 3814 1038 3884 ait.
1058 3809 1189 3898 plenius
1212 3809 1398 3898 perspiciant

320 3945 362 3956 -
388 3907 513 3974 Omnes
542 3919 693 3974 auctores
724 3911 840 3974 coaevi
865 3910 1081 3990 conveniunt,
1112 3907 1307 3996 Philippum
1329 3915 1398 3988 regei

320 4017 393 4092 post
415 4009 526 4093 priora
549 4028 635 4093 quae
651 4005 769 4071 habuit
792 4029 867 4070 cum
884 4007 1052 4072 Bonifatio
1070 4009 1213 4092 negotis,
1239 4005 1310 4092 ejus
1331 4011 1397 4088 potii

319 4103 499 4170 lotionibus
515 4115 615 4191 atque
630 4103 776 4170 consiliis
792 4106 929 4170 minime
946 4125 1071 4170 morem
1087 4107 1238 4190 geroisae,
1252 4103 1307 4168 sed
1324 4097 1397 4182 majo

319 4203 419 4266 etiam
444 4202 586 4270 audacia
609 4201 780 4268 Ecclesiae
798 4203 877 4289 jura
900 4214 934 4268 et
951 4201 1136 4268 libertatem
1155 4201 1296 4267 violasse
1318 4209 1346 4264 et
1367 4195 1397 4256 tit
