2916 4842
391 457 432 509 De
450 455 604 511 haeresibus
623 465 652 512 et
670 459 871 512 controversiis.
1159 461 1193 514 99

85 613 164 682 teret,
188 601 310 682 docuit,
336 603 512 664 essentiam
529 599 679 664 divinam
702 623 762 688 per
785 624 885 688 quam
902 602 1107 688 intelligebat
1132 602 1194 668 col-

84 701 246 765 lectionem
270 698 419 762 omnium
443 697 677 762 attributorum
699 720 758 763 seu
772 700 1010 785 proprietatum
1027 699 1102 782 Dei,
1127 721 1193 765 nou

85 819 144 862 esse
166 799 274 883 ipsum
298 796 420 878 Deum,
445 794 504 860 aed
528 817 597 860 esse
620 797 730 882 reipsa
753 819 773 860 a
797 797 869 861 Deo
894 796 1083 862 distinctam
1108 799 1193 862 etei

84 897 218 960 conferre
249 902 287 957 ut
310 893 403 958 Deus
434 895 485 958 ait.
532 893 599 959 Iste
622 894 686 958 fuit
708 895 866 980 palmaris
890 895 961 980 ejus
984 917 1083 976 error,
1116 917 1193 959 cum

83 1016 137 1081 quo
165 993 221 1057 alii
246 1012 373 1055 errores
400 989 630 1055 cohaerebant.
678 991 786 1059 Simili
815 995 941 1057 ratione
976 1015 1004 1058 e.
1028 1016 1059 1078 g.
1092 995 1192 1057 etiam

83 1095 206 1173 censuit,
230 1091 449 1176 proprietates
471 1110 697 1174 personarum,
723 1093 769 1154 uti
793 1093 1037 1176 paternitatem,
1061 1088 1194 1155 realiter

82 1191 227 1274 distingui
252 1188 295 1252 ab
321 1189 401 1274 ipsis
423 1186 613 1274 personie.¹)

160 1343 232 1406 127.
274 1336 416 1403 Gilberti
440 1347 564 1402 asserta
587 1337 666 1402 oleri
692 1337 890 1419 dioecesani,
914 1342 1106 1425 praesertim
1131 1341 1192 1404 Ar·

81 1440 159 1506 oaldi
174 1449 207 1504 et
219 1437 368 1502 Cononis
378 1434 701 1518 archidiaconorum,
723 1438 851 1501 animos
867 1437 914 1500 ita
931 1447 1190 1516 commoverunt,

80 1551 110 1602 ut
130 1539 169 1602 ab
189 1539 230 1601 iis
254 1555 343 1598 anno
370 1533 454 1597 1146
478 1531 650 1598 Gilbertus
685 1533 775 1619 apud
803 1535 992 1620 Eugenium
1022 1538 1074 1600 ΠΙ
1112 1546 1192 1600 tunc

79 1635 257 1702 Senonibus
273 1631 713 1697 commorantemhaereseos
721 1642 942 1700 accusaretur.
959 1633 1192 1718 Eugeniuslll

78 1756 155 1799 anno
178 1739 337 1817 sequente
352 1729 489 1793 Parisiis
511 1728 631 1793 habuit
653 1732 716 1793 ista
740 1729 782 1794 de
805 1752 840 1794 re
863 1730 1052 1813 concilium,
1077 1733 1191 1816 inquo

79 1832 237 1898 Gilbertus
269 1825 381 1892 multis
412 1825 655 1913 objectionibus
691 1827 841 1914 pulsatus
875 1829 1060 1894 doctrinam
1097 1849 1191 1894 auam

78 1941 157 1995 unta
188 1926 372 1994 subtilitate
407 1934 439 1989 et
473 1924 607 1989 dicendi
644 1927 764 2011 peritia
797 1926 955 2010 defendit,
992 1938 1028 1991 ut
1064 1927 1192 2012 plenior

78 2051 185 2094 causae
211 2025 371 2090 discussio
394 2023 582 2087 differretur
611 2022 654 2087 ad
677 2023 883 2109 frequentius
906 2025 1085 2090 concilium
1107 2024 1191 2089 Rhe·

77 2151 188 2206 mense,
214 2122 303 2211 quod
326 2142 414 2186 anno
440 2121 526 2186 1148
550 2119 702 2185 habitum
726 2129 784 2184 est
830 2121 883 2187 Ibi
904 2121 1073 2188 Gilbertus
1097 2145 1187 2210 prae·
1205 2167 1349 2208 mmm,

77 2227 177 2291 sertim
202 2245 267 2288 aa.
281 2218 452 2286 Bernardo
477 2221 702 2305 impugnatus,
726 2242 766 2284 ac
782 2229 946 2306 postremo
971 2223 1089 2285 erroris
1113 2243 1187 2285 oon·
1223 2239 1332 2272 moram.

76 2327 175 2388 rictus
200 2331 259 2386 est.
289 2316 390 2382 Haud
415 2319 486 2384 sine
510 2316 716 2398 difficultate,
741 2340 844 2404 quum
860 2319 1008 2383 simultas
1023 2319 1188 2406 quaedam

76 2424 206 2485 oriretur
229 2421 316 2482 inter
339 2413 532 2479 Cardinales
564 2425 596 2479 et
630 2418 803 2501 episcopos
828 2415 972 2500 Galliae,
1012 2439 1112 2481 causa
1146 2416 1190 2481 ad

76 2520 165 2583 linem
189 2514 352 2604 perducta
374 2513 448 2600 fuit.
480 2513 651 2599 Eugenius
667 2513 719 2577 ΙΙΙ
743 2511 886 2578 (lidberti
911 2514 1095 2580 doctrinam
1119 2537 1190 2602 pro-

77 2619 206 2703 scripsit,
244 2613 392 2677 distriete
423 2612 642 2697 praecipiens,
678 2634 720 2676 ne
745 2613 816 2698 ejus
846 2611 966 2676 librum
997 2611 1106 2698 legere
1137 2613 1191 2678 vel

76 2711 286 2779 bausci-ibere
317 2710 391 2795 quis
421 2709 567 2790 auderet,
603 2711 668 2774 nisi
691 2712 783 2796 prius
816 2732 892 2774 eum
915 2711 1065 2775 Romana
1089 2711 1191 2778 Sedes

77 2813 272 2877 correxisset.
318 2807 393 2871 Hac
428 2805 469 2870 de
509 2829 543 2870 re
574 2805 758 2872 (laufridus
789 2809 823 2871 in
853 2808 928 2872 Vita
958 2831 985 2873 s.
1008 2808 1190 2874 Bernardi:

77 2912 292 2998 Ιωοποςαίιιε,
313 2905 438 2987 scribit,
463 2906 628 2992 episcopus
645 2906 865 2984 moraviensis,
889 2907 1041 2993 capitalis
1057 2908 1192 2993 mapalis

77 3007 161 3074 libere
183 3005 388 3083 renuntiavit,
419 3003 493 3068 baec
517 2995 635 3067 eodem*
649 3003 745 3067 cerda
769 3003 911 3068 locatus:
943 3003 981 3068 Si
1008 3028 1063 3070 vos
1095 3006 1191 3070 aliter

77 3107 203 3185 ecditio,
234 3115 265 3169 at
287 3126 363 3187 epo,·
397 3103 426 3166 a·
450 3099 546 3166 alites·
569 3101 684 3179 dicitis,
710 3112 740 3165 et
764 3125 839 3187 εφη
871 3104 901 3166 ei
923 3099 1018 3174 aliter
1041 3104 1189 3184 scr-ibitis,

77 3213 102 3264 et
127 3227 187 3289 apo.
242 3200 363 3266 Ibidem
394 3199 549 3262 Dominus
582 3200 676 3285 Papa
712 3200 901 3263 auctoritate
936 3202 1114 3287 apostolica
1152 3204 1190 3266 de

78 3323 196 3364 masura
219 3301 316 3364 totitas
341 3297 487 3360 sociemus
509 3321 589 3383 quaa
613 3308 811 3376 conuenerat,
839 3299 982 3384 capitella
1005 3301 1080 3385 apsa
1103 3300 1189 3364 dam-

77 3401 166 3477 nauit,
201 3397 344 3462 danica
368 3395 583 3482 praecipiens,
622 3419 661 3458 ue
695 3395 831 3459 eumdem
868 3395 982 3460 libram
1010 3397 1109 3482 legere
1141 3398 1190 3462 vel

79 3495 291 3560 bamam-ibere
322 3494 417 3557 etiam
440 3493 484 3556 sie
507 3492 709 3580 reprobatum
739 3495 809 3579 quis
832 3494 976 3576 auderet,
1011 3498 1077 3560 aiei
1094 3498 1190 3583 prius

79 3614 137 3656 eam
151 3594 295 3657 Romana
309 3590 440 3656 ecclesio
455 3591 652 3655 correxisset.
695 3587 855 3676 Quicmque
879 3593 1082 3678 responderet
1109 3597 1188 3681 epis-

145 3894 166 3962 ¹)
182 3893 272 3962 Neque
282 3893 391 3948 videtur
400 3892 451 3947 bec
460 3893 566 3946 ratione
576 3891 682 3946 evitare
700 3892 830 3960 potuisse,
850 3899 921 3948 utre
938 3910 1033 3949 revera
1051 3899 1107 3950 tres
1126 3895 1189 3950 deos

82 3979 204 4028 imbueret
230 3975 354 4036 Patrem,
389 3973 487 4028 Filium
518 3978 547 4027 et
577 3973 707 4041 Spiritum
734 3972 875 4036 Sanctum,
905 3973 951 4042 qui
977 3973 1190 4030 informarentur

82 4049 158 4107 torna
169 4055 214 4108 ille
232 4053 387 4109 divinitatis
405 4069 474 4121 quae
492 4070 546 4108 nou
565 4053 603 4109 sit
615 4055 694 4108 Deus.
720 4053 799 4108 Hauc
816 4053 929 4108 formam
948 4061 1040 4110 minen
1053 4070 1188 4110 censerem

83 4143 135 4186 eun
156 4133 276 4190 habuisse
303 4139 337 4188 ut
364 4134 500 4188 numeriae
526 4149 622 4200 unam,
654 4150 716 4189 num
742 4133 829 4188 reales
848 4133 979 4189 arcessivi
998 4135 1187 4201 admittebant,

83 4211 155 4267 etiam
172 4213 313 4269 increatis
332 4213 452 4283 ejusdem
470 4214 569 4281 speciei
588 4213 696 4268 entibus
715 4213 860 4269 essentiam
878 4215 1013 4270 numeriae
1031 4231 1121 4272 unam.

1047 4314 1080 4367 7*
