2902 4848
421 471 460 525 Dc
479 470 599 524 Concilio
617 468 777 526 Bosilcensi.
1109 469 1164 526 365

56 615 227 680 studebant.
275 615 431 680 Pontifex
463 637 493 680 a.
519 613 606 678 1445
638 613 907 698 archiepiscopos
931 611 1162 678 Coloniensem

56 713 331 794 etTrevirensem,
356 715 412 799 qui
428 711 676 776 Basileensibus
700 712 847 774 maxime
863 709 1032 790 favebant,
1057 709 1162 796 digni·

56 821 109 874 tate
137 832 195 876 sua
225 812 390 896 privavit3
423 809 502 874 inde
533 810 640 894 major
668 810 768 872 ctiam
799 819 872 871 orta
903 817 953 871 est
975 810 1162 872 animorum

55 912 178 974 irritatio
202 921 236 974 et
259 920 394 974 numum
419 908 607 972 schismatis
630 906 721 993 pleni
746 906 941 992 periculum.
979 905 1162 970 Adlabora-

54 1017 293 1070 verumtamen
318 1007 418 1091 legati
435 1005 606 1070 Pontificis
631 1026 751 1088 magno
776 1025 851 1068 cnm
876 1004 1006 1068 fervore
1031 1023 1162 1068 concor·

54 1105 117 1169 disc
138 1105 349 1186 obtinendae,
373 1116 406 1169 ct
429 1115 590 1191 quantum
615 1103 716 1168 salvis
741 1104 914 1189 principiis
938 1101 1009 1165 ficri
1033 1109 1163 1187 poterat

53 1203 224 1268 cedendum
249 1225 319 1267 esse
343 1205 405 1268 rati
423 1213 500 1268 sunt
520 1203 736 1288 petitionibus
750 1204 958 1287 principnm3
982 1200 1162 1285 praecipue

53 1321 119 1364 vero
149 1302 281 1365 Aeneas
304 1300 464 1388 ¹Sylvius,
506 1301 667 1364 Friderici
698 1301 750 1363 Ill
790 1301 985 1363 secretarius
1024 1307 1057 1360 et
1090 1297 1162 1382 jam

52 1398 189 1482 Eugenio
213 1399 378 1479 addictus,
403 1419 518 1463 omnes
542 1399 667 1483 ingenii
693 1399 743 1461 sui
758 1399 847 1460 vires
871 1394 1035 1474 adhibuit,
1062 1405 1098 1459 ut
1119 1415 1162 1458 ex

50 1499 150 1580 petitis
172 1517 340 1560 venenosa
370 1496 524 1576 auferret,
556 1495 775 1580 redderetque
799 1493 1065 1559 conciliationem
1090 1514 1161 1578 pos·

51 1594 210 1674 sibilcm.¹)
258 1593 313 1658 Sic
344 1596 495 1659 coui'ccta
527 1603 692 1680 postremo
717 1603 794 1656 sunt
821 1592 1021 1658 Concordato
1040 1592 1161 1678 princi-
1185 1591 1332 1692 ‘'affl'‘

46 1715 126 1776 pam,
159 1713 299 1778 quorum
323 1695 427 1778 petita
450 1692 622 1775 Eugenius
651 1691 804 1770 admisit3
836 1701 935 1777 atque
959 1693 1005 1755 ita
1029 1693 1063 1754 in
1087 1689 1160 1754 obe·
1186 1665 1199 1702 Ρ
1261 1665 1276 1702 ¹³
1319 1683 1328 1692 ’

51 1790 197 1854 dientiam
213 1790 384 1854 Pontificis
407 1813 437 1855 a.
454 1791 538 1854 1447
564 1811 676 1854 mense
688 1789 872 1854 Februario
895 1799 964 1853 totu
980 1789 1161 1853 Germania

49 1889 145 1954 rediit.
193 1888 363 1952 Postulata
388 1898 498 1952 arrtcm
524 1887 566 1952 ab
592 1889 706 1952 Aenea
730 1885 848 1971 Sylvio
882 1889 988 1951 sicin
1014 1888 1162 1950 oratione

49 2005 149 2048 coram
174 1987 336 2050 Pontifice
369 1983 482 2050 habita
506 1987 657 2071 exposita
682 1993 776 2048 sunt:
808 1985 946 2050 Primam
970 1995 1024 2061 cot,
1055 1994 1090 2047 ot
1113 2007 1161 2070 pc-

48 2084 146 2147 neralc
173 2082 347 2148 Concilium
369 2087 404 2148 in
428 2095 563 2170 tompore
595 2084 720 2168 locoque
749 2083 945 2168 deoipnando
969 2091 1160 2147 convocetur.

48 2179 182 2245 Alteram
206 2195 262 2261 est,
286 2193 321 2246 nt
338 2182 504 2269 professio
523 2183 706 2268 potestatis,
732 2183 932 2244 auctoritatis
957 2191 987 2243 et
1005 2181 1161 2265 praeemi-

46 2282 164 2343 nentiae
187 2281 383 2366 pancratium
401 2278 614 2346 Consiliorum
639 2333 645 2344 .
667 2327 696 2345 ..
716 2301 779 2364 per·
802 2289 944 2342 oratores
968 2289 1037 2341 tuos
1052 2276 1160 2362 fecte,

47 2378 104 2439 tuis
125 2377 240 2441 litteris
265 2378 466 2464 approbetur.
502 2379 641 2441 Tertium
665 2387 723 2452 est,
747 2387 782 2440 et
805 2377 932 2439 nationi
951 2373 1160 2439 Germanicae

44 2497 132 2558 super
152 2476 388 2560 precaminibus
413 2487 588 2560 opportune
607 2477 828 2560 provideatur.
866 2471 988 2546 Quarto
1005 2484 1035 2536 et
1050 2472 1160 2536 ultim

44 2569 106 2634 loco
130 2575 285 2659 petimus,
316 2583 351 2636 ut
377 2595 457 2658 quae
488 2575 523 2636 in
548 2573 786 2661 praejudicinm
815 2571 949 2634 duorum
975 2573 1161 2656 principum

43 2670 202 2734 electorem
239 2667 287 2734 vel
314 2672 350 2734 in
379 2691 509 2734 suornm
538 2669 739 2734 ecclesiaram
778 2679 850 2733 acta
889 2679 975 2747 sent,
1015 2689 1055 2730 em
1087 2679 1160 2732 tuae

46 2769 228 2832 sanctitatis
265 2769 429 2832 elementia
471 2779 654 2832 revocentur
692 2779 722 2831 ot
757 2770 792 2832 in
825 2769 1002 2853 pristinum
1044 2777 1160 2830 statam

44 2865 264 2949 rodipantar,¹)
312 2866 467 2930 Restituit
497 2867 670 2950 Eugenius
703 2864 775 2930 illos
807 2864 1087 2952 archiepiscopos,
1128 2875 1161 2927 et

43 2962 146 3046 quoad
178 2965 322 3048 primum
348 2966 548 3049 tertiumque
581 2975 683 3049 caput
705 2962 796 3027 haud
820 2961 966 3027 difficilis
989 2963 1053 3026 fuit
1084 2983 1158 3026 con·

111 3212 131 3281 ¹)
152 3212 300 3266 Dolendum
324 3211 445 3280 profecto
478 3219 552 3276 erat,
586 3212 652 3264 adeo
680 3211 850 3266 imminutam
878 3210 962 3265 fuisse
988 3227 1036 3279 per
1064 3212 1162 3266 turbas

41 3289 170 3344 excitatas
198 3291 380 3345 reverentiam
405 3305 472 3363 erga
490 3289 657 3356 Pontificem,
681 3297 714 3343 nt
739 3289 872 3358 principia
891 3291 950 3358 ipsa
969 3291 996 3344 in
1015 3291 1157 3345 discrimen

41 3377 206 3434 vocarentur,
232 3377 261 3425 et
286 3371 411 3424 nonnisi
436 3375 497 3424 arte
522 3371 696 3437 diplomatica
714 3373 821 3425 Aeneae
846 3379 979 3438 postremo
1004 3371 1159 3426 obedientia

39 3448 128 3504 dehita
147 3451 324 3507 obtineretur.
360 3451 407 3504 lto
426 3451 483 3518 ipsc
503 3457 598 3504 emat
616 3451 644 3504 in
663 3450 731 3504 Vita
749 3450 880 3505 thiderici
891 3451 948 3506 Ill:
969 3451 1052 3517 „Cum
1071 3451 1157 3520 legati

40 3529 159 3585 Caesaris
178 3547 232 3585 nou
250 3536 360 3598 possent
379 3531 463 3584 menti
483 3531 623 3585 Pontificis
648 3530 816 3594 satisfacere,
841 3533 946 3584 Aeneas
965 3532 1070 3586 modum
1088 3547 1157 3586 eom·

39 3617 142 3666 menius
151 3620 200 3669 est.
214 3611 266 3678 Qui
280 3612 396 3678 receptis
409 3611 518 3671 notulis.
533 3611 677 3665 secundum
691 3626 757 3677 quas
770 3626 799 3664 se
811 3611 945 3678 principes
959 3611 1158 3680 obligaverant,

40 3687 89 3743 nisi
108 3691 247 3760 Eugenius
266 3689 326 3744 illes
346 3689 512 3754 admitteret,
542 3691 610 3744 velle
629 3706 657 3744 se
676 3707 737 3745 eum
766 3691 895 3756 deserere,
922 3708 999 3746 omne
1024 3707 1158 3746 vencnum

39 3783 73 3821 ex
89 3769 129 3825 his
153 3771 262 3836 ademit,
288 3785 427 3838 omnesque
445 3771 559 3824 crotalus
580 3773 742 3839 rornposno't.
768 3785 816 3838 per
834 3787 900 3837 quas
919 3779 948 3826 et
966 3771 1157 3840 archiepiscopi

38 3848 150 3916 depositi
168 3852 387 3914 restituerentur,
406 3855 436 3903 et
454 3851 559 3904 nationi
579 3858 728 3918 opportune
747 3851 941 3920 provideretur,
961 3860 990 3906 ct
1007 3853 1160 3905 auctoritas

39 3927 213 3986 Conciliornm
245 3931 411 3996 salvaretur,
442 3931 556 3997 illasque
583 3931 655 3985 dixit
685 3947 735 3985 sus
765 3931 890 4000 opinione
919 3933 1073 4002 Eugenium
1103 3947 1156 3986 non

38 4017 205 4076 negaturum
326 4011 478 4079 Collegium
507 4011 692 4065 Cerdinaliom
719 4012 836 4065 divisum
865 4021 933 4076 erat,
962 4011 1163 4080 videbaturque

38 4103 136 4156 magna
153 4109 215 4160 pars
234 4091 373 4145 &versari
393 4091 441 4156 his,
461 4107 530 4158 quac
549 4091 758 4146 Francofordiae
777 4093 901 4146 conclusa
920 4099 1006 4157 crant,
1026 4099 1108 4161 atque
1128 4094 1160 4144 let

36 4178 116 4222 erem
135 4173 254 4225 morione
274 4173 392 4242 theotoni
410 4173 458 4240 qai
476 4174 570 4226 orroroia
589 4175 721 4244 praviora
740 4175 877 4240 seiciunt!

111 4251 131 4315 *l
150 4253 283 4320 Raynsld.
303 4269 328 4308 s.
348 4253 425 4310 1447.
