2868 4844
268 435 310 490 De
329 435 445 490 decretis
463 436 595 492 sessionis
614 441 727 504 quartae
746 441 775 490 et
794 437 914 503 quintae.
1098 434 1151 490 309

43 579 97 640 Dei
125 580 159 641 in
186 581 289 664 capite
313 590 344 642 et
366 579 520 658 mernbris,
552 579 595 644 ad
625 579 752 644 laudem
782 580 1004 666 omnipotentis
1031 580 1095 644 Dei
1116 579 1152 642 in
1171 580 1323 682 mmm

41 675 154 762 Spiritu
177 688 287 740 sancto
303 675 438 764 lspitime
455 688 654 764 conprepata,
679 677 723 741 ad
739 677 985 763 consequendum
999 675 1151 762 facilius,
1281 670 1288 682 ’

41 775 176 851 suarius,
212 773 342 838 liberius
373 777 520 839 unionem
550 786 580 839 st
608 776 867 862 reformationem
893 773 1054 839 Ecclesiae
1077 775 1150 858 Dei,

40 872 170 949 ordinat,
195 872 305 956 definit
328 883 357 935 et
381 873 525 936 declarat
548 885 582 938 ut
605 875 763 960 sequitur:

119 979 160 1041 Et
176 980 287 1065 primo
311 979 465 1057 declarat,
490 979 574 1065 quod
596 981 670 1066 ipsa
693 981 728 1042 in
745 978 870 1066 Spiritu
884 989 991 1042 sancto
1016 977 1151 1063 lepitime

38 1088 216 1161 conprepata
243 1075 417 1142 Concilium
446 1077 591 1162 pennula
610 1077 743 1164 faciens
766 1087 796 1142 et
818 1077 993 1142 Ecclesiam
1023 1075 1150 1140 catholi-

37 1196 98 1234 con
124 1186 384 1259 repraesentans,
410 1186 599 1260 potestatam
631 1199 651 1238 a
688 1172 809 1239 Christo
840 1175 1019 1238 immediate
1049 1173 1150 1252 tabet,

35 1273 82 1332 cai
108 1271 239 1356 quilibet
269 1277 415 1363 cujusque
445 1285 547 1337 status
574 1271 623 1337 ael
652 1273 834 1359 dipnitatis,
866 1274 991 1336 etiaresi
1017 1269 1151 1357 papalis

36 1371 154 1448 mutat,
187 1370 315 1434 obedire
338 1381 459 1434 tenetur
482 1372 517 1434 in
539 1372 588 1436 lis
611 1395 690 1458 quae
710 1373 873 1458 pertinent
905 1371 953 1434 ad
967 1369 1091 1456 fidem
1121 1379 1152 1432 et

37 1467 289 1554 exstirpationem
312 1469 391 1532 dicti
420 1471 595 1533 schismatis
623 1480 653 1533 et
683 1468 993 1555 reformationem
1023 1467 1150 1532 dictae

36 1564 223 1630 Ecclesiae
246 1567 285 1630 in
309 1569 437 1652 sapite
461 1578 495 1630 et
517 1569 558 1631 in
580 1567 759 1632 membris.

116 1672 191 1736 Hoc
222 1673 286 1738 fuit
310 1673 479 1738 decretum
504 1676 659 1739 sessionis
683 1685 829 1760 quartae,
861 1674 1009 1759 exceptis
1038 1681 1149 1734 tamen

35 1768 139 1834 verbis
169 1793 255 1856 quae
279 1773 479 1853 notavimus,
511 1772 637 1836 scilicet
671 1773 732 1853 ,ad
757 1773 876 1836 fidem“
911 1779 944 1835 et
977 1769 1151 1852 „reforma-

34 1869 150 1932 tionem
176 1873 259 1932 etos*
291 1867 444 1934 Sessione
468 1872 584 1958 quinto
608 1870 671 1934 hos
694 1870 863 1936 decretum
887 1870 1063 1954 repetitum
1087 1867 1152 1930 fuit

33 1965 166 2052 adjectis
183 1965 248 2032 illis
264 1967 385 2052 verbis
410 1979 443 2031 et
467 1968 544 2032 dein
568 1967 719 2033 additum
742 1967 834 2033 aliud
859 1968 1027 2032 decretum
1052 1964 1151 2050 hujus

36 2067 167 2129 tenoris:

115 2172 194 2236 Itern
218 2172 373 2251 declarat,
398 2174 481 2258 quod
497 2175 688 2259 quicumque,
712 2175 927 2262 cujuscumque
948 2173 1152 2256 conditionis,

32 2281 138 2348 status,
173 2271 341 2358 dipsitatis
370 2273 465 2334 etiam
482 2271 629 2358 papalis,
660 2271 714 2358 qui
736 2271 907 2350 mandatis,
938 2270 1067 2334 statutis
1096 2292 1151 2333 seu

32 2367 283 2433 ordinationibus
306 2378 363 2432 aut
381 2371 563 2456 praeceptis
593 2370 683 2460 hujus
708 2392 819 2434 sacrae
842 2367 966 2456 Synodi
993 2379 1022 2432 st
1050 2373 1150 2458 cujus-

32 2489 151 2551 cumque
175 2467 308 2532 alterius
336 2465 471 2532 Consilii
492 2467 651 2552 peneralis
674 2467 808 2553 lepitime
832 2469 1021 2556 conprepati,
1055 2491 1151 2554 super

29 2566 210 2646 praemissis
234 2588 288 2629 seu
312 2564 355 2628 ad
370 2565 653 2650 adpertinentibus
666 2564 772 2651 fastis
788 2564 1009 2651 calfaciendis
1023 2566 1150 2630 obedire

30 2663 252 2728 contumaciter
284 2665 518 2748 contempserit,
548 2665 614 2728 nisi
642 2664 811 2748 resipuerit
840 2664 1014 2750 condipnas
1041 2665 1149 2750 poeni·

33 2763 141 2824 untias
172 2759 363 2848 subjiciamur
391 2771 422 2823 st
452 2761 554 2825 debite
581 2763 747 2848 puniatur,
779 2763 876 2826 etiam
906 2762 951 2827 ad
973 2761 1041 2826 alia
1061 2763 1151 2852 juris

30 2857 170 2923 subsidia
194 2860 224 2923 si
246 2881 325 2945 opus
340 2858 448 2944 fuerit
470 2861 671 2924 recurrendo.

114 2991 169 3056 24.
217 2991 379 3055 Auctoros
404 2989 582 3074 Gallicani,
614 2994 661 3056 uti
694 2991 851 3072 diximus„
883 2992 1098 3073 contendunt,
1131 3015 1150 3056 e

32 3089 183 3170 praefatis
207 3088 348 3152 decretis
371 3099 521 3153 constare
544 3088 737 3169 luculenter,
763 3113 929 3156 summum
953 3091 1149 3156 Pontificem

32 3187 213 3250 auctoritati
232 3183 372 3250 Consilii
397 3187 561 3270 generalis
585 3187 720 3251 subesse
743 3190 839 3276 eique
856 3189 992 3254 obedire
1013 3187 1148 3264 debere;

31 3281 82 3346 illa
112 3285 246 3348 decretu
277 3301 347 3348 esse
371 3284 512 3348 Consilii
544 3305 622 3348 vere
646 3288 851 3351 oecumenici
877 3287 1095 3370 definitiones,
1129 3309 1150 3350 a

31 3403 52 3446 s.
76 3382 161 3448 Sede
185 3381 379 3468 approbata,
411 3405 451 3446 ac
475 3383 615 3468 proinde
639 3382 825 3448 doctrinam
854 3384 896 3449 de
919 3386 1149 3471 superioritate

31 3476 166 3543 Consilii
202 3501 301 3565 supra
332 3481 458 3566 Papam
490 3503 510 3544 a
541 3504 566 3546 s.
600 3480 735 3564 Synodo
768 3483 1015 3547 Constantiensi
1046 3483 1149 3548 fuisse

28 3575 209 3642 definitam.
255 3576 322 3642 Sed
348 3577 436 3642 haud
461 3578 640 3643 difficulter
662 3580 887 3666 probabimus,
920 3581 983 3646 illis
1008 3580 1149 3646 decretis

30 3696 87 3738 nec
120 3685 269 3761 spectata
299 3677 426 3761 origine
458 3677 526 3740 vim
562 3679 742 3741 convenire
773 3677 980 3744 decretorum
1006 3678 1148 3745 Consilii

30 3791 103 3836 rere
119 3775 336 3854 oecumenici,
362 3796 423 3838 nes
439 3774 633 3839 confirmata
649 3774 804 3840 saisisse
819 3798 840 3839 s
855 3775 949 3841 Rom.
966 3776 1148 3860 Pontifice3

30 3871 339 3954 ridebimusetiam,
364 3875 452 3958 ipsos
470 3871 738 3938 Constantienses
763 3873 990 3938 definitionem
1015 3875 1148 3960 dogma·

31 3971 126 4033 ticam
150 3970 268 4034 iisdem
293 3969 391 4034 edere
415 3970 568 4037 noluisse.

115 4105 168 4170 25.
215 4105 326 4192 Atque
357 4105 391 4168 in
416 4105 531 4189 primis
561 4103 623 4168 illa
652 4105 778 4169 decreta
801 4106 890 4170 edita
912 4105 998 4168 lraud
1014 4105 1150 4192 ficerunt

31 4223 49 4261 a
70 4199 206 4286 lepitimo
226 4199 365 4268 Consilio
389 4201 541 4290 penerali.
589 4203 674 4267 Nam
691 4201 877 4268 Consilium
896 4202 1149 4270 Constantiense
