2964 4838
312 467 366 520 418
499 463 624 518 XXXVI.
644 463 685 518 De
703 468 779 517 statu
796 463 935 518 Ecclesiae
953 471 1087 533 vergente
1106 482 1175 524 saec.
1195 468 1254 522 XV.

314 611 369 694 qui
394 607 608 694 appellabant
630 629 760 692 semper
782 606 991 690 asserebant,
1021 631 1056 673 se
1080 633 1123 674 ex
1146 611 1303 696 gravibus
1323 609 1424 698 appel-

313 704 381 772 lare
406 708 550 770 motivis.

404 848 455 913 15.
487 846 627 931 Scripsit
650 845 730 910 Pius
753 845 787 910 II
818 869 846 912 a.
880 847 962 912 1461
996 848 1169 933 epistolam
1200 848 1359 935 prolixam
1387 849 1423 912 ad

311 945 537 1010 Mahumetem
560 943 611 1025 II,
648 947 682 1008 in
712 967 778 1030 qua
810 943 851 1008 de
875 947 1016 1009 veritate
1046 945 1217 1032 religionis
1239 947 1428 1011 christianae
1467 1003 1468 1034 ,

312 1045 440 1110 erudite
465 1045 636 1124 disseruit,
663 1040 869 1108 Christianos
893 1043 1091 1128 benignitati
1116 1045 1328 1131 Imperatoris
1351 1067 1424 1109 com·
1467 1073 1468 1128 1

312 1142 569 1222 commendavit,
594 1161 736 1226 cumque
753 1139 796 1204 ad
813 1140 964 1204 eamdem
981 1141 1173 1226 religionem
1190 1144 1424 1229 suscipiendam
1467 1141 1468 1232 l

311 1240 461 1304 hortatus
491 1249 548 1304 est.
596 1239 720 1302 Verum
753 1236 861 1302 surdis
892 1237 1030 1302 auribus
1054 1241 1190 1322 cecinit3
1227 1252 1425 1328 quapropter.
1467 1247 1468 1322 l

310 1339 407 1402 novis
430 1337 547 1401 litteris
571 1337 754 1422 episcopos,
779 1337 946 1422 principes
970 1348 1003 1400 et
1025 1335 1165 1422 populos
1188 1339 1229 1403 ad
1252 1340 1426 1424 parandum

310 1433 434 1498 bellum
459 1455 588 1498 sacrum
615 1433 763 1498 hortatus
787 1445 852 1513 est,
888 1455 988 1519 seque
1013 1457 1089 1498 cunr
1115 1434 1232 1500 militia
1258 1437 1426 1500 christiana

311 1532 364 1599 die
392 1535 449 1598 15⁰
472 1533 566 1598 Junii
592 1531 732 1596 Ancona
763 1531 988 1618 proiecturum
1014 1555 1084 1596 esse
1117 1534 1333 1617 significavit.
1378 1535 1426 1597 Re-

309 1632 381 1716 ipsa
405 1631 638 1714 magnanimus
653 1627 808 1693 Pontifex
824 1629 999 1694 Anconam
1024 1631 1191 1715 profectus
1211 1643 1277 1712 est,
1305 1634 1340 1696 in
1355 1655 1426 1696 ean·

310 1729 385 1793 dem
417 1729 532 1792 urbem
564 1729 681 1810 iugens
713 1749 871 1792 nanterus
904 1725 1046 1792 militum
1082 1729 1228 1816 undique
1263 1733 1425 1795 convenit:

309 1827 447 1891 advenit
470 1828 569 1890 etiam
595 1823 852 1910 Christophorus
876 1825 1013 1890 Maurus
1038 1826 1107 1890 dux
1130 1825 1341 1892 Venetorum
1365 1850 1423 1891 cum

309 1925 424 1989 decem
455 1921 656 1988 triremibus
704 1923 828 1986 Verum
853 1922 934 1988 Pius
958 1921 1008 2003 II,
1041 1926 1095 1988 vir
1118 1925 1328 2010 jamdudum
1354 1927 1419 1990 11111-

309 2044 382 2086 mae
413 2021 632 2100 valetudinis,
669 2021 783 2084 morbo
817 2043 882 2106 quo
915 2031 1014 2086 antea
1038 2021 1253 2106 affligebatur
1287 2025 1416 2108 ingrate-

308 2133 436 2202 sceute,
474 2119 597 2185 ibidem
631 2118 685 2184 die
718 2119 776 2182 14⁰
808 2120 949 2203 Augusti
983 2143 1012 2183 a.
1048 2123 1129 2186 1461
1163 2123 1319 2206 piissime
1353 2122 1418 2186 diem

308 2218 427 2282 clausit
450 2237 657 2303 supremum,
689 2217 885 2282 annosiore
914 2219 1157 2304 quinquaginta
1181 2241 1308 2283 novem
1334 2231 1422 2284 natus.

307 2318 484 2381 Exercitus
497 2336 575 2380 vero
593 2315 715 2380 ducum
733 2325 766 2378 et
782 2314 1021 2400 stipendiorum
1040 2315 1171 2380 defectu
1184 2315 1368 2382 dissolutus
1379 2334 1424 2380 cst.

171 2547 176 2554 .
205 2491 220 2529 11
280 2525 283 2530 ,
400 2468 449 2534 16.
482 2467 564 2531 Erat
593 2477 682 2530 certe
713 2466 844 2532 Aeneas
873 2465 1009 2550 Sylvius
1038 2468 1125 2531 inter
1155 2463 1281 2532 saeculi
1318 2468 1424 2532 decimi

171 2555 269 2584 ¹¹¹¹⁰⁰¹'
307 2567 414 2652 quinti
446 2565 599 2629 homiues
630 2565 767 2628 maximi
794 2565 919 2647 ingenii
946 2566 1014 2644 vir,
1046 2565 1233 2630 eruditione
1267 2565 1426 2650 praeditus

307 2667 479 2746 immensa,
504 2665 538 2728 in
563 2661 717 2726 omnibus
735 2661 909 2746 gentilium
924 2661 1042 2726 litteris
1059 2672 1218 2742 versatus,
1245 2685 1313 2728 neo
1328 2685 1426 2728 rarum

307 2761 567 2846 theologicarum
592 2761 735 2844 ignarus.
785 2759 915 2823 Labore
938 2779 997 2824 suo
1022 2770 1055 2822 et
1077 2782 1187 2826 rerum
1211 2762 1426 2845 gerendarum

307 2861 426 2945 peritia
466 2859 621 2945 pervenit.
654 2857 695 2922 ad
734 2855 930 2941 multiplicia
965 2854 1021 2922 illa
1058 2880 1196 2922 munera
1240 2857 1427 2925 honorifica

307 2956 429 3043 quibus
452 2979 512 3042 per
527 2956 616 3019 vitae
640 2976 719 3018 suae
742 2975 875 3018 cursum
900 2954 1095 3039 perfunctus
1119 2969 1177 3022 cst.
1209 2955 1392 3043 Postquam
1412 2979 1426 3016 a

305 3056 477 3120 licentiore
512 3052 650 3117 vivendi
686 3073 776 3118 more
817 3064 849 3115 et
884 3075 904 3116 a
938 3050 1116 3118 schismate
1156 3075 1344 3119 conversus
1376 3069 1427 3116 est

306 3155 438 3238 egregia
468 3153 604 3216 fuerunt
627 3150 699 3236 ejus
730 3151 763 3214 in
788 3148 973 3214 Ecclesiam
999 3152 1134 3232 merita,
1165 3161 1268 3238 atque
1293 3163 1330 3218 ut
1354 3154 1426 3218 Pon·

304 3252 387 3316 tifex
412 3254 500 3315 vires
523 3271 609 3330 suas,
628 3248 701 3333 jam
725 3245 838 3312 multis
862 3248 952 3312 vitae
973 3247 1071 3313 valde
1094 3250 1239 3333 agitatae
1264 3249 1430 3316 laboribus

305 3351 444 3430 attritas,
469 3370 526 3434 pro
543 3346 714 3412 Ecclesiae
739 3345 825 3410 bono
850 3345 1076 3431 promovendo
1099 3346 1196 3433 plane
1216 3351 1430 3434 consumpsit.

305 3447 492 3532 Supersunt
515 3444 638 3510 multae
662 3444 733 3529 ejus
757 3441 932 3528 epistolae,
964 3443 1106 3508 leviores
1129 3445 1317 3530 quaedam,
1351 3445 1427 3510 aliae

304 3545 491 3628 graviores,
526 3565 567 3608 ac
596 3541 741 3628 plurima
764 3541 887 3626 scripte
917 3538 1082 3606 derebus
1112 3544 1162 3606 sui
1186 3545 1352 3628 temporis
1378 3543 1425 3606 ad·

305 3641 441 3706 modum
472 3641 576 3706 utilia.
626 3638 799 3722 „Qtratuor
831 3637 964 3719 babuit,
1000 3642 1048 3703 ait
1072 3639 1217 3734 Plotina,
1255 3661 1300 3704 ex
1326 3661 1428 3706 sorore

305 3749 457 3824 nepotes:
490 3759 533 3802 ex
556 3737 608 3802 his
632 3737 697 3801 duo
723 3738 864 3802 minores
888 3747 986 3813 natu,
1011 3739 1083 3823 ejus
1105 3739 1211 3822 gratia
1233 3749 1271 3807 ot
1293 3739 1426 3804 aucuri-

305 3849 371 3902 tate
394 3860 415 3901 a
438 3857 514 3920 rege
539 3836 690 3921 Hispano
715 3835 857 3920 equestri
883 3835 990 3900 ordini
1022 3845 1099 3900 sunt
1121 3834 1239 3902 additi.
1288 3833 1424 3900 Primus.

305 3937 359 3999 cui
395 3933 629 3998 Ferdinandus
664 3955 723 3998 rex
757 3931 861 3999 filiam
897 3935 931 3997 in
967 3935 1214 3998 matrimonium
1250 3931 1425 3998 locaverat

305 4034 375 4097 dux
397 4031 656 4118 Amalphitanus
680 4039 819 4095 creatur.
867 4027 1056 4111 Secundus,
1087 4051 1185 4116 quem
1208 4023 1301 4095 Pius¹
1317 4032 1351 4095 in
1372 4051 1421 4093 uu·

304 4152 431 4194 merum
466 4128 695 4194 cardinalium
728 4127 840 4192 retulit
873 4133 989 4214 (quum
1023 4125 1159 4192 haberet
1191 4127 1422 4213 septemdecim

304 4231 440 4310 annos),
477 4250 553 4292 cum
577 4228 699 4290 virtute
724 4236 756 4292 et
779 4227 968 4309 integritate
996 4221 1107 4290 adhuc
1131 4226 1235 4306 vivit,
1273 4237 1309 4289 nt
1332 4227 1362 4290 in
1384 4241 1423 4284 eo
