2852 4836
314 467 366 522 142
528 465 628 520 XXXI.
649 465 689 520 De
707 465 853 520 abolitione
873 465 982 521 Ordinis
1000 465 1223 533 Templariornm.

314 609 477 675 sumentis
510 609 716 694 colligitur.¹)
777 609 831 674 Ex
862 630 1015 695 processu
1055 621 1165 674 tamen
1207 612 1322 674 eruitur
1352 611 1399 694 qui·

314 709 399 786 dem,
425 709 674 793 permissionem
699 707 927 793 impudicitiae
952 710 1083 792 saepius
1108 707 1220 772 datam
1245 708 1341 771 fuisse.
1361 705 1399 768 sed

314 825 378 868 non
411 818 558 889 apparet,
590 809 710 870 vitium
741 804 823 869 illud
855 805 954 869 valde
984 805 1140 892 frequens
1173 807 1208 870 in
1233 805 1286 870 illo
1307 805 1401 870 ordia

314 901 489 966 exstitisse.
514 939 556 950 -
582 903 700 983 Quoad
725 903 869 988 reliquos
893 905 976 968 ritus
991 905 1111 988 impios
1138 915 1171 968 et
1196 903 1402 968 inverecundos

314 999 526 1064 recolendum
560 1013 618 1082 cst,
651 1001 858 1086 Templarios
891 1001 923 1065 in
949 1001 1085 1066 Oriente
1120 1001 1259 1066 multum
1290 1023 1352 1066 cum
1372 1005 1403 1062 in·

315 1097 469 1163 fidelibus
500 1111 533 1162 et
563 1101 675 1183 impiis
703 1101 801 1164 sectis
833 1098 1009 1163 haereticis
1041 1112 1254 1164 conversatos
1284 1123 1358 1164 esse.
1383 1115 1403 1160 et

315 1198 413 1260 etiam
439 1198 472 1260 iu
486 1195 678 1276 Occidente,
703 1199 896 1283 praesertim
922 1201 955 1261 in
979 1197 1089 1262 Gallia
1117 1197 1320 1263 meridionali
1342 1197 1404 1260 unde

315 1293 571 1379 quamplurimi
597 1295 776 1380 Templarii
803 1295 934 1358 oriundi
960 1307 1064 1376 erant,
1097 1307 1204 1360 sectas
1238 1311 1341 1378 turpes
1360 1293 1404 1357 lla·

315 1390 528 1456 nichaeorum
563 1393 659 1458 valde
701 1404 899 1479 propagatas
933 1394 1043 1458 fuisse.
1101 1395 1163 1458 His
1194 1393 1334 1459 solemne
1359 1409 1410 1454 erat

314 1489 430 1553 Jesutn
456 1510 587 1574 negare,
620 1490 741 1576 quibus
765 1489 867 1576 aliqui
892 1488 1093 1554 Satanielem
1118 1490 1221 1556 alium
1247 1491 1308 1556 Dei
1330 1489 1405 1553 filiun

315 1586 569 1654 substituebant.
623 1587 712 1652 Hinc
737 1590 856 1674 impios
880 1609 1006 1652 errores
1029 1610 1069 1651 ac
1093 1591 1175 1653 ritus
1199 1613 1219 1653 a
1242 1589 1410 1674 Templan'is'

317 1695 486 1770 susceptos
510 1707 589 1766 esse,
615 1685 704 1750 nullo
730 1687 828 1750 modo
851 1695 1023 1771 repugnat.

145 1819 306 1860 snoruohse-
406 1802 459 1867 54.
489 1801 651 1865 Auctores
669 1803 752 1866 varii
778 1812 890 1866 nostra
914 1813 1022 1866 aetate
1047 1823 1118 1866 eam
1145 1815 1410 1888 propugnaverunt

318 1900 526 1980 sententiam,
551 1909 654 1963 totum
670 1898 831 1964 Ordinem
848 1899 978 1985 Templi
992 1899 1120 1963 haeresi
1146 1899 1306 1964 infectum
1328 1901 1410 1972 inisse,

317 1999 362 2061 ita
386 2007 422 2059 ut
446 1999 661 2061 constitueret
684 1999 873 2062 societatem
899 1999 1073 2062 sectoriam
1097 2020 1173 2061 cum
1188 2001 1410 2084 organisationa

316 2093 485 2176 doctrinis,
511 2107 542 2159 et
558 2097 689 2159 statutis
706 2097 850 2162 secretis.
874 2095 985 2159 Variis
1000 2095 1291 2160 dissertationibus
1306 2096 1365 2161 Jns.
1385 2093 1410 2154 dr

315 2192 476 2256 Hammer
500 2192 639 2276 probare
664 2205 802 2257 conatus
826 2203 884 2272 est,
910 2191 1073 2257 haeresim
1097 2195 1282 2277 gnosticam
1304 2193 1410 2280 Ophiu·

314 2311 387 2354 rum
412 2291 445 2354 in
470 2289 525 2354 illo
550 2288 676 2355 Ordine
699 2313 864 2376 regnasse,
890 2293 1026 2378 ipseque
1051 2293 1230 2364 existimat,
1250 2293 1320 2378 jam
1343 2289 1410 2354 tad

181 1885 264 1923 reticos

314 2399 461 2473 tempore
478 2399 551 2474 post
567 2385 703 2453 Ordinis
728 2391 968 2453 institutionem
995 2391 1028 2452 in
1047 2411 1121 2453 erim
1141 2401 1329 2474 penetrasse
1350 2388 1411 2452 liant

315 2485 518 2564 baeresim.¹)
563 2486 595 2550 J.
614 2487 711 2550 Prutz
736 2486 909 2550 ostendere
934 2489 1026 2550 uisus
1050 2498 1109 2566 est,
1134 2487 1340 2574 Templarios
1361 2509 1411 2549 corn

316 2585 459 2648 stituisse
482 2582 684 2669 peculiarem
710 2583 882 2648 ecclesiam
909 2607 984 2648 cum
1001 2583 1203 2670 specialibus
1220 2584 1409 2672 dogmatibus

317 2680 407 2744 cultu
442 2705 481 2745 ac
511 2681 780 2768 sacerdotibus,³)
812 2705 853 2746 ex
883 2681 1011 2746 haeresi
1036 2680 1259 2747 Catharorum
1291 2705 1324 2746 se
1352 2677 1409 2745 evol

317 2779 404 2842 visse
433 2780 608 2864 specialem
633 2779 898 2865 Templariorum
927 2780 1132 2865 haeresim⁴),
1164 2804 1251 2867 quae
1282 2783 1314 2846 in
1338 2769 1411 2842 rarirl

317 2877 482 2962 capitibus
498 2878 614 2943 similis
632 2879 730 2942 fuerit
745 2878 956 2964 turpissimae
969 2877 1097 2942 haeresi
1111 2867 1411 2958 Luciferianorurnfl

319 3035 488 3042 ----.
510 3037 525 3042 -

402 3129 419 3190 Ι)
449 3127 503 3184 Ost.
532 3143 554 3181 e.
579 3143 606 3195 g.
642 3142 663 3181 s.
683 3125 759 3180 Petri
782 3125 908 3180 Damiaui
940 3127 1174 3191 Gcraorrboeauu
1205 3127 1295 3182 Dante
1324 3127 1411 3188 insu

317 3226 338 3260 c.
360 3207 388 3259 X
393 3207 421 3259 V.
442 3237 473 3244 -
494 3207 604 3260 Fratres
623 3205 827 3260 Praedicatores
852 3205 1045 3271 deliberarunt,
1071 3215 1161 3260 utmm
1190 3209 1345 3262 conveniret
1363 3219 1411 3271 prs-¹.

317 3287 407 3340 (licere
426 3297 521 3340 eontra
539 3287 669 3352 eiusmodi
688 3287 765 3346 vitia.
785 3301 867 3352 ortum
887 3285 960 3340 inter
974 3285 1141 3340 Christianos
1160 3287 1228 3341 adeo
1247 3305 1275 3341 se
1293 3299 1411 3355 propagas

317 3377 385 3429 sent,
411 3382 445 3420 sn
465 3381 529 3420 vero
548 3375 659 3436 propter
677 3366 833 3420 sandalum
852 3382 943 3421 eorum
963 3365 1059 3432 quibus
1085 3367 1178 3421 eadem
1197 3368 1266 3421 sitia
1285 3368 1376 3436 ignota
1392 3379 1411 3414 s

317 3455 379 3500 seut
399 3447 589 3502 abstinendum
608 3447 644 3501 sit
657 3463 674 3500 s
686 3445 896 3514 praedicatione.
917 3447 932 3500 J
937 3446 1084 3500 udicaruut
1093 3461 1179 3513 porro,
1189 3447 1365 3502 invehendum
1377 3459 1411 3498 ess

317 3526 423 3594 publice
442 3529 470 3581 iu
489 3527 537 3580 illa
549 3526 670 3580 crimine.
702 3526 735 3584 V.
748 3525 842 3596 Bayle,
862 3525 978 3581 Dictiou.
998 3526 1047 3580 sd.
1061 3527 1233 3582 Amsterdsm
1248 3528 1324 3582 trec.
1343 3527 1370 3579 T.
1386 3523 1411 3576 Il‘

317 3623 343 3674 p.
362 3608 415 3758 6⁰²2)
434 3607 608 3755 ¹lioemOlibitis
636 3686 741 3741 erudite
769 3685 878 3756 scripsit
905 3685 938 3741 el.
957 3685 1001 3740 Fr.
1022 3685 1126 3740 Gireud
1145 3685 1174 3741 in
1193 3703 1286 3756 opere:
1316 3685 1411 3754 Opbita

318 3767 481 3822 Dissertatio
499 3767 807 3836 historico-theologica3
829 3767 905 3821 Paris
925 3765 1148 3834 opLethellicux
1169 3767 1246 3824 1884.
1271 3765 1411 3820 Sententia

317 3847 427 3938 doseplri
453 3847 486 3900 de
504 3847 600 3902 Heller
624 3845 722 3901 ibidem
747 3863 791 3915 pp.
811 3847 864 3901 280
882 3861 938 3913 sqq.
957 3847 1097 3900 examinat
1115 3855 1145 3901 et
1162 3845 1253 3901 solidis
1271 3843 1411 3914 argumenti

318 3927 620 4079 refellil‘Geheimlehre
634 4007 688 4062 und
702 4007 938 4062 Geheimstatuten
952 4007 998 4060 des
1008 4006 1238 4076 Templerordsus,
1257 4005 1345 4060 Berlin
1360 4001 1411 4056 inii

318 4087 413 4230 11'49‘.)
433 4168 535 4222 Ibidem
555 4183 579 4236 p.
599 4169 642 4222 bs.

391 4249 414 4318 '·)
434 4249 463 4302 P.
485 4249 526 4304 70.
