2828 4842
285 471 338 526 278
553 472 654 527 XXVI.
673 471 714 526 De
732 473 898 528 Pontificatu
916 472 1068 527 Innocentii
1088 471 1136 526 HL

286 615 466 696 existebat3
504 615 730 698 Langtonium
764 638 842 680 vero
876 618 910 680 in
935 615 1091 701 Angliam
1122 617 1308 696 admittere,
1341 637 1384 678 rex

287 715 422 777 omnino
446 714 621 778 recusavit.

378 811 431 875 63.
477 811 633 876 Pontifex
655 813 758 896 igitur
780 811 878 897 plane
902 814 1081 898 perspexit,
1106 813 1220 897 vigore
1245 821 1276 875 et
1297 821 1385 874 auoto-

287 909 384 972 ritate
408 908 589 994 apostolica
612 909 779 995 agendum
804 931 884 992 esse,
909 916 947 974 ut
970 911 1139 976 Ecclesiae
1159 911 1237 996 jura
1261 909 1386 972 vindica·

287 1014 344 1072 ret.
392 1006 440 1071 Ut
470 1029 548 1071 vero
577 1017 675 1071 antes
699 1029 813 1072 omnes
837 1018 975 1072 conatus
998 1007 1040 1072 ad
1065 1009 1215 1071 animum
1240 1007 1324 1090 regis
1344 1007 1387 1067 in·

285 1103 482 1168 mutandum
507 1104 691 1188 adhiberet,
716 1104 770 1169 die
794 1105 854 1170 25⁰
869 1105 1012 1189 Augusti
1037 1104 1079 1169 ad
1096 1103 1299 1170 Guilelmum
1321 1103 1388 1166 Lon·

286 1204 469 1286 dinensem,
494 1204 714 1269 Eustachium
731 1203 911 1288 Elyensem
936 1213 968 1267 et
996 1203 1181 1288 Malgerum
1198 1201 1387 1286 Wigornien·

285 1323 354 1366 sem
378 1303 551 1388 episcopos
573 1302 699 1367 litteras
723 1302 825 1368 dedit.
857 1301 1103 1366 Commemorat
1126 1303 1160 1365 in
1178 1301 1218 1364 iis
1234 1298 1388 1373 beneficia,

285 1400 407 1486 quibus
429 1399 594 1465 loannem
619 1398 847 1481 cumulaverit,
879 1402 1024 1464 maxime
1048 1399 1137 1484 quod
1161 1401 1269 1484 ipsum
1295 1405 1390 1461 conta

285 1495 492 1562 adversarios
516 1519 591 1562 suos
615 1519 673 1583 pro
690 1497 819 1562 viribus
842 1499 945 1562 tuitus
969 1499 1028 1578 sitq
1052 1495 1214 1582 Stephani
1229 1495 1390 1579 Langtonii

285 1597 412 1677 merita,
443 1607 477 1659 et
505 1597 592 1679 regis
621 1597 770 1682 iniquam
794 1597 1057 1681 persecutionem
1090 1593 1215 1674 recolit,
1250 1613 1390 1678 spemque

285 1695 443 1779 exprimit
465 1693 544 1774 lore,
569 1705 607 1758 ut
630 1694 772 1780 populus
796 1694 942 1778 Angliae
966 1693 1031 1757 hac
1055 1695 1090 1757 in
1113 1715 1148 1757 re
1173 1693 1316 1778 principi
1339 1712 1391 1754 non

284 1791 473 1856 adhaereat.
520 1791 558 1855 Si
570 1793 679 1876 finem,
704 1791 828 1874 scribit,
850 1793 1024 1878 prudenter
1048 1791 1223 1856 attenderet
1246 1787 1340 1874 (rex),
1362 1787 1402 1848 ah

284 1891 407 1974 incepto
425 1891 543 1975 promul
565 1890 660 1954 dubio
685 1891 873 1969 declinaret,
906 1914 973 1954 cum
992 1901 1125 1976 praeter
1148 1889 1290 1952 diuinam
1314 1885 1393 1972 offen·

285 2011 362 2066 sam,
392 1989 458 2052 nisi
482 1991 667 2074 quantocius
688 1990 868 2074 resipuerit,
891 2013 1017 2076 prooem
1040 1990 1081 2052 sit
1105 1990 1288 2052 incursurus
1304 1990 1393 2074 jactu-

284 2109 374 2164 ram;
406 2087 482 2172 quia
510 2087 623 2152 durum
656 2098 702 2150 est
724 2090 754 2151 ei
777 2098 887 2151 conda
911 2087 1069 2151 stimulum
1092 2087 1269 2152 calcitrare.
1317 2083 1403 2147 Adsit

285 2186 375 2263 enim,
399 2196 435 2250 ut
457 2186 492 2248 in
516 2196 580 2250 tam
602 2187 709 2272 iniquo
722 2189 889 2272 proposito
900 2185 1043 2272 populus
1059 2185 1255 2269 duplicamus
1270 2185 1325 2268 qui
1338 2204 1393 2243 serr

284 2283 474 2346 christianae
507 2286 616 2348 assistit
647 2295 676 2347 et
698 2284 819 2347 zelator
837 2283 915 2366 fidei
939 2283 1142 2361 orthodoxae,
1176 2293 1287 2346 contra
1309 2299 1395 2363 repen

284 2380 444 2444 coelestem
475 2405 576 2466 sepem
599 2393 748 2468 sequatur
773 2392 937 2459 terrenum,
970 2381 1155 2467 corporalia
1187 2375 1395 2465 spiritualibus

279 2479 507 2566 praeferendo,
532 2501 700 2566 quumnon
723 2477 823 2543 solum
847 2478 963 2558 clerici,
988 2480 1043 2544 sed
1067 2489 1096 2542 et
1112 2478 1190 2541 laici
1213 2487 1322 2540 tantae
1345 2474 1396 2536 dis·

285 2579 434 2641 cretionis
458 2589 487 2640 et
504 2579 679 2642 devotionis
702 2580 851 2656 eaistant,
875 2588 911 2641 ut
924 2580 1034 2642 norint
1057 2588 1087 2640 et
1102 2575 1200 2640 uelint
1216 2575 1397 2659 distinpaere

284 2677 369 2738 inter
390 2675 461 2754 illa,
484 2699 564 2761 quae
587 2676 752 2740 reddenda
776 2686 848 2739 sunt
866 2675 1006 2752 Caesari,
1032 2687 1061 2739 et
1081 2699 1119 2738 ea
1143 2697 1221 2760 qaae
1245 2671 1398 2736 reddenda

286 2785 358 2838 sunt
383 2775 461 2838 Deo.
492 2813 536 2821 -
566 2776 652 2860 Ipsis
676 2775 840 2859 episcopis
863 2796 959 2858 porro
984 2774 1137 2837 mandat:
1163 2771 1273 2835 Induti
1296 2775 1397 2835 cirtam

245 2919 254 2942 ,
286 2873 421 2958 spiritus
436 2897 476 2936 ea
491 2872 567 2951 alta,
593 2884 623 2936 et
638 2883 829 2936 assumentes
843 2871 986 2957 pladium
1009 2872 1144 2957 spiritus
1167 2869 1251 2954 qnod
1274 2881 1322 2934 cst
1345 2892 1399 2930 rer·

288 2969 358 3034 bum
381 2971 455 3050 Dei,
485 2995 587 3055 repam
618 2972 723 3056 ipsum
750 2972 876 3058 pariter
909 2969 1045 3047 adeatis,
1076 2991 1202 3052 eumque
1235 2969 1269 3032 iu
1294 2967 1398 3053 spiritu

286 3066 444 3132 libertatis
465 3079 641 3133 reverenter
663 3079 698 3133 nt
720 3091 821 3152 repam
834 3069 1009 3145 hortemini,
1034 3078 1063 3130 et
1077 3063 1247 3150 dilipenter
1262 3065 1400 3148 atfllrfum

286 3166 456 3244 inducatis,
499 3177 652 3252 quatenus
683 3168 772 3230 sartis
807 3164 949 3229 consiliis
973 3165 1160 3249 acquiescat,
1200 3174 1229 3227 et
1255 3161 1400 3249 praefato

287 3265 521 3351 archiepiscopo
556 3315 563 3330 .
588 3314 595 3329 .
622 3313 630 3328 .
665 3265 794 3350 dipuam
820 3265 1028 3327 reverentiam
1052 3274 1081 3324 et
1104 3262 1243 3326 deditum
1265 3263 1399 3326 honorem

285 3361 479 3447 impendens,
505 3412 513 3426 .
539 3415 546 3428 .
572 3412 579 3426 .
605 3363 810 3448 dispositioni
833 3362 959 3425 divinae
977 3371 1126 3447 prompto
1142 3359 1261 3445 favore
1286 3381 1401 3424 consen·

288 3460 356 3540 tint,
387 3470 422 3522 ut
443 3459 527 3522 idem
561 3461 814 3546 archiepiscopus
839 3512 845 3525 .
872 3511 879 3526 .
907 3514 913 3525 .
938 3460 1024 3522 circa
1045 3481 1167 3543 prepem
1190 3459 1252 3521 sihi
1274 3458 1400 3520 cornmin-

287 3580 353 3620 sum
393 3581 414 3620 a
435 3558 573 3622 Domino
612 3581 701 3622 mam
739 3558 845 3620 valeat
883 3556 1054 3642 efficaciter
1091 3555 1229 3642 officium
1258 3577 1401 3620 auersere.

287 3655 419 3741 Alioqui
449 3658 534 3720 omni
562 3656 723 3720 msandauo
757 3657 866 3719 timore
884 3655 1075 3741 postposito,
1110 3677 1148 3718 ac
1170 3663 1287 3718 remoto
1312 3659 1401 3742 cajine-

287 3753 362 3817 lihet
389 3741 650 3818 contradictionis
686 3764 715 3817 et
752 3751 981 3839 appellationis
1019 3749 1189 3830 obstando,
1222 3775 1286 3838 per
1314 3763 1403 3814 tot-om

287 3850 438 3938 Anplidm
460 3853 636 3940 peueralem
659 3853 825 3916 Interdicti
854 3852 1041 3914 sententiam
1068 3850 1257 3936 proferatis,
1290 3849 1402 3912 asadiam

287 3950 333 4013 ihi
351 3962 483 4036 praeter
502 3951 710 4037 paruulorum
734 3949 892 4036 baptisma
909 3950 1179 4034 etpoenitentiam
1201 3949 1402 4017 morientium,

288 4049 530 4112 ecclesiasticum
556 4050 775 4136 permittentes
805 4047 944 4133 officium
976 4046 1150 4126 celebrari;
1188 4069 1281 4132 qnam
1305 4055 1335 4108 et
1357 4067 1403 4106 sos

282 4145 413 4233 plenius
437 4146 613 4224 observetis,
638 4155 668 4210 et
688 4145 824 4230 faciatis
848 4143 1043 4208 adomnihus
1060 4165 1300 4230 percensuram
1317 4139 1403 4206 eccle·

286 4245 450 4308 siasticam
472 4244 703 4308 inuiolabiliter
726 4243 895 4308 observari.
921 4291 929 4307 .
946 4293 953 4308 .
970 4290 978 4306 .
1007 4241 1099 4316 Quod
1114 4244 1144 4306 si
1156 4265 1211 4305 uec
1225 4243 1269 4305 sie
1282 4240 1404 4304 eseam
