2828 4842
219 460 307 514 Causa
324 460 531 520 matrimonialis
544 460 671 530 Philippi
693 461 800 516 Galliae
820 460 901 530 rogis.
1064 458 1115 518 261

27 614 87 666 ntur
109 605 211 668 vitam
234 603 432 688 religiosam,
464 626 530 668 non
553 603 693 672 liberam
717 627 798 685 esse,
830 605 887 669 sed
912 606 946 668 vi
978 626 1019 669 ac
1043 603 1116 668 dolo

24 725 72 764 an
92 725 161 766 esse
184 700 339 766 adactam
363 703 406 766 ad
430 701 519 766 illam
544 705 806 788 promissionem.

85 802 135 866 43.
182 799 249 868 Sed
272 823 332 865 rex
355 799 504 865 nondum
528 799 654 864 destitit
676 800 718 865 ab
742 802 893 885 inceptis.
925 799 1036 880 Quum
1062 800 1280 865 damnosorum

20 898 207 963 cierationem
231 899 410 984 quamdam
431 900 566 983 reginae
582 899 692 984 quoad
709 899 957 962 matrimonium
972 905 1114 962 tantum-
1147 891 1261 982 ,3322

20 995 92 1060 uodo
112 1005 222 1060 ratum
248 999 453 1081 accepissent
475 995 645 1066 abbende
668 996 780 1081 'Prepa
811 1007 843 1060 et
874 995 1030 1080 magister
1053 995 1114 1059 Ro-

18 1093 105 1158 bertus
128 1093 170 1159 de
196 1093 336 1176 Coreon,
360 1117 445 1180 quae
469 1096 539 1180 regi
563 1093 676 1160 favere
702 1093 888 1174 videbatur,
913 1095 1033 1158 iterum
1057 1115 1117 1179 per

18 1191 87 1256 illum
108 1192 267 1256 abbatem
291 1203 324 1255 et
337 1191 503 1258 Joannem
527 1192 684 1256 clericum
701 1192 825 1256 Romae
845 1192 1015 1256 efficacius
1039 1193 1117 1275 egit,

18 1307 42 1352 0
60 1292 302 1356 matrimonium
327 1289 570 1356 dissolveretur.
618 1289 714 1354 Tunc
733 1311 812 1354 vero
838 1290 892 1354 die
916 1288 1064 1355 9⁰Junii
1087 1313 1116 1356 a.

18 1389 82 1450 1212
103 1389 322 1466 innocentius
345 1409 465 1472 graves
488 1387 581 1452 dedit
603 1389 646 1452 ed
670 1387 862 1474 Philippum
885 1386 1022 1469 litteras,
1050 1388 1119 1473 qni-

17 1485 61 1550 lus
79 1509 198 1551 musae
222 1487 322 1550 finem
348 1487 523 1572 imponens
546 1486 739 1572 conjugium
764 1482 846 1550 illud
868 1484 1049 1550 dissolvere
1072 1508 1119 1550 re·

16 1587 77 1664 nuit,
99 1607 279 1670 regemque
299 1594 419 1666 monet,
444 1607 487 1648 ne
505 1585 578 1670 jam
603 1583 740 1649 ulterius
764 1583 937 1670 postulatis
961 1585 1029 1650 suis
1053 1604 1119 1648 mo-

14 1679 119 1746 lestiam
141 1683 268 1746 inserat
290 1681 368 1747 Sodi
393 1681 614 1768 Apostolieae.
661 1681 828 1763 Declarat,
860 1684 960 1747 etiarn
993 1691 1119 1746 attenta

15 1779 56 1842 illa
75 1779 303 1845 declaratione
327 1781 370 1844 ab
381 1780 571 1864 ingeburgi
596 1779 740 1862 obtenta,
765 1801 834 1846 rem
858 1780 957 1847 valde
981 1777 1119 1844 dubiam

13 1891 35 1938 et
54 1878 255 1964 implicatam
279 1899 460 1960 remanere,
487 1900 548 1942 nec
569 1901 603 1942 se
620 1877 752 1960 audere,
777 1888 902 1944 attenta
917 1879 1119 1948 matrimonii

12 1975 285 2042 indissolubilitate
302 1977 465 2042 divinitus
490 1978 649 2058 instituta,
674 1976 801 2062 aliquid
818 1978 853 2041 in
868 1975 1016 2040 favorem
1032 1977 1119 2059 regis

12 2073 138 2139 delinire.
188 2074 255 2140 Sed
277 2078 312 2138 in
338 2074 464 2140 corneli
487 2077 678 2154 commercio,
709 2075 834 2156 scribit,
861 2075 945 2138 inter
969 2084 997 2137 te
1021 2085 1050 2138 et
1072 2099 1119 2138 re·
1216 2103 1219 2112 ·

9 2175 98 2253 pinum
118 2179 284 2264 wrrjuyem
308 2185 395 2238 tuom
418 2174 497 2238 adeo
523 2183 568 2237 est
586 2195 777 2259 processum,
801 2173 928 2259 quodsi
951 2173 1045 2235 etiam
1068 2169 1107 2236 111
1114 2174 1121 2189 ’

11 2281 111 2334 100000
132 2272 333 2358 confessioni
354 2270 500 2336 vellemus
523 2272 678 2349 insistere,
702 2295 795 2356 quam
817 2295 918 2357 nuper
942 2269 1050 2334 eudem
1072 2293 1119 2334 re·

10 2371 68 2450 pirre
81 2371 203 2455 fecisse
223 2371 419 2456 proponitur
442 2393 548 2432 coram
565 2369 735 2454 proedicto
760 2368 872 2432 abbate
896 2368 935 2432 de
956 2369 1066 2452 Trapo
1089 2379 1119 2432 et

11 2464 103 2531 111010
127 2467 205 2552 filio
231 2469 382 2554 mapiatro
406 2467 543 2532 lieberto
568 2467 607 2532 de
635 2464 755 2532 Gorzon
776 2491 860 2530 nune
883 2465 971 2530 tituli
1002 2487 1027 2528 a.
1053 2463 1118 2528 Ste-

10 2565 90 2647 ploni
110 2569 144 2630 in
173 2563 283 2632 Coelio
308 2576 409 2628 monte
427 2565 613 2652 presbytero
642 2562 822 2643 Cardinali,
846 2586 910 2628 non
934 2562 1119 2628 auderemus

12 2663 279 2754 superbujusmodi
300 2686 376 2727 casu
400 2663 438 2728 de
461 2674 568 2727 nostro
593 2685 686 2726 sensu
703 2685 767 2748 pro
785 2673 813 2726 te
828 2661 953 2746 aliquid
965 2659 1117 2744 diffinire,

7 2776 119 2847 propter
143 2761 238 2826 illam
262 2763 447 2826 renuntiem
471 2761 693 2846 evonpelieam,
718 2784 811 2846 quom
829 2758 971 2825 01010100
994 2780 1118 2844 expres·

12 2859 49 2934 rit,
69 2860 228 2924 uidelicet:
253 2857 372 2938 „Quod
387 2861 475 2923 Deus
492 2860 665 2946 eonjunaeit,
689 2859 776 2922 10010
792 2881 857 2922 non
870 2863 1027 2942 separet“,
1052 2881 1120 2920 eum

11 2955 105 3042 uisque
118 2958 216 3022 dubio
234 2981 291 3020 neo
307 2968 486 3021 sanctorum
510 2955 666 3042 exemplo,
689 2979 746 3019 nee
763 2967 895 3042 patrum
911 2955 1046 3033 decreta,
1071 2956 1118 3018 in·

12 3057 125 3119 1011001
171 3057 208 3118 10
246 3057 301 3118 100
340 3053 474 3120 articulo
522 3053 743 3140 suffrapentur.
803 3053 915 3117 Verum
959 3055 990 3116 si
1024 3073 1120 3139 super

11 3151 51 3214 loe
72 3154 183 3239 obsmre
206 3153 366 3238 poneretis
396 3151 624 3216 deliberatione
652 3148 788 3216 Consilii
819 3151 1028 3214 detemninare
1060 3149 1118 3213 011-

12 3251 72 3332 prid
93 3264 296 3332 tentaremus,
317 3262 448 3336 praeter
472 3251 615 3314 divinam
638 3248 790 3336 offensam
811 3259 840 3312 et
854 3247 1048 3312 mundanam
1071 3249 1118 3310 10-

5 3347 134 3430 jenium,
165 3373 262 3436 quom
286 3371 326 3412 eu
350 3371 384 3412 eo
402 3371 570 3435 possemus
604 3349 775 3428 incurrere,
797 3346 920 3432 forsan
943 3347 1067 3410 ordinis
1090 3357 1119 3410 et

12 3446 91 3528 efficii
120 3451 227 3514 nostri
252 3447 432 3532 periculum
463 3447 649 3525 immineret,
679 3454 880 3509 cumcontra
907 3445 1119 3529 praemissam

13 3545 135 3608 raritatis
158 3547 350 3610 sententium
374 3545 428 3626 (de
453 3545 656 3608 matrimonii
680 3540 984 3624 indissolubilitate)
1008 3553 1119 3606 nostro

15 3663 60 3703 een
81 3647 186 3728 possit
214 3645 389 3708 auctoritas
421 3643 616 3729 dispensare.
648 3679 692 3689 -
723 3641 825 3705 Hisce
848 3639 1003 3704 Pontifex
1031 3653 1118 3704 certe

15 3759 64 3802 non
90 3743 215 3824 asserit,
249 3765 284 3806 00
307 3765 402 3828 posse
428 3741 549 3826 deponi
573 3740 615 3806 ab
641 3742 815 3826 episcopis,
844 3739 902 3802 sed
927 3738 979 3803 vel
1003 3760 1117 3803 sensus

15 3852 57 3914 est
73 3841 177 3922 ipsum
191 3861 360 3925 exponere
375 3862 409 3903 se
424 3837 572 3925 periculo
590 3838 740 3903 violandi
758 3836 907 3902 ordinem
925 3847 957 3900 01
970 3835 1118 3901 officium

17 3955 100 4018 snum,
123 3936 204 4001 dum
230 3936 316 4002 ultra
332 3939 562 4002 auctoritatem
579 3939 642 4021 ipsi
658 3945 899 4020 competentem
917 3944 1038 4018 ageret,
1065 3935 1117 4000 vel

17 4031 153 4117 insinuat,
192 4036 265 4100 fieri
297 4057 392 4121 posse
425 4047 462 4098 ut
492 4032 731 4122 (schismatica)
765 4035 800 4097 in
831 4053 906 4096 eum
941 4035 1117 4097 commotio

18 4131 141 4216 ···riretur,
167 4133 248 4198 dum
266 4144 439 4198 cernerent
455 4131 650 4197 Pontificem
673 4152 825 4215 arrogare
842 4129 906 4193 sibi
923 4138 1118 4214 potestatem

19 4225 187 4296 indebitam.
214 4269 257 4279 —
281 4232 371 4297 Dein
386 4231 540 4312 advertit,
565 4230 648 4296 alias
664 4252 734 4296 esse
753 4229 882 4314 juratas
906 4228 1040 4310 reginae
1064 4227 1117 4291 de-
