2964 4838
403 427 444 480 ns
462 425 487 484 n.
505 425 643 482 anserico
660 427 824 486 Arelatensi.
949 390 955 399 ¹
1119 432 1172 488 soa

49 569 215 642 excusari
231 569 316 634 male
339 579 504 654 agentem.
553 569 665 651 Quare
689 572 776 637 malo
798 573 872 638 Deo
897 574 1102 642 committere
1120 575 1173 662 ju-

49 667 177 732 dicium
203 665 244 732 de
267 669 457 752 ignorantia
479 668 574 733 Beati
605 671 725 752 nostri3
765 691 827 734 nec
866 671 972 735 ausim
1005 672 1171 758 judicare,

49 785 223 850 quousque
261 764 317 829 illa
354 787 516 830 excusare
552 769 697 854 potuerit
734 769 880 832 actiones
915 771 1106 836 temerarias
1138 781 1174 836 et

49 860 290 928 schismaticas.
337 862 425 928 Illud
456 885 515 950 pro
547 876 636 930 certo
668 863 785 948 habeo,
825 864 915 930 illam
950 868 1172 951 ignorantiam

48 959 81 1024 h.
106 959 283 1024 Ludovico
314 959 477 1046 profuisse
508 959 551 1028 ad
582 963 717 1028 reniam
748 985 768 1026 a
799 961 915 1028 divina
946 966 1173 1033 misericordia

47 1057 183 1122 facilius
206 1058 461 1144 impetrandam.
508 1057 634 1124 Verum
666 1060 755 1124 omni
782 1059 911 1146 judicio
946 1083 1057 1128 carere
1090 1064 1173 1131 mihi

47 1154 186 1220 videtur
209 1155 335 1220 dictum
359 1155 554 1238 Alexandri,
585 1178 653 1222 non
676 1160 889 1244 poenituisse,
920 1163 999 1246 quia
1030 1162 1114 1227 nihil
1138 1185 1173 1228 se

46 1256 159 1338 egisse
189 1254 425 1340 poenitendum
460 1277 635 1341 persuasus
665 1266 745 1324 erat.
792 1255 925 1322 Etenim
950 1260 1078 1325 etiamsi
1102 1283 1173 1346 per·

46 1353 192 1416 rexisset
216 1351 360 1432 credere,
385 1363 422 1416 ut
445 1353 583 1418 fortasse
607 1354 643 1418 in
666 1353 806 1418 actionis
830 1355 959 1420 fervore
976 1357 1172 1442 crediderat,

45 1451 164 1514 omnia
189 1451 280 1536 juste
309 1460 384 1514 acta
417 1471 487 1514 esse
520 1460 635 1515 contra
658 1451 863 1538 Eugenium,
895 1452 1033 1518 videbat
1056 1454 1172 1522 saltem

45 1549 164 1614 omnia
188 1547 244 1612 illa
268 1550 303 1612 in
326 1548 435 1612 fumos
458 1548 590 1613 abiisse.
638 1547 794 1628 Videbat,
828 1549 912 1615 nihil
941 1550 1010 1616 fere
1035 1551 1114 1640 beni
1137 1556 1172 1619 in

44 1645 230 1710 schismate
254 1646 390 1712 factum.
437 1645 594 1728 Videbat,
619 1649 794 1713 innumera
819 1648 907 1714 mala
930 1672 971 1713 ex
984 1649 1173 1734 schismate,

43 1743 141 1830 quod
171 1743 302 1828 agendo
332 1754 447 1810 contra
471 1743 660 1830 Eugenium
694 1745 906 1828 induxerant,
938 1757 1008 1812 orta
1039 1772 1110 1814 esse
1141 1760 1174 1814 et

44 1842 212 1908 damnum
235 1843 423 1906 animarum
448 1863 514 1906 non
538 1842 621 1909 leve.
668 1840 796 1930 Itaque,
829 1846 891 1910 nisi
916 1867 972 1910 cor
1003 1845 1174 1912 habuisset

43 1962 132 2004 saxo
157 1938 282 2022 durius,
308 1961 373 2004 non
398 1949 526 2025 poterat
549 1962 614 2006 non
640 1937 812 2026 deplorare
835 1951 962 2008 tantam
985 1946 1172 2012 animarum

37 2039 244 2124 jacturam.“
293 2036 346 2124 (L
372 2035 415 2123 c.)

143 2136 193 2201 70.
219 2135 374 2201 Ostendit
389 2157 485 2222 porro
499 2134 684 2222 Stiltiugns,
709 2147 941 2221 argumentum
960 2143 1171 2226 contrarium,
1203 2145 1315 2249 “gfff

43 2257 115 2300 uon
142 2255 237 2320 posse
261 2233 339 2298 inde
370 2233 509 2315 desumi,
543 2234 632 2320 quod
656 2234 863 2300 Basileenses
896 2239 930 2301 in
965 2211 1341 2322 documentisriihfflii.

42 2331 330 2396 reconciliationis
347 2354 422 2395 cum
441 2329 592 2396 Ecclesia
616 2343 648 2396 et
672 2331 842 2398 electionis
857 2333 1031 2400 NicolaiV
1048 2359 1173 2405 amores
1213 2334 1313 2384 imm·

43 2452 126 2494 suos
152 2452 216 2494 non
241 2431 450 2514 agnoverint,
490 2452 552 2494 nee
583 2429 729 2494 dolorem
769 2429 810 2495 de
850 2433 891 2498 iis
922 2455 1007 2522 quae
1038 2448 1174 2520 egerent

42 2526 264 2592 ostenderint.
320 2525 523 2592 Oeconomia
554 2529 702 2613 practica
733 2527 905 2612 videlicet,
946 2535 1173 2600 consentiente

41 2624 187 2691 Nicolao
204 2624 246 2704 V,
271 2647 322 2689 res
347 2626 428 2688 istae
452 2623 633 2710 dispositae
658 2625 801 2692 fuerunt.
850 2627 1019 2694 Credibile
1037 2633 1171 2717 quidem

41 2735 106 2806 est,
133 2721 310 2788 nonnullos
333 2721 586 2804 Basileensium,
618 2722 675 2787 ubi
701 2723 802 2790 semel
826 2746 952 2791 errores
975 2748 1052 2792 suos
1074 2751 1173 2814 agno·

41 2831 177 2904 verant,
202 2822 313 2884 animo
327 2822 406 2884 satis
417 2819 519 2884 fuisse
542 2843 700 2906 generoso
721 2823 764 2888 ad
780 2821 949 2908 publicam
966 2846 1079 2891 eorum
1097 2851 1172 2894 con·

40 2923 226 2986 sessionem
259 2917 459 2983 faciendam.
507 2917 553 2981 At
583 2941 658 2984 cum
690 2921 724 2984 in
756 2919 969 2988 multitudiue
998 2923 1171 2990 hominum

41 3017 145 3084 multi
178 3039 308 3103 semper
336 3017 545 3102 reperiantur
575 3016 714 3099 infirmi,
750 3039 892 3105 cumque
923 3021 957 3084 in
989 3032 1084 3086 coetu
1115 3021 1170 3088 illo

40 3117 152 3202 aliqui
168 3111 393 3179 verisimiliter
404 3115 553 3200 pristinis
566 3114 733 3181 erroribus
746 3116 966 3199 inhaererent,
990 3118 1047 3183 alii
1064 3120 1170 3185 solum

41 3217 89 3280 de
115 3213 193 3300 jure
224 3233 283 3276 suo
322 3209 530 3277 dubitarent:
571 3233 702 3298 sperare
741 3235 807 3278 non
848 3223 977 3299 poterat
1006 3215 1169 3300 Pontifex,

40 3335 164 3378 ornnes
195 3311 346 3376 unanimi
378 3332 539 3374 consensu
574 3331 608 3374 se
638 3309 861 3398 subjecturos,
901 3314 927 3376 si
964 3314 998 3378 in
1030 3313 1171 3381 decretis

40 3411 171 3498 quibus
211 3408 255 3473 ad
285 3407 510 3474 obedientiam
543 3408 702 3474 accedere
737 3409 906 3475 debebant
937 3431 1062 3477 errores
1094 3435 1170 3480 suos

40 3518 162 3596 aperte
185 3529 364 3591 agnoscere
388 3505 589 3572 debuissent.
626 3545 667 3555 —
705 3506 916 3594 Quapropter
934 3511 1044 3574 minus
1067 3522 1170 3577 atten-

41 3606 196 3672 dendum
229 3613 278 3669 est
308 3605 351 3670 ad
376 3605 489 3688 verba,
522 3626 621 3691 quam
652 3604 696 3669 ad
729 3605 969 3691 subjectionem
1000 3609 1107 3693 ipsam
1138 3621 1171 3674 et

40 3711 196 3770 secutam
235 3701 334 3788 paulo
372 3711 446 3788 post
490 3713 602 3768 coetus
641 3703 868 3768 Lausanensis
910 3704 1169 3774 dissolutionem.

40 3802 301 3878 Poenitentiam,
318 3822 417 3886 quam
434 3798 545 3864 verbis
558 3798 818 3883 dissimularunt,
833 3801 929 3866 factis
939 3802 1169 3887 prodiderunt.

139 3897 190 3964 71.
239 3895 358 3977 Quoad
383 3897 572 3963 Amadeum
596 3897 755 3986 (Felicem
780 3899 825 3981 V)
858 3899 1031 3964 advertere
1057 3902 1167 3988 juvat,

41 4020 133 4084 quae
163 3991 280 4061 scribit
311 4006 426 4060 auctor
456 4018 600 4061 coaevus
623 3995 801 4064 Jannotius
824 3997 1002 4062 Mannetus
1031 3999 1065 4063 in
1091 3999 1170 4065 Vita

40 4094 178 4161 Nicolai
202 4093 247 4159 V.
294 4094 433 4178 Narrat,
475 4093 510 4159 id
535 4096 604 4159 suis
629 4095 808 4159 virtutibus
833 4105 1047 4160 consecutum
1071 4097 1168 4163 Nico-

39 4195 137 4260 laum
174 4203 212 4257 ut
253 4191 415 4276 „schisma
446 4193 512 4271 iam
554 4191 681 4258 dudum
719 4193 957 4276 inveteratum,
997 4193 1168 4280 praedicto

1008 4299 1060 4355 26*
