2964 4838
328 451 432 506 &usse
451 459 645 522 praeparantes
663 453 843 508 defectionem
861 453 1085 508 Protestantium.
1213 454 1267 508 469

141 593 337 660 Cardiuales
370 605 402 660 et
433 607 566 662 centum
599 597 731 662 circiter
763 595 913 684 praelati.
969 596 1071 660 Haud
1103 597 1266 662 immerito

141 691 357 776 Reynaldus:
392 694 472 758 Tam
488 715 613 780 paucos
636 717 764 759 numeru
783 693 951 781 praesules
976 717 1016 758 cs
1040 704 1085 758 tot
1108 694 1266 781 amplissi-

140 793 201 854 mis
223 793 339 876 requio,
362 814 442 876 quoe
463 802 536 856 tuuc
553 793 718 858 Romanoa
733 791 894 858 Ecclesiae
912 793 1084 879 parebant,
1108 794 1200 856 toties
1224 792 1268 857 ud

145 886 320 954 Concilium
343 886 529 975 Apostolico
553 890 686 976 imperio
709 902 836 955 vocatos
860 892 991 966 uenisse,
1014 889 1140 954 indicat
1162 911 1268 954 eorum

142 997 316 1072 temporum
346 986 534 1065 socordiam,
564 985 676 1072 qulbus
701 986 816 1074 plum
845 987 997 1076 episcopi,
1028 986 1153 1074 objecto
1176 987 1267 1051 eccle·

139 1084 264 1148 siarum
293 1106 370 1148 curo
402 1094 656 1169 terrenorumque
687 1107 793 1150 rerum
816 1109 921 1149 umore
955 1085 1086 1161 irretiti,
1116 1085 1268 1150 inanibus

141 1182 226 1246 aris
250 1204 281 1246 so
305 1179 608 1268 implicabunt.¹)-
621 1182 809 1247 Concilium
834 1183 1060 1246 Laterauonse
1072 1183 1170 1245 ‚inter
1184 1181 1267 1246 Con·

141 1278 221 1344 cilia
244 1279 460 1344 oecumenica
491 1279 731 1344 recensendum
763 1302 834 1346 esse
863 1279 1075 1345 manifestum
1110 1289 1171 1353 est;
1203 1280 1268 1344 fuit

140 1374 232 1440 euim
263 1375 451 1442 universale
477 1375 663 1442 Concilium
695 1389 767 1443 tum
800 1379 1049 1457 convocatione,
1082 1387 1153 1441 tum
1186 1378 1267 1442 cele-

139 1472 303 1554 bratione,
327 1484 398 1540 tum
423 1474 682 1540 confirmatione⁴
731 1475 909 1542 Sufficiens
933 1477 1190 1562 repraesentatio
1206 1475 1267 1541 Ec-

140 1569 263 1634 clesiae
274 1571 307 1634 in
319 1569 552 1653 celebratione,
570 1574 724 1658 quamvis
741 1595 899 1638 numerus
913 1573 1143 1659 episcoporum
1157 1574 1268 1637 minus

140 1666 274 1752 amplus
304 1679 403 1751 esset,
435 1667 630 1750 habebatur,
662 1681 696 1734 et
726 1670 891 1757 quidquid
922 1668 1031 1756 quoad
1063 1669 1266 1736 materialem

142 1768 490 1850 repraesentationem,
529 1789 567 1832 eo
598 1767 688 1853 quod
724 1769 817 1833 multi
854 1770 963 1834 vocati
999 1789 1065 1832 uon
1095 1780 1266 1844 venerant,

143 1863 406 1946 desiderabatur,
446 1863 657 1930 abundanter
688 1889 747 1953 per
777 1866 949 1931 Pontificio
982 1868 1202 1954 praesentiam
1235 1878 1268 1930 et

141 1963 374 2026 auctoritatem
400 1962 627 2049 supplebatur.
1171 1989 1175 1996 ‘

233 2060 284 2123 De
310 2059 460 2124 Concilio
484 2060 594 2127 Later.
621 2060 651 2122 V
676 2059 802 2126 consuli
828 2070 980 2148 possunt:
1013 2062 1099 2125 Acta
1123 2058 1266 2126 Consilii

140 2156 252 2223 Later.
279 2157 320 2222 V.
352 2179 404 2246 ap.
432 2157 597 2222 Harduin.
630 2157 668 2224 T.
694 2157 755 2224 IX.
787 2182 818 2244 p.
845 2157 1076 2224 1561-1856.
1107 2196 1151 2204 -
1181 2157 1266 2243 Ray·

145 2254 245 2336 nald,
271 2257 394 2322 Annal.
418 2280 447 2322 a.
475 2257 708 2322 1512—1517.
735 2255 926 2321 —Natalis
951 2257 1152 2336 Alexander,
1178 2255 1265 2320 Hist.

141 2351 271 2418 Ecclos.
288 2373 373 2418 saec.
390 2354 457 2418 XV
471 2365 503 2416 ct
515 2353 609 2419 xvl.
624 2353 762 2420 Dissert.
780 2355 842 2421 XI.
866 2391 908 2402 -
934 2353 1060 2440 Helela,
1078 2353 1114 2420 C.
1133 2353 1172 2420 G.
1187 2353 1264 2419 VII.

661 2767 746 2832 m.

169 2903 235 2968 De
259 2905 401 2970 cauete
416 2908 679 2986 praecipuis,
703 2907 852 2985 qulbus
871 2913 1133 2988 praepos-atu
1151 2909 1239 2988 fult

438 3003 609 3082 defectio
633 3003 974 3070 menantium.

233 3178 285 3242 75.
310 3177 467 3262 Magnam
479 3178 568 3242 illam
580 3179 810 3256 defectionem,
822 3182 1033 3265 quaineunte
1043 3177 1265 3246 saeculoXVl
1285 3183 1369 3282 V⁸¹¹⁸¹⁸
1383 3193 1437 3222 ⁶⁸¹¹·

141 3278 282 3340 societas
313 3277 494 3341 christiana
528 3276 721 3342 Occidentis
754 3278 879 3342 afflicta
917 3289 979 3360 est,
1021 3278 1122 3342 variis
1157 3280 1266 3343 cauus
1348 3253 1383 3284 ”’

139 3383 373 3459 praeparatam
420 3375 538 3455 fuisse,
591 3387 662 3439 tum
708 3399 750 3438 ex
795 3377 868 3461 ipsa
913 3386 1033 3440 natura
1086 3387 1265 3441 eventuum

144 3491 350 3562 magnorum,
376 3473 432 3558 qui
456 3493 537 3536 sane
552 3493 617 3536 non
636 3472 739 3536 veluti
754 3495 795 3536 ex
808 3472 950 3558 abrupto
974 3473 1126 3538 accidere
1151 3471 1265 3554 solent,

142 3566 275 3654 conjici,
306 3580 377 3632 tum
410 3591 452 3633 ex
485 3572 533 3634 eis
566 3591 652 3656 quae
684 3571 901 3635 disseruimus
919 3571 992 3656 jam
1016 3569 1125 3655 colligi
1151 3583 1266 3657 potest.

143 3666 312 3730 Convenit
324 3675 446 3750 tamen,
472 3678 507 3731 ut
523 3667 586 3732 boc
610 3667 683 3732 loco
706 3670 823 3754 paucis
847 3669 1054 3734 insinuemus
1071 3670 1267 3754 praecipuas

142 3784 270 3844 causas,
295 3764 417 3849 quibus
430 3763 748 3850 pseudoreibrmatio
762 3768 825 3829 ista
842 3775 1038 3852 praeparata
1054 3765 1127 3831 fuit.
1153 3765 1266 3846 Quum

143 3919 355 3927 ...-—---—-..-

217 3988 236 4054 ¹)
256 3985 298 4038 Ad
317 4003 340 4039 a.
364 3987 442 4041 1517.
471 4015 503 4024 -
534 3985 613 4040 Falso
633 3991 724 4040 tamen
743 3987 839 4040 scribit
857 3986 945 4041 Janus
964 4001 989 4054 p.
1010 3988 1070 4050 369,
1098 3987 1127 4040 iu
1146 3986 1267 4042 Concilio

142 4067 234 4124 Later.
254 4066 277 4118 V
297 4072 405 4120 tanturn
425 4065 460 4122 65
479 4066 615 4136 episcopos
634 4066 762 4122 adfuisse.
802 4067 840 4121 lte
858 4067 976 4121 sessione
989 4066 1059 4120 vm
1078 4067 1119 4120 ait
1137 4066 1215 4120 Paris
1233 4066 1266 4121 de

141 4147 261 4202 Grassis:
292 4146 431 4212 „Fuerunt
450 4145 478 4200 in
498 4153 586 4200 totum
606 4146 722 4202 mithrae
741 4153 849 4201 centum
875 4154 903 4204 et
929 4145 1031 4216 viginti
1055 4147 1132 4207 duee,
1157 4153 1266 4215 praeter

140 4223 301 4279 Pontificem
320 4235 349 4279 ct
368 4225 526 4280 Cardinales
546 4226 683 4292 quisunt,
703 4233 735 4280 ut
753 4225 818 4292 dixi,
839 4226 940 4296 viginti
960 4228 1103 4294 quinque.“
