2868 4844
342 475 382 528 De
400 474 554 528 schismatis
574 474 749 530 incremento
1071 478 1122 530 271

16 617 188 698 obediebat,
212 618 342 683 studuit
357 639 521 702 exercere,
546 617 629 683 sed
621 641 656 682 in
670 618 767 683 Italis
785 618 905 682 multas
929 629 962 684 et
986 643 1186 724 magnes
1148 623 1235 663 Ub⁸¹¹¹
1249 623 1283 662 Ἦ

15 713 118 778 babuit
140 715 350 796 afflictiones,
382 716 504 802 quibus
532 715 767 801 imprudentia
799 715 1059 801 praedilectione
1089 696 1170 782 ins
1172 687 1227 725 hm
1201 687 1290 726 mim

14 825 153 896 nepotem
185 814 413 894 Francisoum,
450 824 482 877 et
512 816 619 898 rigore
651 835 720 894 suo,
757 816 798 894 (si
824 835 903 878 vera
932 827 981 880 est
1008 816 1123 881 relatio

13 909 227 992 Theoderici,)
271 913 395 997 passim
436 914 506 996 ipse
557 911 650 976 dedit
694 914 913 979 occasionem.
972 914 1124 998 Regnum

12 1009 255 1093 Neapolitanum
281 1007 419 1074 Carolus
442 1011 605 1073 Duratius
636 1018 794 1074 evocatus
823 1009 867 1073 ab
891 1010 1028 1076 Urbano
1059 1013 1123 1078 sibi

10 1106 158 1191 subjecit;
199 1129 277 1171 mox
316 1116 426 1172 tamen
464 1109 534 1192 ipse
558 1107 713 1172 Pontifex
744 1106 918 1192 Neapolim
957 1110 1125 1193 profectus

10 1203 113 1268 vasalli
146 1207 199 1268 sui
230 1204 369 1270 insidias
400 1215 432 1268 et
463 1204 616 1270 hostilem
640 1207 789 1271 animum
814 1214 863 1268 est
886 1215 1052 1290 oupertus,
1084 1231 1124 1272 ao

8 1301 65 1364 iere
89 1313 124 1366 ut
149 1302 253 1366 hostis
277 1325 354 1366 cum
380 1303 539 1388 despectu
572 1302 745 1384 dignitatis
769 1303 960 1387 pontificiae
984 1305 1026 1368 ab
1051 1307 1124 1391 ipso

8 1411 171 1466 uscmtus.
195 1399 430 1486 Imprudentes
453 1399 496 1464 ed
521 1399 764 1464 cardinalatum
790 1404 955 1484 promovit
968 1401 1125 1468 Urbanus

6 1495 136 1582 Neapoli
165 1498 274 1582 plures
298 1497 486 1563 sacerdotes
504 1499 592 1562 vitae
610 1497 700 1562 haud
717 1499 875 1580 integrae,
900 1511 933 1562 et
951 1502 1125 1586 episcopos

7 1595 159 1678 quosdam
177 1595 373 1676 Germanos,
398 1599 455 1681 qui
481 1595 677 1676 dignitatem
703 1607 950 1660 recusaverunt.
999 1597 1124 1678 Quum-

6 1713 61 1774 que
95 1716 157 1758 sex
183 1693 378 1758 Cardinales
419 1697 622 1779 incepissent
658 1695 902 1779 conspiratione
937 1697 1018 1760 inita
1048 1721 1124 1762 earn

5 1811 91 1873 ogere
116 1794 357 1878 quaestionem,
388 1815 431 1856 an
455 1813 522 1855 nou
546 1791 728 1876 expediret,
761 1791 957 1856 Pontificem
982 1794 1044 1858 sub
1068 1818 1122 1859 cu·

5 1888 95 1952 rasela
110 1911 237 1974 ponere
253 1889 368 1954 addito
385 1892 449 1974 ipsi
466 1889 613 1969 consilio,
633 1885 789 1954 Urbicus
805 1911 840 1953 re
857 1890 986 1956 detecte
1000 1913 1124 1976 magno

5 2000 31 2044 et
53 1989 290 2072 intempestivo
315 1989 423 2071 rigore
448 2009 503 2051 eos
526 1989 678 2072 punivit3
703 1987 848 2072 indeque
862 1987 985 2052 factum
1003 1999 1061 2069 est,
1086 2005 1124 2056 ut

5 2081 50 2146 alii
81 2085 150 2148 duo
185 2083 380 2150 Cardineles
410 2084 573 2150 Clementi
605 2084 835 2150 adhaererent.
888 2085 981 2151 Obiit
1010 2099 1121 2153 autern

5 2193 68 2262 post
92 2185 328 2267 pontificatum
354 2183 465 2248 multis
490 2181 745 2248 difficultatibus
768 2185 973 2265 exagitatum
998 2185 1122 2250 Romae

4 2277 49 2340 dic
75 2283 137 2346 15⁰
155 2280 311 2346 Octobris
336 2305 366 2346 e.
387 2281 472 2346 1389
498 2279 739 2362 Urbanusqu
764 2281 820 2364 qui
845 2281 963 2345 hebuit
986 2283 1120 2368 quidem

4 2395 52 2440 cos
75 2400 163 2464 quos
187 2378 335 2444 diximus
351 2379 511 2458 defectus,
537 2399 579 2440 ex
596 2387 736 2441 naturae
751 2376 819 2442 fere
836 2377 908 2462 ejus
924 2379 1035 2444 indole
1050 2403 1123 2466 pro·

4 2477 181 2556 venientes,
207 2488 374 2542 caeterum
395 2499 473 2542 vero
499 2475 611 2540 multis
627 2475 807 2539 virtutibus
831 2487 902 2540 erat
924 2479 1075 2562 insignis.

78 2575 135 2640 33.
189 2575 397 2640 Universitas
420 2575 616 2638 Porisiensis
648 2576 774 2638 interea
798 2575 832 2636 in
857 2571 967 2641 Gellia
997 2576 1122 2661 pluries

4 2671 165 2756 principes
188 2673 335 2736 excitare
359 2672 496 2752 studuit,
521 2671 611 2736 utad
629 2670 812 2734 sedandum
838 2671 982 2736 schisma
1005 2694 1120 2760 oppos·

4 2775 71 2832 mna
94 2772 313 2855 exquirerent
336 2771 463 2852 mediaq
495 2769 553 2834 sed
578 2770 649 2835 sine
673 2768 792 2834 fructu.
840 2769 956 2854 quue
981 2772 1124 2857 majores

4 2877 83 2930 erant
113 2866 342 2949 difficultates,
381 2868 470 2952 quod
502 2866 619 2932 Carolo
650 2867 680 2930 V
714 2867 785 2951 jem
816 2890 846 2930 e.
872 2868 958 2932 1389
992 2881 1122 2934 mortuo

4 2967 153 3030 successit.
189 2963 327 3031 Carolus
351 2967 399 3030 Vl
435 2965 633 3045 duodennis,
672 2966 718 3029 ita
749 2974 785 3028 ut
815 2965 933 3030 iratres
957 2971 1043 3050 regis
1067 2968 1119 3033 de·

4 3059 96 3128 busti
128 3065 297 3149 gubernis
328 3074 488 3130 tenerent.
537 3063 582 3126 Hi
615 3083 693 3127 vero
727 3065 813 3128 inter
836 3086 870 3128 se
895 3064 1064 3131 discordes
1088 3080 1121 3131 et

4 3157 159 3226 Clementi
185 3162 311 3228 addicti
329 3171 432 3228 erant.
466 3161 647 3227 Clementis
662 3170 773 3224 eutem
790 3164 970 3228 auctoritas
986 3164 1120 3250 quibus-

4 3255 64 3324 lam
90 3260 275 3324 eventibus
298 3259 452 3325 roborata
477 3259 549 3324 luit.
587 3259 627 3322 In
653 3257 844 3324 obedientis
867 3260 939 3344 ejus
963 3259 1121 3327 videlicet

3 3351 132 3422 lecessit
148 3381 181 3424 a.
200 3358 284 3424 1387
294 3358 332 3424 B.
346 3357 472 3438 Petrus,
487 3355 676 3421 Cardinalis
691 3356 1009 3442 Luxemburgensis,
1032 3371 1119 3425 octo·

4 3451 96 3520 lecim
114 3457 381 3536 annosnatus31)
399 3457 509 3540 etipse
520 3456 752 3538 gravissimam
763 3458 1022 3522 controversiam
1033 3459 1119 3522 inter

66 3611 156 3618 -a--oae-
163 3611 209 3618 ----

62 3697 81 3757 ¹t
101 3695 136 3752 B.
159 3695 258 3750 Petrus
276 3695 522 3762 Lnxemburgensis
547 3701 629 3748 uetus
657 3710 682 3748 a.
703 3694 772 3748 1369
799 3693 952 3748 admirabili
970 3696 1120 3750 sanctitate

4 3771 25 3826 rb
43 3776 171 3831 infantia
189 3777 299 3830 enituit.
337 3776 460 3830 Clemens
479 3791 540 3828 enm
559 3775 664 3828 creavit
682 3775 834 3841 episcopum
852 3773 1010 3838 Metensem,
1037 3789 1119 3841 quum

4 3855 33 3906 or
50 3857 217 3911 excessisset
234 3872 319 3912 annos
337 3855 439 3910 aetatis
458 3855 660 3922 quatuordecim
674 3855 774 3920 (1383),
794 3853 856 3908 dein
870 3859 931 3920 post
948 3855 1014 3910 diros
1033 3871 1120 3908 annos

4 3949 47 3989 enm
65 3935 216 4004 adoptavit
234 3937 264 3990 iu
282 3935 467 3990 Cardinelinm
485 3934 637 4002 collegium,
662 3940 690 3988 et
712 3934 769 4000 jam
788 3949 812 3986 a.
836 3933 904 3987 1387
929 3941 991 4001 post
1010 3934 1118 3988 brevem

4 4015 71 4069 nirae
91 4015 283 4084 poenitentiae
301 4021 330 4070 ct
349 4014 506 4070 sanctitatis
520 4015 606 4067 vitam
616 4013 646 4066 B.
657 4013 755 4067 Petrus
774 4010 907 4080 migravit
925 4014 1117 4070 adDominum.

4 4095 31 4148 ld
58 4097 118 4164 ejus
146 4097 317 4164 sepulchrum
340 4103 432 4150 autem
460 4096 595 4164 permulta
624 4094 754 4148 miracula
780 4094 855 4148 facta
881 4099 953 4150 snut.
982 4125 1015 4134 —
1043 4095 1120 4149 Haec

4 4173 64 4230 istri
83 4177 224 4231 sanctitas
243 4181 272 4232 et
289 4175 420 4232 miracula
439 4175 598 4242 quibusdam
611 4190 642 4229 eo
655 4180 776 4240 tempore
795 4173 855 4228 visa
872 4181 937 4228 sunt
955 4184 1118 4242 argumenta

4 4271 37 4310 uo
55 4257 186 4326 legitimo
203 4256 364 4325 pontificatu
377 4256 538 4322 Clementis3
558 4256 604 4310 sed
617 4259 702 4322 patet,
722 4253 790 4308 nihil
809 4269 842 4306 ex
854 4252 896 4306 his
914 4269 991 4320 posse
1001 4253 1117 4321 probari.
