2844 4840
333 479 476 534 Processus
495 483 590 533 contra
607 476 781 546 Templarios.
1104 480 1138 532 99

36 625 124 707 igitur
138 626 267 688 motivis
283 623 438 687 Pontifex
453 624 618 687 excitatus
634 633 693 704 est,
718 632 755 686 ut
770 623 917 686 severius
927 621 998 708 jam
1024 632 1138 686 contra

34 721 223 807 Templarios
245 720 423 806 procedere
448 721 648 787 decerneret.

112 855 163 923 18.
208 853 305 936 Quod
339 862 467 940 spectat
489 853 532 917 ad
557 855 697 918 crimina
720 875 805 939 quae
828 852 1027 938 Templariis
1056 854 1137 941 obji-

31 951 201 1034 ciebantur,
224 953 423 1038 praecipuae
447 952 675 1015 aoousationes
697 961 774 1014 sunt
796 951 895 1015 istae:

110 1061 146 1123 1⁰
169 1059 232 1124 Eos
255 1061 289 1124 in
313 1059 501 1144 receptione
533 1081 593 1122 sua
616 1057 782 1142 abnegare
805 1057 914 1122 Deum
940 1057 994 1122 vel
1018 1059 1136 1124 Jesum

29 1155 195 1223 Christum.

106 1256 145 1320 2⁰
168 1255 232 1318 Eos
255 1255 289 1318 in
313 1255 501 1338 receptione
534 1275 594 1316 sua
624 1275 741 1339 spuere
771 1274 870 1338 super
905 1275 1046 1338 crucem,
1083 1255 1136 1320 vel

27 1354 115 1416 etiam
140 1352 281 1438 pedibus
305 1373 377 1415 eam
403 1351 608 1418 conculcare.

104 1460 143 1524 3⁰
167 1459 250 1544 Ipsis
274 1460 309 1521 in
332 1458 522 1544 receptione
545 1459 702 1543 permitti,
727 1466 763 1521 ut
787 1457 866 1521 dum
890 1457 1094 1524 abstinerent
1116 1483 1137 1524 a

28 1555 220 1636 mulieribus,
250 1555 493 1641 impudicitiam
518 1558 604 1620 iuter
627 1555 743 1620 fratres
766 1554 903 1621 Ordinis
927 1567 1134 1634 exercerent;

25 1667 113 1740 atque
136 1653 299 1740 ejusmodi
325 1655 451 1718 crimen
474 1654 599 1718 infame
622 1653 737 1737 vigere
760 1655 793 1718 in
819 1651 873 1718 illo
897 1651 1033 1721 Ordine.

101 1769 141 1832 4⁰
165 1769 203 1832 Iu
228 1769 300 1852 ipsa
323 1769 512 1853 receptione
535 1790 610 1833 eum
634 1769 735 1832 ritum
760 1767 939 1852 observari,
964 1781 1001 1834 ut
1024 1771 1136 1836 oscula

26 1867 204 1930 indecentia
228 1875 261 1929 et
283 1866 454 1951 impudica
477 1864 586 1930 locum
611 1865 765 1932 habeant.

99 1983 139 2047 5⁰
163 1980 307 2046 Adorari
331 1983 365 2045 iu
382 1980 647 2066 Templariorum
665 1979 791 2046 Ordine
816 1981 940 2046 idolum
955 1983 1134 2069 quoddam.

100 2099 140 2161 6⁰
164 2095 401 2162 Sacerdotibus
425 2094 562 2162 Ordinis
600 2097 634 2160 in
673 2098 860 2182 receptione
898 2099 1134 2182 commendari,

23 2209 51 2256 ut
86 2196 119 2260 in
156 2193 260 2258 Missa
298 2191 498 2258 celebranda
537 2195 794 2259 consecrationis
829 2194 933 2259 verba
970 2198 1134 2280 omittant,

24 2291 160 2378 illudque
183 2313 300 2356 revera
323 2291 366 2356 ab
390 2293 431 2356 iis
454 2291 536 2356 fieri.

98 2425 152 2490 De
175 2425 230 2490 his
258 2425 359 2510 igitur
382 2423 523 2511 aliisque
555 2423 760 2506 criminibus,
798 2427 846 2489 uti
880 2425 1036 2508 diximus,
1076 2451 1136 2514 per

22 2523 233 2608 inquisitores,
272 2523 444 2608 episcopos
476 2521 529 2586 vel
557 2521 690 2608 judices
723 2523 831 2606 regios
863 2524 898 2588 in
928 2524 1134 2611 Templarios

22 2621 128 2686 nultos
153 2633 191 2685 ut
210 2619 394 2706 singulares
409 2643 561 2707 persensa
576 2622 747 2707 inquisitio
761 2621 851 2685 facta
866 2632 925 2700 est,
950 2624 1134 2690 secundum

20 2717 94 2784 illius
118 2721 279 2806 temporis
303 2719 505 2784 ordinariam
524 2718 834 2805 jurisprudentiam.
872 2719 984 2785 Etiam
1008 2731 1134 2788 tortura

21 2821 108 2883 variis
141 2821 178 2883 in
215 2817 348 2883 casibus
385 2817 537 2883 adhibita
571 2828 630 2883 est.
677 2817 837 2882 Permulti
860 2817 956 2904 plura
991 2821 1133 2886 confessi

20 2927 85 2980 sunt
113 2918 269 2981 crimina.
314 2915 440 2980 Versus
464 2915 564 2980 finem
589 2938 666 2981 vero
697 2919 820 2981 mensis
842 2916 1052 2995 Novembris,
1085 2922 1133 2984 uti

19 3014 149 3096 ridetur,
175 3035 279 3100 quum
302 3014 474 3100 suspensio
498 3013 665 3079 facultatis
688 3017 918 3101 episcoporum
942 3025 974 3080 et
997 3019 1133 3103 inquisi-

18 3123 114 3177 torum
140 3113 232 3177 facta
255 3133 315 3197 per
339 3110 543 3177 Clementem
568 3112 723 3178 omuibus
746 3115 900 3178 intimata
922 3125 1016 3199 esset,
1041 3137 1133 3183 mora

18 3211 173 3368 quaedam
198 3211 249 3372 ipo
251 3231 412 3372 processu
435 3208 525 3273 facta
548 3219 605 3295 est,
629 3232 734 3296 usque
757 3210 800 3275 ad
825 3233 970 3276 mensem
987 3212 1133 3300 Septem-

37 3330 99 3372 rem
123 3331 156 3374 a.
184 3311 199 3371 l
274 3359 281 3373 .

98 3459 150 3522 19.
198 3457 272 3522 Rex
304 3459 554 3543 suspensionem
586 3457 676 3522 illam
706 3458 873 3525 facultatis
900 3461 1132 3547 inquisitorum

18 3567 44 3618 et
64 3557 297 3642 episcoporum
324 3557 506 3641 aegerrime
521 3555 606 3640 tulit,
630 3555 803 3643 zelumque
819 3580 1037 3644 permagnum
1052 3583 1132 3646 prae

17 3673 44 3714 ae
65 3653 174 3717 ferens
197 3651 368 3738 religionis
391 3661 423 3716 ct
446 3653 536 3736 fidei,
560 3653 673 3718 verbis
695 3655 828 3719 acribus
851 3678 872 3720 a
894 3657 1055 3723 Pontifice
1078 3682 1132 3746 pe-

18 3751 72 3830 tiit,
103 3761 140 3815 ut
164 3750 208 3815 ab
233 3751 448 3837 inquisitione
471 3753 506 3816 in
529 3773 687 3838 personas
710 3752 973 3839 Templariorum
999 3756 1132 3842 judices

18 3869 117 3914 eorum
142 3847 330 3913 ordinarios
353 3870 419 3913 nou
443 3850 628 3935 impediret.
668 3849 788 3915 Libelli
813 3852 912 3916 etiam
936 3853 1072 3938 quidam
1097 3857 1131 3920 in

18 3941 115 4012 Gallia
138 3947 247 4032 sparsi
270 3953 357 4026 sunt,
383 3945 503 4032 quibus
528 3947 742 4012 vehementer
763 3947 964 4034 arguebatur
975 3949 1132 4016 Pontifex

19 4041 51 4105 de
74 4043 207 4110 defectu
231 4041 463 4108 sollicitudinis
485 4067 544 4130 pro
569 4045 635 4110 fide
659 4044 835 4128 catholica,
868 4047 966 4112 simul
988 4071 1067 4114 vero
1101 4053 1130 4115 ei

19 4139 240 4226 objiciebatur,
272 4142 456 4227 nepotismo
490 4144 669 4208 effraenato
701 4165 777 4209 eum
809 4146 987 4231 inquinari.
1033 4147 1131 4214 Tales

19 4233 132 4305 libellos
171 4261 211 4303 eo
250 4249 398 4325 tempore
430 4240 592 4308 conficere
623 4240 750 4306 solebat
786 4242 968 4309 advocatus
1003 4245 1131 4313 aulicus

969 4360 1002 4412 7*

1177 855 1279 897 Crimine

1160 919 1297 970 compunt·

1177 982 1269 1033 obtecta.
