2964 4838
268 409 373 464 Causae
392 423 587 481 praeparantes
607 415 787 474 defectionem
806 415 1033 472 Prowetantiuln.
1167 415 1223 469 479

179 553 233 618 85.
266 553 447 619 Debuisset
477 567 565 624 certe
589 558 811 640 Savonarola,
848 560 900 622 vir
933 557 1041 624 ordini
1066 557 1259 644 religiosofl·
1277 559 1382 663 ΒΨ·

85 649 253 733 addictus,
277 651 471 720 Alexandro
497 656 545 722 VI
568 658 719 739 obedire,
745 658 875 724 etiamsi
900 678 976 720 eum
1001 667 1150 722 censeret
1174 657 1220 722 in·
1282 634 1306 662 ⁰
1331 652 1338 664 '

86 747 229 832 dignum
262 771 333 814 esse
364 751 572 822 Pontificem.
622 755 688 820 Sed
721 755 978 822 submissionem
1013 755 1220 842 detrectavit

88 845 287 912 Pontificem
323 848 531 935 illegitimum
561 877 633 920 esse
666 853 856 931 contendit,
892 873 996 938 eoque
1029 873 1222 938 progressus

88 953 156 1026 est,
180 954 218 1008 ut
240 944 283 1008 ad
307 948 476 1033 principes
500 950 659 1035 dirigeret
681 951 825 1032 litteras,
849 949 1054 1036 quibus,'ut
1077 948 1219 1014 Alexan·

89 1039 185 1106 dmm
213 1042 261 1106 VI
292 1057 475 1112 convocato
501 1047 650 1115 Concilio
681 1047 828 1134 generali
861 1046 1096 1134 deponendum
1128 1071 1220 1112 curu·

88 1149 179 1220 rent,
213 1161 268 1204 eos
298 1145 469 1210 excitaret.
516 1146 629 1227 Quum
661 1169 757 1233 porro
788 1147 889 1212 factio
913 1144 1049 1231 politica
1072 1137 1220 1210 Savonn-

88 1235 178 1302 rolae
208 1238 350 1304 advorsa
374 1241 563 1310 Florentiae
594 1245 851 1332 praevaluisset,
889 1246 924 1308 in
948 1265 1115 1308 carcerem
1146 1265 1220 1308 con·

84 1328 196 1413 jactos
227 1346 260 1400 et
290 1340 377 1404 actio
405 1341 593 1425 juridica'
585 1365 619 1408 ιιι
649 1365 725 1408 eum
750 1343 902 1408 instituto
932 1351 991 1406 est.
1036 1340 1224 1406 Postulavit

90 1431 262 1516 Pontifex,
299 1445 336 1500 ut
369 1437 507 1504 Romam
542 1441 598 1504 hic
631 1441 817 1506 mitteretur
851 1439 935 1504 ad'
926 1441 1031 1526 ipsius
1063 1438 1221 1512 tribunal

92 1529 242 1610 Quodsi
267 1533 392 1600 factum
417 1535 584 1620 fuisset,
575 1562 609 1604 m
634 1540 872 1604 monasterium
897 1537 1033 1623 quidem
1057 1536 1223 1622 relegatus

90 1639 176 1692 esset
200 1629 442 1718 Hieronymus,
468 1657 583 1700 verum
609 1657 675 1701 non
700 1629 877 1700 damnatus
901 1634 944 1699 ad
970 1634 1122 1700 ultimum
1146 1658 1218 1722 sup·

91 1725 239 1812 plinium.
286 1729 353 1794 Sed
386 1734 537 1817 petitioni
562 1735 733 1800 Pontificio
768 1755 837 1800 non
873 1733 1021 1798 obsecuti
1055 1745 1132 1798 sunt
1163 1737 1220 1821 qui

92 1824 280 1891 Florentiae
304 1828 574 1898 dominabantur.
613 1832 822 1897 HincRoma
847 1833 937 1896 missi
963 1841 1040 1895 sunt
1061 1832 1222 1916 Magister

90 1923 255 2006 generalis
291 1927 589 1993 Dominicanorum
633 1940 666 1994 et
700 1928 893 1994 Romelinns
928 1931 1123 2016 episcopus,
1162 1933 1220 2017 qui

90 2021 215 2086 actioni
248 2024 281 2088 in
315 2026 424 2092 virunr
458 2027 624 2092 infelicem
656 2031 825 2094 institutae
857 2049 1043 2114 causaeque
1073 2031 1245 2094 examini¹

92 2121 298 2188 interessent.
345 2124 417 2190 Etsi
454 2148 532 2190 vero
571 2128 606 2190 in
642 2125 705 2193 boc
740 2127 897 2190 examine
931 2126 1075 2212 partium
1110 2127 1222 2192 studia

91 2216 272 2286 habuerint
294 2222 479 2304 inlinitum,
516 2247 577 2290 nec
601 2227 714 2290 omnia
737 2226 799 2290 rite
817 2233 957 2309 ,peracta
990 2247 1061 2290 esse
1088 2224 1220 2290 videan-

90 2327 162 2380 tur:
199 2339 241 2382 ex
266 2331 446 2388 eventuum
471 2325 555 2388 serie
586 2333 698 2388 tamen
722 2325 802 2386 satia
826 2319 1007 2406 colligitur,
1039 2344 1105 2388 uon
1130 2325 1222 2391 omni

91 2411 191 2498 culpa
214 2415 458 2503 Hieronymum
484 2420 722 2487 Savonarolam
754 2422 917 2500 caruisse,
954 2418 1085 2505 sibique
1114 2420 1219 2486 adsci-

91 2513 181 2578 visse
204 2516 335 2580 ruinam
360 2520 506 2584 maxime
530 2541 585 2600 eo,
617 2517 707 2604 quod
731 2519 797 2584 iras
821 2517 1035 2582 vehementes
1066 2518 1221 2584 adversa·

90 2612 217 2676 riorum
251 2611 461 2698 politicorum
496 2617 700 2702 imprudenti
736 2637 795 2681 suo
828 2615 946 2680 ardore
979 2619 1221 2700 provocaverit.

90 2708 163 2772 Nec
194 2720 261 2789 est,
297 2733 356 2778 cur
388 2715 421 2778 in
446 2714 678 2780 Alexandrum
704 2713 752 2778 VI
783 2713 826 2777 ob
857 2736 896 2778 ea
924 2735 1010 2800 quae
1038 2725 1223 2780 evenerunt

92 2805 318 2874 Savonarolae
342 2814 451 2876 aerius
476 2812 695 2894 invehatur.¹)

110 2935 222 2942 .-—·-——
252 2937 305 2944 ..n-.—

169 2985 188 3052 ¹)
207 2985 240 3044 V.
260 2987 354 3052 Balan,
374 2987 465 3043 Storia
489 2987 600 3042 d'Italia
626 2989 656 3042 L.
677 2987 805 3042 XXXIX.
832 3003 877 3041 ιιιι.
904 2985 944 3041 IX
961 2987 1055 3042 -XIV.
1093 2988 1224 3058 Apprime

92 3067 203 3122 adrem
222 3065 265 3122 bic
284 3073 391 3122 auctor:
413 3069 471 3136 „Da
489 3069 579 3123 alconi
594 3075 681 3134 santo,
701 3069 736 3122 da
754 3067 819 3122 altri
838 3067 868 3121 fn
888 3067 906 3122 il
926 3067 1091 3121 Savonarola
1109 3069 1224 3124 stImato

91 3148 209 3215 eretico3
238 3165 282 3202 ma
305 3149 406 3203 cretico
424 3165 477 3203 non
497 3149 535 3214 In,
555 3149 585 3203 fn
603 3151 726 3203 traviato
744 3149 779 3202 da
798 3149 855 3202 zelo
872 3148 1057 3214 immoderato,
1083 3149 1118 3202 da
1143 3149 1225 3204 calda

91 3227 253 3284 avvusione
272 3229 299 3284 ul
318 3230 390 3286 viaio
409 3231 459 3285 che
478 3230 582 3286 vedeva
600 3231 629 3284 in
648 3229 715 3298 ogni
733 3235 813 3298 parte
837 3234 959 3297 potente,
987 3243 1002 3282 e
1026 3227 1167 3284 resiststte
1193 3229 1221 3284 al

92 3309 170 3378 Papa
188 3326 236 3378 per
254 3309 333 3380 qneII’
352 3325 442 3366 errore
460 3313 504 3366 nel
522 3311 603 3378 quale
622 3322 720 3366 menna
739 3309 815 3364 volta
828 3308 930 3364 cadone
941 3307 1027 3364 anche
1045 3308 1147 3364 nomini
1160 3309 1221 3366 tavi

92 3406 108 3446 e
128 3389 166 3458 pii
185 3392 323 3448 dimonte
351 3391 441 3446 iocosa
459 3407 474 3446 e
492 3392 613 3460 persuasi
633 3391 659 3444 di
679 3405 759 3446 avere
787 3404 842 3442 una
871 3387 997 3444 missione
1024 3390 1225 3445 straordinaria

91 3467 167 3524 nella
180 3469 285 3536 chiesa,
305 3469 399 3539 quegli
418 3469 520 3524 nomini
540 3469 588 3525 che
607 3469 721 3524 dannosi
740 3486 758 3523 a
776 3467 885 3524 credere
904 3467 931 3522 di
950 3467 1048 3524 dovere
1066 3469 1175 3524 salvare
1194 3470 1226 3524 Ia

91 3549 191 3605 Ghiesa
210 3567 227 3604 a
245 3563 293 3604 suo
312 3549 432 3618 dispetto
451 3565 466 3605 e
484 3549 733 3614 chedimentioano‚
753 3563 826 3602 corne
840 3547 859 3601 il
872 3547 947 3602 saido
960 3547 1135 3602 fondamento
1149 3547 1225 3603 della

93 3631 171 3686 vIrtu
199 3631 242 3684 sia
263 3629 443 3685 l'nbbidienna
466 3631 494 3684 el
515 3629 622 3684 Vioario
647 3630 676 3684 di
695 3629 794 3694 cristo,
819 3643 836 3683 e
860 3627 881 3682 il
899 3627 986 3696 priano
1010 3629 1109 3684 dovere
1128 3629 1148 3682 iI
1166 3643 1221 3683 non

92 3711 195 3768 distare
226 3711 298 3766 colla
325 3710 466 3766 ribeIIione
493 3711 520 3766 cl
548 3725 615 3778 capo
642 3709 684 3764 cio
711 3709 760 3766 cho
787 3709 811 3764 si
840 3708 920 3764 vuele
943 3709 1101 3766 ocstruire.“
1142 3709 1171 3768 t.
1198 3727 1220 3768 c.

92 3811 122 3850 n.
142 3790 221 3850 XIII.
246 3821 280 3832 -
303 3792 345 3848 De
362 3791 527 3859 Hieronymo
550 3789 716 3848 savonarola
740 3789 789 3844 cfr.
815 3788 899 3844 etiem
922 3789 1031 3844 Je'rome
1050 3790 1223 3844 Surormroie

92 3880 121 3928 et
141 3889 192 3928 sorr
205 3879 302 3942 tempe,
326 3888 376 3941 par
394 3871 527 3938 Pasqnale
545 3869 652 3936 Villan',
672 3869 778 3924 tradnit
797 3868 830 3923 de
849 3867 965 3924 I’italien
984 3885 1034 3938 par
1052 3867 1085 3926 G.
1105 3867 1222 3938 Gmyer.

91 3953 182 4016 Paris,
202 3951 382 4020 Didot18743
402 3951 432 4006 P.
446 3952 584 4019 Bayonne‚
604 3949 714 4004 Blados
733 3965 785 4004 sur
797 3949 906 4004 Je'rome
919 3949 1090 4004 Sameramis
1109 3947 1220 4017 dupris

91 4035 129 4088 dc
146 4047 295 4087 accerume
314 4033 483 4098 ἀυοιιιιιιιιιι,
502 4031 589 4098 Paris,
608 4030 784 4100 Poussielgne
805 4029 889 4098 1879;
918 4029 1026 4083 Ronard
1045 4029 1078 4082 de
1091 4029 1169 4095 Gard,
1188 4029 1221 4084 0.

89 4113 134 4178 P.
153 4111 263 4168 aarum
281 4111 451 4167 Saeoaurole
479 4118 504 4166 et
535 4113 562 4164 Ia
590 4116 686 4166 statue
712 4109 746 4165 de
765 4110 909 4164 Lsetbrrd
932 4109 1057 4176 Woms,·
1088 4109 1223 4172 Louvain,

87 4193 219 4261 Fonteyn
238 4190 320 4250 1872.
