2868 4844
405 487 511 544 dilectio
530 488 634 544 Urbani
652 489 699 542 VI.
1075 491 1128 544 aot

25 633 123 696 Postea
148 651 241 713 vero,
274 633 322 696 nti
351 633 452 697 etiam
477 631 623 697 Thomas
655 643 688 697 et
711 632 939 697 Theudoricus
969 633 1127 714 referunt,

24 727 200 794 Cardinales
229 750 297 794 non
329 732 451 810 eoacti,
485 729 542 796 sed
575 733 703 796 sincere
727 730 864 796 Urbano
894 730 1128 812 adhaeserunt,

23 829 104 912 cique
117 829 229 892 omnia
245 829 340 912 signa
356 829 537 910 agnitionis
552 838 590 892 ut
604 830 675 892 veri
691 828 865 894 Pontificis
880 831 1127 914 praestiterunt.

27 925 106 1001 Tuae,
129 923 246 988 scribit
267 924 503 1007 Theodericus,
535 925 658 990 nullum
681 926 811 992 dubium
832 925 999 1012 natosque
1021 949 1130 991 rumor

21 1023 133 1086 aomar
155 1034 225 1088 arat
247 1025 282 1085 ia
304 1022 380 1086 urbo
403 1025 516 1100 Rosa,
541 1025 638 1088 atium
667 1026 750 1088 inter
777 1022 967 1088 Cot-diaulus
991 1035 1021 1087 et
1044 1024 1127 1087 ulios

20 1139 217 1206 quonamque,
241 1119 325 1206 qaod
347 1120 432 1184 idom
458 1121 608 1186 Urbanas
631 1143 696 1186 oon
720 1133 800 1186 esset
822 1141 914 1186 uerus
940 1123 1042 1208 Papa,
1073 1133 1129 1186 out

20 1217 89 1300 ptod
103 1239 167 1304 por
182 1219 418 1304 impressionem
439 1219 489 1282 cel
506 1220 590 1283 alica
607 1222 712 1284 miano
725 1222 873 1284 cononice
891 1219 982 1301 „foret
1005 1219 1127 1283 electius.

20 1314 72 1376 luo
95 1337 199 1378 omues
233 1317 299 1400 ipsi
324 1313 515 1380 Cordiaolea
548 1325 620 1380 banc
650 1322 799 1402 temporis
829 1318 958 1403 scriptis
981 1328 1011 1380 ct
1034 1316 1129 1380 dictis

15 1411 125 1495 publico
148 1413 298 1477 dicebant
319 1415 472 1493 omnibus,
505 1416 601 1478 etium
622 1437 724 1479 secam
748 1415 787 1478 dc
809 1417 880 1500 epac
908 1415 1035 1480 Urbano
1059 1437 1128 1478 eoa-

12 1509 189 1592 sorootibss‚
214 1514 363 1596 quonium
385 1514 453 1600 ipso
481 1512 628 1576 Urbanus
651 1524 732 1576 esset
754 1533 846 1577 ueras
867 1513 961 1598 Papo
984 1522 1015 1576 et
1036 1533 1129 1576 cauo·

19 1611 74 1670 aiae
97 1621 126 1672 et
148 1609 346 1674 concorditer
364 1633 426 1696 per
447 1612 536 1697 ipsos
559 1609 691 1676 alectus:
713 1622 743 1675 ot
766 1612 841 1676 hoec
857 1622 903 1675 ost
921 1613 1049 1688 nomme,
1073 1632 1129 1674 aec

14 1708 109 1790 potuit
131 1729 242 1770 reuera
265 1707 415 1792 aequmst)
439 1746 483 1756 —
506 1709 546 1771 5⁰
568 1707 623 1772 Ex
647 1709 699 1772 his
723 1707 878 1773 omuibus
907 1706 1128 1787 cuncluditur,

18 1803 199 1872 electionem
239 1805 368 1870 Urbani
411 1806 457 1872 VI
499 1808 634 1871 omnino
673 1806 833 1883 validam,
877 1805 1129 1891 legitimumque

17 1904 114 1984 ipsum
137 1903 240 1967 fuisse
265 1904 470 1968 Pontificem.
503 1904 588 1968 ‘Nee
612 1905 700 1969 enim
733 1904 934 1968 desiderium
965 1902 1048 1967 illud
1082 1905 1129 1966 in-

16 1999 126 2064 efficax
149 2000 276 2087 aliquot
301 2000 540 2083 Cardinalium,
572 2011 610 2066 ut
641 2000 803 2066 haberent
825 2001 951 2086 Papam
977 2001 1130 2064 Lemovi-

15 2119 138 2162 ceusem
163 2099 216 2164 vel
241 2098 387 2180 Gallum,
419 2099 573 2164 obstabat
596 2101 700 2164 valoti
725 2099 904 2178 electionis,
939 2118 1001 2161 nec
1023 2098 1128 2161 animi

15 2199 183 2261 commotio
207 2219 250 2262 ex
273 2197 408 2284 aliquali
434 2207 533 2262 metu.
574 2197 703 2278 Quodsi
726 2220 806 2263 vero
830 2197 983 2262 electioni
1001 2195 1129 2260 Urbani

13 2293 127 2379 aliquis
158 2315 285 2359 naevus
315 2295 534 2378 adhaesisset,
575 2298 635 2362 iste
666 2295 764 2382 plane
794 2295 926 2360 ablatus
956 2304 1041 2358 esset
1070 2315 1130 2379 per

14 2389 262 2478 subsequentem
287 2391 522 2457 adhaesionem
541 2391 768 2458 Cardinalium
786 2403 819 2457 et
834 2395 935 2457 totius
949 2390 1129 2456 Ecclesiae.

98 2492 149 2556 18.
166 2491 245 2556 dam
262 2491 509 2556 consideremus
525 2511 563 2556 aa
580 2513 666 2577 quae
682 2492 877 2556 acciderunt
886 2500 961 2577 poet
975 2488 1306 2601 iaceptwmssjfflae‘

15 2585 135 2652 Urbani
163 2589 212 2652 VI
226 2588 453 2674 pontificatum,
485 2588 738 2675 schismatisque
766 2591 928 2673 originem
952 2586 995 2650 ob
1019 2585 1132 2650 oculos

11 2705 179 2768 pommm.
210 2721 255 2734 -
288 2685 446 2751 Urbanus
477 2689 548 2752 sine
578 2709 670 2752 mora
698 2687 740 2752 ad
765 2707 879 2751 omnes
903 2687 1075 2771 episcopus
1099 2693 1131 2748 et

11 2785 177 2870 principes
199 2783 398 2848 christianos
426 2784 552 2849 litteras
576 2784 669 2849 dedit
693 2785 734 2849 de
757 2806 816 2849 sua
839 2784 1064 2868 assumptione
1087 2781 1131 2846 ad

9 2879 126 2945 &dem
140 2880 378 2967 Apostolicam‚
404 2881 599 2947 Cardinales
622 2903 701 2947 vero
718 2903 817 2969 quam
833 2882 985 2968 plurimis
1000 2879 1131 2944 actibus

10 2978 140 3062 publice
164 3001 240 3044 eum
266 2982 415 3044 venerati
439 2991 515 3044 sunt
538 2989 576 3044 ut
591 2981 727 3066 Papam,
751 2979 876 3044 litteras
900 2982 999 3043 etiam
1022 2977 1132 3063 priva.

8 3088 55 3140 tas
85 3078 131 3142 ad
157 3079 268 3143 varios
295 3078 465 3163 principes
496 3077 538 3142 de
570 3077 731 3142 electione
757 3077 885 3143 Urbani
917 3079 1130 3164 seripserunt,

5 3186 36 3238 et
65 3177 244 3262 speciatim
276 3177 376 3240 missa
409 3175 549 3262 epistola
580 3175 815 3242 Cardinalihus
838 3175 1131 3242 Avenioncnsibus

5 3275 203 3340 electionem
239 3273 410 3339 Pontificis
447 3274 637 3341 solemniter
673 3277 924 3340 nuntiaverunt.
978 3274 1130 3360 Lucifcai

6 3373 167 3454 scribunt,
192 3374 359 3438 metientis
374 3394 526 3451 occanum,
549 3383 585 3437 ut
595 3375 652 3460 pie
667 3373 831 3454 credimus,
845 3374 952 3438 radiis
965 3371 1132 3455 illustrati,

5 3475 86 3535 droa
111 3470 209 3535 iilum
230 3471 297 3534 diei
308 3471 426 3547 boram
451 3493 514 3556 quc
529 3470 670 3557 Βρίνίωε
684 3469 740 3535 illo
757 3471 937 3536 Peucolitae
961 3472 996 3534 iu
1011 3481 1132 3534 coacto·

5 3593 69 3633 ram
105 3567 339 3654 discipulorum
370 3568 472 3632 cordo
504 3568 679 3646 descondit,
719 3568 764 3632 ud
791 3591 962 3655 personum
994 3567 1062 3631 Rdi
1097 3568 1132 3630 in

8 3665 133 3732 Christo
159 3666 268 3730 Pes-a
297 3665 420 3730 domiai
440 3664 678 3730 Bartholomuai
710 3667 941 3753 ardoiepiscopi
967 3665 1131 3746 Raram,

5 3767 64 3829 cisi
85 3766 201 3849 utique
223 3785 407 3848 mapumum
430 3767 612 3828 medorum
626 3763 775 3828 olai-itate
789 3765 961 3850 conspicui,
984 3772 1015 3825 et
1029 3760 1132 3826 malti·

5 3863 135 3946 plicitum
165 3863 316 3926 vinacium
348 3861 496 3948 lampade
528 3863 731 3950 refitlpaatis,
766 3861 864 3927 libare
887 3873 917 3926 ct
939 3863 1133 3926 aauuimitor

5 3959 184 4026 direximus
206 3969 281 4024 voto
301 3969 423 4038 noema,
452 3983 521 4025 eum
548 3961 592 4026 ad
615 3961 814 4026 celsitudinis
837 3959 1040 4047 Apostolicue
1063 3981 1131 4046 epo·

5 4057 104 4122 edom
147 4068 321 4123 evocantes.
337 4057 362 4138 ²)
418 4057 506 4123 Sane
543 4061 569 4123 si
609 4080 648 4124 eo
690 4068 837 4146 tempore
877 4060 1130 4141 existimassent,

74 4195 96 4258 ¹)
118 4191 165 4245 De
184 4188 294 4243 debiam.
312 4188 344 4247 L.
362 4191 385 4248 I.
405 4207 426 4248 c.
446 4195 471 4249 3.

71 4273 96 4340 ²)
117 4269 294 4336 Rumina
321 4269 398 4325 1378.
418 4287 444 4329 n.
465 4273 507 4326 19.

51 4375 206 4419 luctamenta,
220 4369 410 4411 llisscrtatlones.
425 4373 490 4412 Tum.
503 4373 541 4412 b'l.
973 4363 1006 4416 17
