2902 4848
318 472 370 528 326
596 472 723 526 XXXIV.
743 472 783 526 De
802 471 921 526 Concilio
940 470 1153 526 Constantiana.

405 617 458 683 42.
505 614 686 701 Gregorius
711 615 762 678 XI
793 639 822 680 a.
850 613 935 680 1377
968 613 1199 678 novemdecim
1235 613 1382 678 articulos
1408 637 1423 676 e

316 713 595 800 praelectionibus
619 713 756 779 Wiclefi
788 712 980 798 desumptus
1004 722 1036 777 et
1058 712 1102 778 ad
1126 714 1237 798 ipsum
1266 711 1385 778 delatos
1410 737 1424 774 e

318 811 546 876 Cardinalium
571 811 707 875 oonsilio
733 810 916 890 damnavit,
949 819 982 874 et
1011 810 1129 875 litteris
1157 811 1332 898 episcopos
1354 811 1425 876 Can-

316 911 517 974 tuariensem
557 919 589 972 et
624 908 891 990 Londinensem,
940 907 1146 973 Richardum
1186 931 1299 994 regem
1340 919 1426 994 atque

317 1009 577 1074 Universitatem
595 1005 835 1072 Oxioniensem
860 1006 1030 1088 excitavit,
1056 1017 1093 1068 ut
1108 1009 1199 1070 omni
1224 1029 1290 1094 quo
1309 1023 1427 1094 possent

316 1105 413 1170 modo
438 1114 629 1169 nascentem
654 1103 805 1168 haeresin
830 1104 1066 1189 opprimerent.
1106 1103 1190 1169 Inde
1213 1104 1257 1168 ab
1283 1104 1338 1169 illo
1361 1117 1426 1168 tem·

315 1226 404 1289 pore,
437 1205 590 1289 quamvis
615 1205 699 1268 varii
724 1225 765 1266 ex
791 1200 984 1288 proceribus
1009 1199 1188 1266 Wiclefum
1218 1213 1427 1288 protegerent

316 1323 488 1388 processus
502 1309 615 1365 contra
640 1303 747 1385 ipsum
773 1297 878 1364 habiti
895 1309 981 1378 sunt,
1006 1309 1106 1385 atque
1119 1323 1206 1364 anno
1223 1299 1320 1380 1381,
1340 1323 1427 1387 quun

316 1400 501 1464 doctrinam
525 1397 723 1463 catholicam
748 1398 789 1462 de
813 1421 854 1463 33.
879 1397 1093 1462 Eucharistia
1116 1401 1340 1485 impugnaret
1374 1421 1428 1461 mu-

316 1519 394 1562 nere
410 1497 602 1582 professoris
617 1499 765 1582 privatus
782 1507 839 1561 est.
865 1495 978 1561 Altero
1002 1517 1090 1560 anno
1112 1497 1195 1562 1382
1219 1497 1420 1582 archiepisco

316 1618 378 1680 pus
404 1593 651 1660 Cantuariensis
675 1595 820 1658 Londini
853 1616 930 1658 cum
961 1593 1035 1658 aliis
1066 1597 1231 1682 episcopis
1263 1593 1427 1680 multisan

315 1692 476 1778 theologis
500 1693 665 1778 synodum
690 1691 881 1758 celebravit.
928 1691 969 1757 ln
1000 1692 1116 1758 eadem
1148 1693 1270 1776 viginti
1302 1703 1428 1778 quatuor

316 1791 556 1875 propositiones
579 1813 621 1854 ex
638 1789 769 1856 Wiclefi
794 1791 926 1876 seriptis
947 1801 1133 1876 excerptae,
1159 1791 1343 1854 damnatae
1359 1803 1426 1853 3311.

317 1887 402 1952 31133
431 1899 466 1952 ut
496 1888 696 1971 haereticae,
733 1888 817 1953 aliae
849 1900 884 1952 ut
917 1909 1073 1953 erroneae
1106 1899 1139 1952 et
1170 1889 1425 1953 determinationi

316 1984 486 2050 Ecclesiae
511 1989 705 2050 contrariae.
736 1987 847 2051 Etiam
864 1985 1102 2051 Richardusll
1126 2009 1195 2068 rex,
1221 1990 1424 2073 perversitate

316 2084 486 2149 doctrinae
509 2083 641 2149 Wiclefr
666 2083 842 2163 intellecta,
873 2095 953 2148 tunc
978 2083 1141 2149 auxilium
1173 2083 1309 2148 brachii
1335 2105 1422 2148 saecu-

315 2181 393 2245 laris
425 2192 539 2246 contra
572 2181 702 2246 Wicleli
733 2181 877 2246 asseclas
908 2185 1082 2267 praestitit.
1138 2182 1214 2268 Ipse
1245 2179 1380 2247 Wiclcf
1402 2201 1424 2242 3

314 2281 440 2365 recepit
464 2282 497 2344 in
521 2280 714 2367 parochiam
740 2279 817 2345 31113
842 2279 906 2345 sibi
930 2280 973 2345 ab
998 2280 1075 2344 aula
1099 2279 1264 2345 collatam.
1317 2279 1427 2346 Eodrn

316 2398 403 2440 anno
419 2377 504 2441 1382
525 2377 567 2442 ab
586 2377 722 2443 Urbano
736 2377 785 2441 VI
801 2378 941 2442 Romam
958 2381 1088 2456 citatus,
1113 2382 1279 2442 acerrima
1305 2375 1428 2464 epistola

315 2474 494 2559 respondit,
509 2497 542 2538 se
555 2499 574 2538 3
588 2474 718 2540 Christo
732 2475 886 2561 impediri
898 2499 906 2556 3
923 2473 1099 2540 laborabat
1112 2477 1237 2561 quippe
1250 2476 1429 2562 apoplexis.

316 2595 382 2658 qua
406 2575 505 2636 etiam
530 2595 559 2638 a.
587 2574 673 2644 1384
696 2583 845 2638 mortuus
869 2582 927 2639 cst.

406 2671 458 2737 43.
506 2670 642 2735 Errores
673 2669 810 2734 Wicleli
850 2669 1049 2756 multiplices
1086 2667 1190 2735 'erant
1239 2669 1281 2733 ld
1313 2679 1431 2733 13311113

316 2771 431 2856 paucis
455 2791 760 2848 commemoremus,
793 2767 833 2832 de
858 2767 930 2832 Deo
964 2769 1074 2852 ipsum
1100 2789 1189 2832 more
1217 2768 1431 2852 pantheisticn

316 2867 527 2948 disseruisse3
561 2889 636 2932 eum
668 2868 833 2946 statuisse,
866 2867 978 2930 omnia
1010 2869 1145 2930 evenire
1177 2887 1219 2928 ex
1243 2868 1433 2930 necessitate

316 2962 486 3045 absoluta;
518 2965 629 3029 Deum
654 2965 852 3028 necessitate
882 2962 1029 3047 singulas
1053 2975 1221 3028 creaturas
1244 2965 1378 3028 activas
1400 2959 1433 3023 31

316 3062 498 3148 quemlibet
512 3073 624 3127 aetum
640 3085 773 3144 earum3
798 3061 1084 3148 praedestinatum
1100 3084 1167 3126 non
1185 3083 1283 3146 posse
1301 3085 1321 3125 e
1337 3060 1434 3146 gratis

316 3160 480 3242 excidero,
511 3160 726 3246 reprobatum
750 3182 829 3224 vero
854 3182 920 3224 non
944 3181 1040 3246 posse
1065 3160 1099 3224 in
1123 3181 1162 3224 ea
1186 3170 1352 3245 perpetuo
1376 3179 1435 3244 per-

316 3281 479 3323 severare.
527 3257 786 3340 Confessionem,
819 3256 976 3338 docebat,
1016 3257 1143 3322 bomini
1180 3278 1258 3320 vere
1301 3259 1436 3321 contrito

316 3379 386 3422 esse
411 3355 572 3438 inutilem,
598 3357 816 3421 substantiam
831 3358 928 3442 panis
941 3367 973 3420 et
986 3357 1056 3420 vini
1071 3368 1144 3442 post
1155 3359 1434 3420 consecrationem

316 3457 351 3518 in
364 3465 569 3519 sacramento
584 3453 697 3518 altaris
711 3475 898 3534 remanere3
915 3451 1085 3517 Christum
1092 3453 1276 3517 Dominum
1292 3477 1363 3518 non
1376 3477 1436 3516 esse

316 3553 448 3617 realiter
471 3553 506 3616 in
530 3573 568 3616 eo
593 3561 818 3638 praesentem
848 3551 970 3616 Missae
1004 3551 1204 3615 sacrificium
1236 3572 1307 3616 non
1333 3573 1436 3616 esser

317 3650 448 3715 Christo
473 3651 669 3717 institutum.
695 3687 738 3697 -—
762 3649 1038 3715 Perniciosissimi
1062 3658 1172 3713 autem
1198 3657 1295 3712 crant
1319 3669 1438 3714 errores

317 3750 387 3835 ejus
411 3748 452 3812 de
477 3747 627 3812 Ecclesia
651 3749 789 3835 ejusque
813 3748 1013 3831 hierarchia,
1038 3758 1137 3833 atque
1161 3749 1244 3810 istae
1268 3747 1433 3828 doctrinae

316 3848 464 3911 funestos
488 3847 634 3912 maxime
651 3869 689 3911 eo
707 3859 854 3932 tempore
871 3847 1008 3910 effectus
1023 3845 1264 3930 produxerunt.
1303 3845 1437 3926 Presby-

317 3955 434 4026 terum,
460 3944 611 4026 docebat,
636 3955 694 4008 331
718 3946 912 4029 episcopum
937 3953 1073 4030 peccato
1097 3942 1229 4006 mortali
1246 3941 1438 4008 obnoxium.

317 4064 384 4108 non
399 4063 495 4129 posse
512 4041 623 4106 valide
637 4042 817 4127 baptizare,
844 4063 1038 4106 consecrare
1051 4051 1108 4106 aut
1120 4040 1291 4113 ordinare;
1319 4042 1437 4126 Papam

317 4141 474 4204 vitiosum
499 4161 565 4204 non
589 4140 713 4205 babere
744 4149 939 4225 potestatem
969 4141 1003 4203 in
1029 4135 1247 4220 Christianos,
1270 4141 1341 4204 nisi
1367 4141 1439 4204 toro

317 4238 359 4303 ab
377 4238 580 4323 Imperatore
605 4238 667 4302 sibi
693 4237 822 4312 datam
848 4247 1083 4323 postmortem
1097 4235 1227 4300 Urbani
1241 4235 1291 4300 Vl
1318 4239 1437 4302 11111113
