2870 4842
355 464 396 519 De
415 463 595 518 exstinctione
613 463 774 518 schismatis.
1072 465 1126 521 303

15 605 221 670 Manifestum
237 615 286 670 est
300 627 342 669 ex
359 606 480 690 agendi
499 607 608 687 modo,
633 629 731 693 quem
750 605 906 691 Synodns
921 610 956 672 in
968 605 1120 692 Gregorii

12 705 133 786 negotio
158 703 323 784 adhibuit,
348 706 457 790 ipsum
475 704 663 770 Concilium
688 707 843 791 quamvis
862 708 1004 790 practice
1027 715 1126 770 antea

11 800 191 866 adhaeserit
213 801 337 867 Joanni
371 825 412 866 ac
444 803 521 867 dein
555 805 655 868 etiam
694 805 959 888 superioritatem
984 803 1125 868 Consilii

10 921 101 983 supra
125 899 320 964 Pontificem
347 898 581 978 declaraverit,
615 911 726 966 tamen
750 922 823 966 non¹
840 900 973 986 plenam
998 900 1060 966 hac
1085 902 1126 966 de

9 1017 39 1058 re
69 995 227 1060 fiduciam
266 996 432 1063 habuisse.
491 998 669 1084 Propterea
704 998 910 1064 admiserunt
946 998 1126 1064 solemnem

9 1093 91 1158 illam
115 1097 388 1162 convocationem
415 1095 556 1160 Consilii
581 1096 864 1182 perGregorium,
888 1118 928 1160 ac
953 1097 1029 1161 dein
1055 1098 1127 1182 ejus

8 1191 258 1256 abdicationem.
296 1191 408 1273 Quum
433 1215 512 1258 vero
536 1195 775 1276 existimemus,
800 1192 1126 1280 reveraGregorium

8 1311 130 1373 semper
156 1310 271 1356 verum
295 1290 396 1356 fuisse
420 1291 628 1373 Pontificem,
662 1297 774 1356 nostra
798 1293 962 1356 sententie
992 1295 1125 1358 nonnisi

6 1385 173 1470 perillam
199 1387 351 1472 Gregorii
375 1391 651 1453 convocationem
675 1388 834 1471 Synodus
860 1391 1125 1458 Constantiensie

8 1484 227 1550 characterem
259 1484 399 1570 legitimi
432 1487 573 1551 Concilii
610 1489 817 1552 oecumenici
853 1491 1046 1574 acquisivit,
1086 1511 1125 1552 ac

7 1582 155 1667 Gregorii
180 1584 368 1650 voluntaria
391 1584 559 1650 abdicatio
576 1587 667 1649 viam
692 1587 913 1670 componendi
937 1587 1125 1652 schismatis

6 1686 140 1768 aperuit.

92 1783 143 1844 15.
191 1781 284 1844 Varii
310 1781 435 1846 interea
459 1782 537 1846 facti
562 1791 640 1845 sunt
663 1791 810 1860 conatus,
836 1791 873 1844 ut
896 1784 995 1846 etiam
1021 1782 1123 1846 Bene-

5 1879 108 1942 dictus
126 1879 220 1942 XIII
244 1879 286 1942 ad
312 1881 493 1943 cessionem
518 1879 636 1944 iisdem
662 1882 708 1944 uti
725 1879 905 1964 Gregorius
929 1880 1123 1945 conditioni-

4 1977 60 2042 bus
82 1978 273 2042 faciendam
289 1977 518 2057 adduceretur,
544 1979 680 2063 ipseque
694 1979 877 2063 Imperator
889 1976 1124 2062 SIgismundua

6 2079 35 2140 in
57 2077 203 2142 Galliam
228 2089 261 2140 et
284 2075 483 2160 Hispaniam
508 2074 674 2160 profectus
698 2089 757 2156 est,
782 2085 819 2138 ut
842 2077 1012 2159 negotium
1036 2076 1124 2140 istud

1 2173 40 2238 ad
62 2184 259 2259 exoptatum
282 2172 479 2258 perduceret
498 2173 608 2238 linem.
642 2172 707 2238 Sed
734 2195 808 2258 spes
832 2174 895 2238 fuit
919 2175 1038 2239 inanis.
1064 2175 1123 2238 Be·

5 2273 153 2338 nedictus
170 2273 259 2336 enim
277 2273 372 2336 initio
396 2269 478 2334 alias
495 2269 634 2334 finiendi
652 2270 839 2335 schismatis
855 2272 927 2336 vias
944 2273 1124 2356 proposuit,

2 2391 38 2432 ac
60 2379 229 2454 postremo
253 2369 385 2454 aufugit
407 2391 482 2434 cum
507 2370 624 2454 paucis
641 2368 878 2434 Cardinalibus
903 2372 935 2434 in
953 2369 1126 2435 castellum

6 2470 168 2532 munitum
190 2467 374 2549 Peniscola,
408 2467 497 2554 quod
521 2465 668 2531 familiae
694 2469 797 2553 ipsius
829 2468 999 2553 proprium
1024 2468 1125 2532 fuisse

5 2568 144 2632 videtur.
192 2565 305 2646 Quum
337 2565 385 2630 ibi
417 2567 537 2630 iterum
568 2575 750 2650 urgeretur,
786 2575 822 2629 ut
848 2565 1045 2650 dignitatem
1070 2565 1125 2630 ab·

3 2665 136 2746 dicaret,
168 2666 437 2751 protestationem
470 2665 581 2728 emisit
613 2675 728 2728 contra
752 2663 939 2728 Concilium
966 2663 1125 2728 Constan-

2 2767 112 2844 tienee,
139 2785 179 2828 ao
204 2764 349 2828 minatus
373 2773 431 2843 est,
465 2784 501 2826 se
525 2783 640 2826 omnes
664 2763 833 2848 principes
857 2762 899 2826 ab
924 2761 1126 2827 Obedientia

2 2883 54 2924 sua
86 2859 283 2925 recedentes
314 2860 521 2946 depositione
556 2861 751 2945 puniturum
791 2881 870 2924 esse.
928 2859 994 2926 Sed
1032 2882 1126 2944 reges

4 2959 218 3044 Arragoniae,
249 2957 405 3022 Castiliae
429 2969 462 3022 et
485 2959 655 3022 Navarrae
689 2957 813 3044 aliique
837 2956 931 3022 brevi
957 2967 1031 3042 post
1054 2958 1126 3043 ejus

2 3055 238 3122 Obedientiam
262 3055 476 3142 reliquerunt,
516 3065 549 3120 et
580 3056 634 3120 die
674 3057 732 3122 13⁰
757 3056 953 3122 Decembris
983 3079 1013 3121 a.
1040 3057 1125 3122 1415

1 3177 71 3218 eum
97 3154 316 3239 Sigismundo
340 3154 542 3220 Narbonnae
566 3164 744 3220 tractatum
768 3155 928 3234 secarunt,
962 3175 1026 3240 quo
1051 3177 1124 3238 pro-

1 3255 176 3333 miserunt,
208 3273 242 3316 se
275 3253 317 3318 ad
344 3252 532 3318 Concilium
557 3253 810 3316 Constantiense
841 3264 1062 3316 conventuros
1093 3262 1126 3317 et

2 3373 72 3414 curn
114 3349 253 3435 reliquis
291 3352 447 3415 unionem
488 3352 627 3416 inituros
666 3373 746 3415 esse.
794 3351 833 3414 Id
871 3372 988 3414 revera
1021 3349 1124 3416 altero

1 3470 82 3512 anno
104 3449 194 3512 1416
217 3451 462 3533 praestiterunt.
499 3447 651 3514 Sessione
676 3469 754 3512 vero
779 3451 950 3533 trigesima
973 3451 1123 3535 septima,

1 3545 50 3610 die
62 3547 125 3612 26⁰
140 3545 226 3612 Julii
250 3569 280 3613 a.
299 3547 395 3628 1417,
420 3545 621 3612 Benedictus
637 3547 723 3610 XIII
742 3547 815 3632 jam
832 3545 964 3632 saepius
980 3549 1125 3612 monitus

7 3653 96 3729 tque
129 3643 175 3710 ab
207 3644 361 3710 omnibus
391 3643 523 3730 populis
555 3667 595 3708 ac
619 3643 829 3730 principibus
853 3643 1042 3708 christianis
1071 3644 1124 3708 de-

1 3743 145 3826 relictus,
171 3753 331 3829 tauquam
354 3742 543 3808 schismatis
555 3744 665 3808 fautor
681 3753 714 3806 et
731 3742 916 3806 haereticus
929 3743 1124 3826 pontificatu

3 3840 172 3928 depositus
187 3851 220 3906 et
236 3841 407 3908 Ecclesiae
431 3843 664 3906 communione
688 3843 840 3926 privatus
863 3851 921 3906 est.
953 3841 1124 3906 Sententia

2 3940 32 4002 in
55 3962 133 4004 enm
158 3938 226 4004 lata
250 3939 332 4004 haee
355 3938 473 4004 habet:
505 3938 625 4004 Sancta
649 3938 796 4026 Syaodm
820 3939 968 4016 decernit,
999 3940 1125 4002 Petram

4 4037 36 4100 de
60 4040 166 4112 Luna,
190 4037 395 4103 Benedictam
418 4039 505 4101 XIII
530 4049 756 4124 nuncupatam,
781 4037 889 4122 faisse
913 4047 943 4099 et
966 4059 1030 4101 essa
1048 4059 1119 4122 per·

10 4140 116 4218 rum,
155 4135 347 4202 aniversalis
380 4135 540 4200 Ecclesiae
572 4134 872 4211 scandalizatorem,
898 4134 1063 4220 fautorem
1094 4145 1124 4197 et

4 4237 186 4299 nutritorem
210 4235 394 4313 calametis,
420 4284 480 4300 ...
499 4235 595 4320 pacis
619 4244 647 4296 et
671 4233 798 4296 actionis
813 4231 951 4320 ejsudem
962 4231 1123 4296 Ecclesiae
