2840 4840
305 459 339 512 54
585 457 671 514 XXX.
691 459 731 512 De
749 457 914 512 Pontificatu
933 458 1065 514 Bonifatii
1084 458 1159 515 vin.

393 601 447 666 57.
488 599 663 665 Caeterum
694 603 734 664 2⁰
757 599 956 666 Constitutio
988 599 1119 666 duabus
1144 600 1248 666 veluti
1274 599 1409 686 partibus

306 709 444 764 constat.
499 699 612 763 Prima
643 709 735 783 parte
769 696 965 782 declaratur,
998 701 1132 764 unicam
1162 709 1196 764 et
1223 721 1320 764 unam
1349 719 1409 762 esse

305 795 490 860 Ecclesiam
515 795 576 860 sub
599 819 664 861 uno
690 799 800 882 capite
817 795 947 862 Christo
972 797 1109 884 ejusque
1126 797 1260 862 Vieario
1275 795 1411 860 Romano

305 892 476 960 Pontifice.
524 893 621 958 Unde
646 896 868 981 consequitur,
900 897 996 960 sicuti
1021 895 1176 960 omuibus
1205 897 1410 960 necessarium

305 1003 354 1056 eat
377 991 420 1056 ad
451 991 635 1056 Ecclesiam
670 994 846 1078 pertinere,
879 996 926 1058 ita
957 995 1056 1058 etiam
1090 995 1312 1058 necessarium
1342 996 1419 1072 esset

304 1090 493 1154 auctoritati
524 1089 687 1174 spirituali
719 1090 838 1175 capitis
862 1090 1044 1173 Ecclesiae,
1077 1091 1220 1156 Romani
1244 1089 1419 1172 Pontificisa

305 1210 376 1254 sese
407 1187 610 1254 submittere.
645 1225 688 1236 —
718 1188 758 1252 In
790 1188 894 1254 altera
924 1199 1017 1276 parte
1050 1188 1127 1276 („ln
1152 1187 1216 1254 hac
1240 1187 1419 1264 Ecclesia‘li

304 1285 431 1350 evolvit
454 1285 618 1363 Pontifex,
643 1287 816 1372 speciatim
845 1289 1023 1374 principes,
1053 1289 1110 1374 qui
1135 1285 1353 1373 personaliter
1380 1283 1419 1354 adi

304 1383 489 1448 Ecclesiam
514 1384 681 1467 portinent
703 1385 854 1470 adeoque
877 1387 1064 1450 auctoritati
1095 1383 1259 1472 spirituali
1286 1383 1419 1454 Romanii

304 1481 475 1546 Pontificis
499 1479 640 1566 subjecti
664 1493 751 1566 sunt,
776 1485 875 1547 etiam
900 1483 1010 1568 quoad
1034 1494 1232 1569 potestatem
1261 1503 1356 1546 auam
1379 1503 1419 1544 re

303 1578 460 1644 lationem
484 1588 607 1642 certam
624 1578 746 1644 habere
769 1579 812 1644 ad
829 1580 1015 1645 Ecclesiam
1039 1582 1177 1668 ejusque
1194 1583 1419 1644 anctoritatem

304 1676 524 1764 spiritualem,
557 1675 714 1742 videlicet
746 1679 862 1744 adesse
900 1679 1208 1744 subordinationem
1244 1678 1419 1764 qnamdam

303 1775 474 1860 potestatis
507 1785 539 1838 et
570 1777 776 1841 auctoritatis
806 1778 996 1862 principum
1025 1777 1087 1842 sub
1110 1778 1310 1842 auctoritate
1336 1777 1419 1862 spiri«

302 1871 384 1937 tuali
408 1871 587 1939 Ecclesiae.
640 1874 770 1960 Oportet
794 1884 898 1939 numm
919 1875 1064 1960 pladiam
1084 1899 1149 1940 esse
1172 1875 1229 1940 aab
1251 1875 1376 1960 plodio,
1397 1883 1419 1933 et

303 1968 506 2057 temporalem
529 1973 746 2036 anctoritatem
771 1972 939 2058 spirituali
961 1972 1075 2062 subjici
1091 1974 1257 2059 potestati.
1309 1969 1419 2054 Quoad

302 2067 385 2133 haec
417 2090 496 2133 vero
527 2069 696 2134 doctrinae
728 2072 839 2155 capita
870 2081 958 2134 certe
990 2069 1080 2135 nulla
1112 2069 1296 2136 difficultas
1325 2067 1419 2135 solida

302 2176 449 2253 apparet,
474 2189 513 2230 ac
537 2166 634 2232 facile
658 2189 773 2232 omnes
796 2177 949 2232 auctores
979 2167 1132 2234 catholici
1162 2189 1202 2232 ea
1226 2167 1270 2232 de
1296 2191 1333 2232 re
1358 2189 1419 2232 con«

303 2287 417 2330 venire
441 2287 636 2330 censuerim.

392 2361 458 2426 Sed
481 2363 519 2428 3⁰
544 2364 577 2426 in
602 2362 837 2449 explanatione
869 2363 1015 2428 ulteriori
1041 2363 1211 2429 doctrinae
1236 2367 1419 2450 propositae

303 2461 467 2547 quaedam
492 2472 670 2526 occurrunt
694 2461 893 2544 difficiliora,
923 2461 965 2526 de
988 2483 1127 2548 qnorum
1153 2484 1253 2526 sensu
1278 2462 1416 2549 aliquan

302 2561 405 2644 tiaper
429 2557 617 2643 discrepare
642 2559 799 2624 videntur
822 2570 974 2626 auctores
989 2559 1152 2624 catholici.
1191 2561 1240 2626 Eo
1259 2564 1416 2646 pertinen

303 2658 466 2742 imprimis
498 2679 583 2741 quae
615 2657 656 2722 de
689 2657 810 2740 gladiis
841 2658 973 2723 duobus
1001 2658 1189 2723 Bonifatius
1219 2661 1345 2724 asserit
1370 2659 1414 2722 illi

302 2753 427 2818 verbis:
460 2755 498 2816 Ia
521 2755 579 2818 ltac
602 2755 747 2820 Ecclesia
771 2760 896 2845 ejusque
916 2766 1075 2842 potestate
1096 2757 1175 2821 dnos
1199 2779 1266 2821 esse
1289 2757 1419 2841 plodio

301 2851 500 2938 spiritualem
512 2851 657 2916 videlieet
679 2864 709 2916 et
732 2853 944 2938 temporalem,
971 2853 1170 2940 anmpelicis
1184 2854 1281 2918 dictis
1297 2857 1407 2918 issatis

299 2973 378 3014 mar.
431 2951 519 3014 Nam
550 2949 727 3014 dicentibus
757 2951 940 3036 Apostolis:
969 2953 1048 3016 Eece
1073 2953 1134 3016 doc
1157 2951 1263 3037 pladii
1292 2953 1369 3030 laic,
1402 2956 1414 3016 i

300 3045 444 3112 Ecclesia
474 3047 606 3125 seilicet,
640 3070 708 3111 cam
739 3047 889 3134 Apostoli
921 3048 1135 3135 loquerentur,
1166 3071 1230 3113 aaa
1259 3051 1409 3137 respond

300 3147 456 3210 Dominae
478 3146 574 3210 einais
597 3167 671 3226 esse,
695 3145 865 3212 sedeatis.
917 3145 1004 3212 Certe
1027 3150 1082 3234 qai
1104 3151 1137 3212 ia
1155 3157 1319 3234 potestate
1350 3151 1405 3214 Pa

301 3243 503 3330 temporalem
525 3241 667 3328 pladiani
692 3266 756 3309 esse
772 3255 876 3330 nepai,
899 3245 981 3310 male
996 3245 1121 3310 verbam
1141 3245 1279 3310 attendit
1295 3247 1402 3312 Domi

294 3341 513 3428 proferentia:
541 3340 689 3408 Converte
705 3342 848 3428 pladiam
865 3353 951 3407 atam
966 3345 1167 3430 iaoapiaam.
1195 3343 1339 3430 Uter-pne
1364 3373 1419 3408 er«

299 3439 428 3527 pladias
450 3441 485 3503 ia
502 3450 663 3526 potestate
691 3441 858 3520 Ecclesiae,
883 3441 1065 3527 spiritualis
1097 3439 1215 3508 scilicet
1236 3443 1379 3527 pladius

299 3537 495 3618 materialis;
519 3537 574 3601 sed
595 3539 625 3602 is
648 3539 772 3625 puidam
792 3563 853 3625 pro
871 3538 1025 3616 Ecclesia,
1049 3537 1104 3602 ille
1128 3563 1200 3604 vero
1225 3540 1267 3604 ab
1284 3543 1416 3607 Ecclesi

300 3635 512 3710 exercendas,-
535 3635 589 3700 ille
614 3637 798 3716 sacerdotis,
829 3639 858 3701 is
881 3661 977 3701 marra
1000 3659 1105 3735 repanp
1136 3647 1165 3699 ct
1192 3637 1347 3720 militam,
1382 3663 1414 3704 ss

300 3735 344 3798 ad
374 3745 482 3798 statam
512 3745 541 3796 et
568 3735 764 3821 patientiam
795 3733 987 3800 Sacerdotis.
1013 3773 1054 3783 -
1084 3733 1350 3802 Adverteudnm
1378 3761 1413 3802 es

299 3833 495 3896 Pontificem
531 3855 590 3918 pro
624 3854 714 3898 more
745 3832 833 3898 illius
868 3835 1026 3918 temporis
1063 3835 1292 3916 argumentari
1331 3857 1380 3900 ex
1415 3866 1420 3891 ι

300 3927 491 4018 Scripturas
515 3940 609 3994 textu
633 3930 809 4014 allegorice
833 3932 993 4016 exposito,
1026 3951 1088 3994 nec
1112 3929 1155 3994 de
1178 3929 1292 3996 valore
1332 3933 1397 4018 huj
1419 3970 1420 3981 .

299 4027 504 4114 probationis
529 4027 626 4092 inodo
651 4029 785 4115 inquiri,
815 4027 873 4092 sed
897 4028 939 4092 de
963 4049 1061 4092 sensu
1086 4049 1201 4092 eorum
1228 4051 1317 4116 quae
1346 4053 1420 4096 ass

299 4135 426 4192 rantur.

388 4225 442 4288 58.
481 4223 644 4308 Negatise
675 4233 786 4288 atatem
817 4225 982 4310 imprimis
1005 4223 1040 4308 a)
1063 4223 1178 4310 liquet,
1212 4225 1414 4292 aBonit'ari
