2916 4842
269 459 322 512 100
483 459 587 516 XXIII.
607 459 647 514 De
664 464 741 514 statu
760 459 861 516 Ecclee.
879 460 963 529 priori
981 461 1068 527 medio
1086 477 1153 516 saec
1165 460 1228 516 XII.

246 669 249 681 ,
271 624 383 689 copus:
410 601 630 691 Corriqamad
654 602 821 668 arbitrium
842 614 999 669 uestmsm:
1024 604 1101 669 Non
1122 604 1221 685 achia
1245 607 1293 670 ait
1306 607 1389 671 Pon-

263 700 360 786 tifex,
395 701 470 766 haec
503 702 652 766 correctio
690 703 905 766 committetur.
944 739 987 749 -
1025 701 1177 766 Tandem
1207 700 1389 786 Gilbertus,

263 799 383 862 summi
394 797 567 864 Pontificio
581 801 745 864 sententia
760 808 951 865 reverenter
963 809 1115 886 excepta,
1136 809 1169 864 et
1183 799 1388 866 archidiaco-

262 896 315 959 nie
338 896 395 981 qui
419 897 529 982 ipsum
551 907 749 962 accusarant
770 899 806 962 in
828 900 969 983 gratiam
994 899 1146 985 receptis,
1172 922 1240 962 cum
1259 899 1390 966 tenens

260 991 460 1078 plenitudine
483 995 526 1059 ad
550 1017 644 1060 suam
669 993 846 1061 dioecesim
870 1018 1023 1061 reversus
1047 1005 1105 1062 est.

92 1143 245 1251 'fflffi
356 1146 429 1211 128.
477 1146 589 1227 Quum
614 1170 639 1212 s.
654 1146 845 1226 Bernardus
868 1146 933 1211 illie
957 1145 1163 1232 temporibus
1187 1149 1389 1234 praecipuus

104 1233 111 1250 ⁶
247 1237 363 1310 'fuerit
396 1266 543 1310 errorum
567 1247 655 1310 Petri
680 1244 861 1310 Abaelardi
892 1255 925 1309 et
955 1243 1097 1310 Gilberti
1128 1245 1299 1310 Porretani
1331 1247 1389 1312 ad·

262 1344 438 1424 versarius,
463 1365 582 1428 operae
605 1345 748 1430 pretium
772 1352 821 1408 est
843 1343 1027 1425 advertere,
1051 1345 1161 1408 minus
1183 1366 1327 1430 aequum
1350 1348 1389 1410 in

262 1464 287 1506 s.
312 1441 490 1505 Doctorem
514 1442 615 1506 fuisse
639 1441 795 1506 Ottonem
820 1441 1078 1527 Frisingensem,
1104 1442 1183 1506 dum
1207 1441 1299 1508 illum
1324 1445 1389 1508 ista

262 1538 303 1603 de
327 1561 362 1602 re
385 1538 625 1625 aliquantisper
641 1541 756 1624 carpit.
801 1539 936 1604 Etenim
963 1561 1080 1604 revera
1105 1543 1271 1605 maximae
1294 1540 1388 1606 laudi

262 1646 311 1701 est
334 1659 359 1702 s.
376 1636 556 1719 Bernard0,
581 1637 670 1724 quod
694 1637 833 1704 firmiter
856 1637 1041 1702 doctrinam
1057 1638 1135 1703 fidei
1151 1639 1388 1704 vindicaverit.

262 1733 386 1800 Scribit
409 1734 486 1801 Otto
505 1736 746 1820 Frieingensie:
769 1737 853 1800 Iu'rat
876 1739 958 1800 enim
975 1736 1164 1822 praedictus
1187 1737 1296 1816 abhas,
1321 1750 1388 1802 tam

261 1856 302 1897 em
324 1835 515 1898 christianae
545 1833 709 1920 relipionis
730 1834 863 1921 feruore
886 1834 1057 1922 zelotypus,
1085 1857 1180 1920 quam
1202 1858 1242 1898 ea
1264 1834 1388 1900 hahitu-

261 1930 368 1995 dinali
394 1933 632 1997 mansuetudine
656 1932 883 2016 quodammodo
907 1931 1063 2011 credulus,
1093 1943 1129 1997 ut
1161 1935 1389 2019 etsmapistros

260 2031 315 2116 qui
345 2031 490 2094 humanis
519 2030 699 2095 rationibus
728 2029 889 2096 saeculari
921 2032 1082 2118 sapientia
1113 2031 1222 2115 confisi
1254 2033 1388 2096 nimium

261 2129 468 2192 inhaerebant
498 2129 688 2208 ahhorreret,
719 2141 749 2193 et
774 2131 805 2192 ai
836 2129 1006 2215 quidquam
1039 2129 1069 2193 ei
1091 2129 1282 2194 christianae
1303 2129 1390 2214 fidei

261 2225 413 2290 absonum
444 2228 482 2292 de
511 2226 629 2291 talibus
659 2226 826 2306 diceretur,
850 2227 956 2313 facile
981 2250 1090 2292 aurem
1105 2226 1285 2313 praeheret.
1334 2229 1389 2292 Ea·

260 2345 319 2410 quo
340 2323 467 2410 sactum
500 2335 556 2403 est,
587 2336 622 2390 ut
653 2348 717 2390 non
748 2324 845 2390 multo
877 2336 949 2390 ante
977 2327 1032 2390 hos
1061 2326 1130 2389 dies
1152 2327 1223 2412 ipae
1247 2338 1387 2407 auctore,

257 2424 362 2510 primo
387 2423 426 2486 ah
451 2425 607 2510 episcopia
634 2421 775 2502 Galliae,
793 2435 872 2510 post
895 2448 915 2487 a
940 2425 1083 2488 Romano
1107 2423 1269 2507 Pontifice,
1291 2424 1387 2489 Petro

260 2518 444 2585 Ahaelardo
469 2520 628 2586 silentium
647 2521 831 2608 impositum
845 2521 960 2607 fiterit.
969 2523 992 2603 ¹)
1030 2521 1074 2584 Et
1089 2521 1130 2585 de
1147 2520 1292 2586 Gilberti
1307 2522 1388 2586 Por-

260 2621 367 2682 retani
396 2641 496 2683 cauea
525 2617 663 2705 loquens
692 2620 755 2684 ait:
797 2619 907 2685 Utrum
938 2630 1041 2684 autem
1064 2620 1253 2707 praedictus
1285 2619 1388 2684 abhas

263 2714 532 2782 Claraeuallenais
561 2719 597 2780 in
619 2718 674 2781 hoa
696 2718 819 2802 nepotio
843 2740 883 2780 eu
905 2717 1059 2781 humanae
1074 2716 1275 2803 frapilitatia
1297 2718 1388 2802 infir-

258 2816 369 2878 mitate
393 2825 542 2901 tanquam
566 2816 653 2879 homo
670 2814 817 2901 deceptae
831 2814 948 2900 jussit,
972 2813 1022 2878 uel
1045 2817 1211 2901 episcopus
1234 2825 1388 2900 tanquam

259 2913 309 2974 uir
342 2911 592 2977 litteratissimus
608 2914 811 2999 propositum
834 2923 936 2977 astute
960 2912 1093 2977 celando
1116 2913 1278 2977 Ecclesiae
1294 2914 1388 3001 judi-

260 3011 341 3073 cium
364 3013 509 3092 evaserit,
534 3012 688 3076 discutere
711 3010 760 3075 vel
775 3011 926 3099 judicare
949 3021 1090 3075 nostrum
1113 3022 1255 3075 nonest.
1292 3007 1390 3084 Quod

260 3108 344 3170 enim
373 3111 477 3172 sancti
507 3121 536 3173 et
568 3111 726 3196 sapientes
755 3111 819 3173 uiri
848 3108 1049 3195 corruptibili
1075 3133 1169 3172 carne
1198 3109 1391 3173 circumdati

252 3204 440 3291 frequenter
463 3209 499 3270 in
514 3205 633 3272 talihus
646 3205 825 3293 fallantur,
849 3216 880 3270 et
901 3208 992 3271 nouis
1015 3217 1045 3269 et
1067 3208 1208 3292 antiquis
1226 3206 1391 3292 probatur

262 3303 490 3389 matimoniis.²)
520 3303 586 3368 Sed
608 3304 691 3369 haec
715 3305 826 3368 minus
849 3326 953 3390 aeque
977 3303 1019 3368 ab
1041 3303 1163 3368 Ottone
1179 3305 1390 3389 Frisingensi

261 3401 431 3486 episcopo,
464 3403 617 3487 quamvis
649 3414 682 3466 et
712 3403 783 3488 ipse
816 3401 952 3467 Ordinis
976 3401 1207 3467 Cisterciensis
1237 3411 1324 3467 esset
1355 3413 1390 3466 et

261 3497 392 3582 praesul
416 3498 640 3584 dignissimus,
665 3502 789 3586 scripta
804 3521 884 3581 esee,
910 3523 953 3563 cx
969 3499 1067 3564 dictis
1087 3499 1185 3564 facile
1208 3497 1390 3583 colligitur.

262 3595 334 3659 Imo
359 3597 457 3660 etiam
482 3596 560 3662 Otto
584 3598 619 3663 id
643 3620 820 3683 agnoscere
844 3600 937 3662 visus
961 3607 1018 3680 est,
1044 3599 1091 3661 uti
1116 3607 1256 3663 testatur
1279 3597 1390 3663 Rade-

262 3695 357 3757 vicus
380 3692 468 3759 illius
491 3694 650 3760 ecclesiae
674 3699 864 3779 canonicus,
889 3697 945 3782 qui
968 3695 1139 3761 historiam
1156 3694 1317 3760 Friderici
1344 3696 1391 3761 ab

262 3791 384 3857 Ottone
418 3795 584 3879 inceptam
612 3793 743 3858 duobus
779 3793 872 3858 libris
911 3795 1132 3859 continuavit.
1188 3793 1254 3857 Hic
1295 3796 1392 3859 enim

337 4067 357 4139 ¹)
376 4069 417 4124 De
436 4069 523 4138 gestis
542 4069 673 4124 Friderici
691 4068 714 4124 Ι.
737 4069 767 4122 L.
787 4067 808 4123 I.
829 4085 851 4125 c.
870 4067 913 4125 47.

338 4177 348 4208 ²
378 4175 446 4231 Ibi'd.
465 4191 488 4232 c.
507 4176 550 4233 57.
