2916 4842
312 451 364 508 106
490 456 590 510 XXIV.
610 455 650 509 De
669 453 786 508 dissidiis
805 453 969 508 Fn'derieii
994 471 1052 508 cum
1072 455 1103 509 R
1123 456 1307 512 Pontificibus.

310 594 453 685 elipando
477 599 540 663 sibi
555 610 689 686 pastore
713 600 831 662 meretis
854 597 1023 684 Episcopis
1046 611 1076 664 et
1095 598 1323 667 Cardinalibus
1346 604 1453 689 apuli

311 696 472 761 eeclesiam
501 697 586 762 beati
613 698 713 776 Petri,
744 718 809 761 non
838 697 905 760 sine
935 697 1039 760 divini
1071 696 1277 784 dispositione
1306 700 1434 765 consilii

308 793 432 877 facturn
455 807 510 875 est,
534 807 569 876 ut
591 799 625 860 in
649 801 716 887 ejus
732 817 906 882 personam
928 797 1122 859 unanimiter
1144 798 1382 876 concordarent,
1406 809 1433 860 et

310 895 434 980 Papam
448 894 630 959 Adrianum
653 920 674 959 a
697 896 765 958 Deo
789 892 918 958 electum
942 903 1006 956 tam
1029 892 1137 958 clerici
1160 918 1253 980 quarn
1276 895 1356 960 laici
1376 920 1432 982 pc·

308 993 388 1056 riter
414 990 655 1071 conclamantes,
679 1015 748 1056 enm
769 993 901 1056 invitum
925 1001 955 1056 et
975 993 1159 1056 renitentem
1182 995 1218 1057 in
1242 992 1324 1058 Sede
1349 994 1453 1058 beati¹

309 1090 399 1154 Petri
421 1083 489 1155 Deo
513 1101 640 1155 anctore
666 1092 932 1156 inthronizarunt.
957 1137 965 1153 .
992 1137 999 1153 .
1024 1138 1032 1153 .
1057 1089 1140 1154 Erat
1163 1091 1245 1154 enine
1267 1094 1318 1155 vir
1341 1090 1453 1170 valde

211 1185 213 1198 ’
309 1187 471 1274 benipnns,
495 1191 583 1252 mitis
605 1201 636 1252 et
652 1191 794 1276 patiens,
825 1190 860 1252 in
884 1187 1012 1271 anplica
1035 1197 1064 1252 et
1088 1187 1193 1252 latina
1217 1188 1327 1276 linqua
1343 1191 1453 1275 peri-¹

309 1299 369 1366 tus,
393 1289 428 1350 in
451 1308 590 1350 sermone
604 1286 781 1373 facundus,
805 1287 840 1348 in
864 1283 1043 1370 eloquentia
1062 1284 1195 1371 politae,
1219 1289 1254 1350 in
1270 1288 1434 1351 cantilena

302 1387 500 1473 praecipuus
530 1395 560 1447 et
584 1385 796 1471 praedicator
827 1385 981 1470 eprepius,
1013 1383 1058 1448 ad
1079 1383 1278 1447 irascendum
1308 1385 1453 1462 tardas„

309 1483 353 1547 cd
375 1483 596 1570 ipnoscendnm
618 1479 718 1562 veloce,
750 1479 865 1545 hilaris
893 1481 997 1558 dator,
1029 1482 1063 1544 in
1087 1479 1289 1568 eleemosynis
1313 1481 1453 1570 tarpeis„

309 1593 338 1645 et
361 1583 396 1644 in
420 1582 504 1645 orani
526 1602 645 1644 morum
668 1581 891 1666 compositione
916 1578 1147 1664 praeclarus.²)
1194 1578 1294 1644 Suam
1320 1581 1356 1643 in
1384 1603 1435 1644 ne·

307 1680 406 1764 gotiis
429 1677 662 1743 ecclesiasticis
685 1678 840 1762 gerendis
863 1678 1016 1762 peritiam
1049 1678 1151 1741 variis
1181 1678 1216 1740 in
1239 1678 1453 1742 muneribus,

307 1775 369 1840 sub
394 1775 669 1862 praecedentibus
683 1774 901 1841 Pontificibus
925 1774 1118 1838 Hadrianus
1137 1774 1209 1859 jam
1233 1775 1453 1860 ostenderat„

306 1883 407 1960 atque
430 1876 579 1958 vigorem
603 1875 707 1938 animi
737 1874 766 1937 ei
792 1873 893 1936 fuisse
918 1874 1081 1957 insignem
1107 1875 1218 1937 visum
1241 1882 1358 1936 estex
1385 1876 1437 1954 iis,

307 1993 392 2058 quae
416 1982 531 2035 contra
546 1970 713 2036 Romanos
737 1969 875 2035 rebelles
899 1970 941 2034 ab
967 1972 1037 2056 ipso
1052 1980 1145 2054 gesta
1160 1993 1230 2036 esse
1249 1971 1321 2056 jam
1347 1993 1439 2036 com·

306 2071 577 2152 memoravimus3
609 2092 670 2136 nec
701 2071 811 2133 minus
841 2068 876 2132 id
900 2071 935 2133 in
959 2067 1213 2133 difficultatibus
1241 2089 1324 2154 quas
1356 2091 1453 2148 cum

307 2168 476 2232 Friderico
509 2166 629 2232 habuit
659 2177 863 2253 compertum
895 2175 954 2230 est.
1009 2165 1076 2231 Sed
1107 2165 1320 2230 difficultates
1352 2169 1453 2252 istas

305 2288 373 2331 non
417 2288 459 2330 ex
507 2265 618 2352 aliqua
657 2264 828 2330 Pontificis
871 2264 994 2328 duritia
1041 2265 1094 2328 vel
1138 2263 1294 2350 superbia
1333 2277 1453 2348 ortas,

305 2363 439 2449 colliges
470 2387 514 2428 ex,
542 2363 598 2427 illa
631 2363 831 2428 characteris
865 2363 936 2448 ejus
976 2361 1214 2448 descriptione,
1255 2383 1358 2448 quam
1396 2387 1453 2442 ex,

305 2462 435 2527 Bosone
458 2463 698 2547 proposuimus.

133 2585 296 2692 kffiffif‘
397 2606 426 2672 i.
472 2604 610 2668 Interim
634 2624 747 2667 mense
770 2601 908 2669 Octobri
932 2604 1012 2666 anni
1031 2603 1117 2665 1154
1143 2601 1333 2667 Fridericus
1349 2605 1453 2700 Bar-J

301 2703 437 2768 barossa
473 2704 605 2788 copioso
644 2723 721 2766 cum
760 2702 908 2765 exercitu
946 2698 1194 2785 expeditionem
1232 2703 1267 2765 in
1294 2700 1453 2768 Italiam*

302 2803 461 2888 suscepit,
485 2799 674 2865 Placentiae
698 2800 833 2864 comitia
858 2798 984 2879 habuit,
1009 2807 1041 2862 et
1053 2798 1175 2879 Ticini,
1199 2800 1354 2885 imposita
1384 2819 1453 2866 co*

301 2920 383 2963 rona
406 2899 523 2982 ferrea,
539 2897 593 2962 die
610 2898 668 2962 17ο
684 2895 810 2983 Aprilis
833 2898 913 2961 anni
930 2896 1015 2960 1155
1039 2918 1100 2959 rex
1111 2894 1228 2959 Italiae
1252 2907 1453 2964 coronatus

303 3006 361 3062 est
407 2997 483 3063 Itali
515 2999 603 3061 inter
633 3017 703 3060 sese
727 2995 827 3060 divisi
855 3004 959 3076 erant,
993 2994 1138 3080 dumque
1167 2993 1252 3058 aliae
1276 2995 1453 3062 civitates

301 3115 413 3179 regem
447 3095 663 3181 recipiebant,
701 3093 786 3158 aliae
820 3092 965 3157 libertati
997 3092 1089 3156 civili
1125 3091 1301 3175 inhiantes,
1342 3096 1453 3160 inter*

301 3211 385 3276 quas
415 3194 596 3280 praecipua
627 3192 691 3256 luit
714 3190 950 3273 Mediolanum,
983 3189 1076 3255 illum
1100 3190 1275 3256 admittere
1298 3195 1453 3258 recusa'

301 3299 388 3356 runt.
435 3291 489 3356 Ex
521 3289 643 3377 quibus
666 3289 857 3354 Friderieus
892 3288 1002 3375 plures
1040 3290 1248 3374 expugnavit
1285 3299 1318 3353 et
1355 3289 1438 3358 diro

302 3388 400 3454 modo
431 3389 616 3475 castigavit.
662 3389 752 3453 Dein
784 3409 899 3452 versus
922 3387 1061 3452 Romam
1092 3386 1259 3472 proiectus
1289 3397 1352 3471 est,
1398 3401 1441 3455 ut

300 3486 506 3572 imperialem
536 3509 692 3552 coronam
724 3485 973 3572 adipisceretur.
1020 3484 1214 3550 Hadrianus
1237 3485 1344 3572 Papa,
1385 3489 1434 3554 de

299 3584 463 3651 Friderici
476 3585 622 3650 consiliis
646 3587 800 3667 incertus,
825 3583 867 3649 ab
889 3583 968 3649 urbe
986 3583 1191 3664 discesserat,
1217 3593 1316 3669 atque
1329 3585 1438 3651 initio

301 3688 417 3748 mutua
446 3683 591 3770 quadam
623 3683 809 3748 diffidentia
833 3684 1017 3768 Imperator
1047 3690 1080 3744 et
1103 3680 1260 3746 Pontifex
1282 3681 1438 3749 detineri

300 3783 365 3846 visi
389 3783 503 3863 eunti)
531 3783 641 3847 Missis
664 3791 777 3846 tamen
801 3782 968 3866 utrimque
990 3779 1118 3864 legatis,
1143 3787 1176 3842 et
1198 3780 1355 3865 praestito
1382 3782 1453 3847 ab*

300 3954 513 3962 ———-

375 4066 394 4136 1)
414 4066 577 4133 witness,
596 4067 632 4121 11.
652 4067 713 4122 eae.

375 4164 397 4231 ¹)
415 4163 517 4218 Romae
535 4169 608 4218 certe
621 4164 753 4220 Fridcrici
771 4181 866 4220 sensus
884 4166 1002 4221 domimo
1020 4162 1128 4218 cuidem
1146 4159 1268 4226 absoluto
1286 4163 1439 4226 inhiantes

295 4242 354 4311 jsun
382 4242 442 4297 noti
468 4250 555 4300 erant,
593 4244 740 4314 colligitur
767 4245 796 4299 id
818 4245 891 4300 inter
914 4246 970 4301 etia
997 4261 1031 4302 ex
1049 4246 1083 4302 iis
1111 4260 1180 4312 quse
1204 4245 1287 4302 hebet
1303 4248 1438 4307 Josunes
