2844 4840
299 457 443 513 Processns
461 467 555 512 contra
573 457 742 512 Bonifatium
762 456 838 510 i'lil.
1092 459 1126 512 75

39 600 138 665 dinales
160 600 393 666 Columueuses
417 601 680 680 declaraverunt,
706 623 741 664 se
764 601 934 664 nuntiasse
957 602 1026 686 regi
1050 599 1126 664 Phi·

38 698 105 783 lippo
125 699 266 764 facinora
286 698 464 781 Bonifatii,
489 709 522 763 et
544 701 638 764 varia
662 709 777 764 contra
788 699 983 764 Pontificem
1008 700 1042 763 in
1067 719 1127 762 sua

37 795 210 880 depositione
233 797 437 884 adjecerunt.
469 797 632 862 itaetiam
650 795 768 861 Petrus
791 795 896 862 abbas
920 819 945 862 a.
963 795 1125 872 llledardi,

35 915 111 977 saepe
130 916 150 958 a
169 917 246 978 rege
269 896 409 960 Romam
434 897 564 978 missus,
590 893 693 960 multa
716 915 750 958 se
773 895 898 960 ibidem
923 918 943 960 a
967 893 1126 959 Cardine·

33 989 100 1054 libus
122 994 217 1057 variis
239 994 380 1080 aliisque
404 995 552 1078 personis
576 1005 691 1058 contra
705 992 910 1057 Bonifatium
934 993 1078 1060 audiisse
1095 1002 1128 1058 et

33 1091 84 1172 rogi
107 1089 258 1173 retulisse,
283 1091 463 1177 deponit.¹)
991 1091 995 1111 ⁴

100 1241 147 1307 81.
192 1219 350 1306 Attamen
385 1241 469 1306 haec
505 1264 571 1308 non
609 1253 685 1308 sunt
720 1241 880 1328 ejusmodi
918 1252 1124 1327 argumenta,
1149 1244 1286 1346 {mig

31 1337 129 1422 quibus
159 1339 356 1421 inducimur,
389 1349 425 1403 ut
457 1340 497 1404 de
530 1339 693 1428 probitate
718 1349 749 1404 et
772 1339 943 1404 honestate
966 1339 1125 1404 Bonifatii
1282 1335 1288 1346 '

29 1435 204 1502 dubitemus.
253 1435 448 1502 Cardinales
478 1435 717 1502 Columnenses
750 1437 962 1502 infensissimi
996 1438 1128 1502 fuerant

29 1531 190 1617 Bonifatio;
215 1533 403 1600 Cardinalis
427 1557 505 1599 vero
524 1535 637 1600 Ursini
662 1545 772 1622 partes
787 1534 941 1600 factionis
956 1535 1127 1600 Gallorum

27 1643 105 1694 antea
127 1643 284 1714 tenuerat,
316 1635 453 1718 ipseque
477 1633 565 1698 fatua
589 1632 676 1697 mala
705 1655 849 1719 eousque
878 1632 1061 1714 laborabat,
1093 1643 1130 1697 ut

28 1727 57 1790 de
78 1741 172 1793 morte
196 1731 371 1795 Benedicti
396 1731 446 1796 XI
479 1754 539 1819 per
562 1753 728 1796 venenum
758 1743 932 1817 procurata
957 1741 1129 1820 suspectus

28 1825 222 1910 haberetur.²)
247 1869 290 1876 -
314 1829 413 1894 Haud
447 1851 617 1914 negamus,
649 1841 762 1894 eontra
785 1829 990 1893 Bonifatium
1015 1853 1035 1893 a
1060 1853 1128 1915 per-

26 1925 117 1988 multis
139 1925 348 2009 adversariis,
381 1929 501 2013 partim
527 1927 614 1992 mala
638 1937 670 1991 et
694 1930 814 2013 partim
840 1925 1026 2010 bonafide,
1059 1950 1128 2014 pes-

24 2025 105 2088 simos
127 2047 276 2090 rumores
300 2047 431 2111 sparsos
455 2035 487 2090 et
510 2036 707 2112 propagatos
731 2025 841 2091 fuisse.
881 2025 1004 2089 Mirum
1028 2026 1130 2110 igitur

24 2141 75 2184 uun
98 2133 154 2200 est,
179 2125 204 2186 si
231 2123 291 2188 hes
315 2147 463 2188 rumores
487 2126 587 2189 etiam
605 2123 799 2189 Cardinales
816 2127 901 2188 varii
918 2134 1128 2210 acceperunt.

23 2217 122 2284 Petrus
145 2220 250 2286 abbas
275 2245 299 2287 s.
313 2221 464 2287 Medendi
490 2233 522 2286 et
547 2221 739 2287 Cardinales
756 2223 870 2287 Simon
884 2223 1129 2312 Praenestinus,

23 2315 330 2402 loannesMonachi,
348 2319 546 2385 etNieolaus
562 2321 602 2384 de
616 2344 640 2386 s.
650 2320 795 2385 Eusebio
807 2343 848 2384 ex
858 2320 969 2385 Gallia
986 2321 1138 2401 oriundis

24 2417 148 2481 nimium
166 2429 278 2503 partes
295 2420 381 2503 regis
399 2421 501 2483 secuti
528 2429 613 2500 sunt,
638 2419 802 2504 nimisque
827 2419 891 2482 cite
907 2415 948 2482 de
963 2417 1131 2483 Bonifatio

22 2517 215 2599 suspiciones
238 2515 436 2581 habuerunt.
476 2516 605 2581 Habuit
618 2517 766 2582 Joannes
782 2516 936 2581 Monachi
962 2528 1133 2602 praeterea
1233 2559 1239 2587 a

20 2611 182 2697 aliquando
208 2614 409 2679 simultatem
435 2637 510 2680 cnm
535 2616 720 2698 Bonifati03
750 2613 829 2678 huic
853 2616 940 2678 enim
966 2615 1128 2700 imprope-

21 2712 99 2779 ravit,
124 2712 215 2798 quod
230 2711 426 2777 Cardinales
450 2735 515 2778 non
541 2715 621 2777 satis
636 2711 830 2790 consuleret,
856 2712 957 2798 idque
973 2713 1129 2777 Pontifex

19 2812 185 2890 aegerrime
208 2811 326 2893 tulitl)
374 2811 463 2876 Hinc
488 2811 559 2896 ejus
583 2813 761 2890 accusatio,
787 2833 872 2896 quac
895 2813 1128 2896 praecaeteris

17 2907 135 2986 gravior
163 2907 307 2990 videtur,
338 2909 427 2996 quod
452 2909 638 2992 Bonifatius
670 2908 857 2973 haereticus
887 2919 981 2988 esset,
1013 2929 1128 2974 revera

18 3005 72 3066 rin
109 3027 177 3070 non
217 3005 326 3071 habet.
373 3007 548 3071 Praeterea
580 3029 659 3071 vero
691 3007 863 3092 speciatim
896 3007 1004 3092 quoad
1040 3006 1128 3071 banc

15 3105 259 3184 accusationem,
285 3105 488 3170 Bonifatium
514 3115 549 3169 ut
572 3105 670 3191 plane
695 3104 916 3170 orthodoxum
941 3129 961 3170 a
978 3104 1127 3170 Concilio

16 3197 188 3266 Viennensi
226 3201 429 3268 declaratum
465 3225 551 3284 esse,
589 3203 699 3289 plures
734 3205 908 3289 scriptores
942 3203 1128 3284 referunti)

17 3293 99 3376 Quod
125 3301 152 3364 si
179 3301 281 3385 igitur
305 3299 387 3365 haec
411 3303 579 3366 accusatio
604 3301 729 3366 nullam
753 3301 853 3366 fidem
878 3312 1031 3379 meretur,
1051 3302 1127 3386 jure

15 3397 99 3458 etiam
131 3396 280 3482 reliquas
311 3409 347 3462 ut
378 3400 511 3484 putidas
534 3401 704 3486 rejicimus
737 3399 962 3480 calumnias.⁶)
1009 3398 1129 3463 Valeat

14 3493 101 3576 igitur
123 3496 167 3560 de
183 3495 352 3560 Bonifatio
367 3497 449 3562 Vlll
474 3497 617 3581 elogium
643 3495 724 3561 illud
749 3521 773 3562 s.
792 3499 971 3562 Antonini:
999 3496 1127 3562 Nobilis

74 3763 94 3832 ¹)
113 3761 171 3819 utr.
191 3761 336 3816 Pruccssus
355 3761 444 3817 factus
463 3772 514 3816 etc
532 3778 576 3831 pp.
596 3765 631 3818 at
649 3779 706 3830 sqq.

74 3841 170 3910 ¹)Gfr.
193 3841 288 3900 Balan.
307 3843 398 3898 Storia
415 3842 526 3897 d'ltalia
545 3843 574 3898 L.
594 3843 695 3897 XXIX.
715 3859 741 3898 n.
761 3842 805 3897 Ill

72 3919 92 3988 ¹)
111 3921 226 3990 Dupuy,
244 3921 261 3975 l.
281 3937 302 3976 c
321 3937 346 3990 p.
365 3923 426 3979 399.

71 4005 82 4032 d

72 4003 94 4150 ‘l
112 4001 687 4150 {dudilrldllllmodeoclallatildlneslplnblicatac
706 4081 818 4137 fuerunt
836 4097 870 4136 ex
888 4081 985 4137 Codice
997 4084 1126 4138 Biblioth.

13 4159 141 4218 Barberini
161 4179 187 4216 a
210 4162 280 4217 1843
299 4161 495 4230 pertimidus
517 4161 550 4216 V.
566 4161 698 4216 Abhandl.
719 4162 743 4216 (l.
764 4162 827 4216 hist.
847 4162 892 4216 Kl.
914 4163 962 4217 der
981 4164 1014 4218 K.
1028 4164 1126 4232 Bayer.

13 4241 84 4300 aiau.
102 4245 128 4298 d.
150 4241 397 4307 wissenschaften,
416 4243 464 4297 Bd.
486 4242 534 4296 llI.
554 4243 579 4297 3.
