3000 4838
441 406 480 459 De
499 403 714 474 expeditionibus
733 405 869 460 cruciatis.
1191 408 1225 461 17

104 548 259 630 fixerunt,
284 548 376 613 haud
391 549 501 632 sortes,
525 548 581 612 sed
595 545 709 612 molles
724 557 823 633 atque
838 549 953 633 ignavi
976 561 1079 632 erant,
1104 571 1225 614 merca·

103 661 210 711 turam
237 649 470 734 potiusquam
494 645 646 710 militiam
671 668 710 708 ac
733 645 859 730 praelia
882 646 1094 727 adamabant,
1120 656 1152 712 et
1166 669 1224 732 pro

103 746 287 810 commodis
320 747 389 809 suis
419 746 494 831 paci
526 765 600 808 cum
635 743 752 807 Tureis
785 753 858 808 utut
886 744 1088 829 periculosae
1119 746 1225 810 stade-

101 842 197 925 bant3
223 843 304 908 binc
318 865 386 907 non
403 841 660 906 continuabatur
674 843 755 905 satis
768 843 973 927 impugnatio
985 841 1225 908 Saracenorum

102 955 134 1006 et
164 942 343 1026 vigilantia
379 953 493 1004 contra
523 961 636 1004 eorum
667 939 814 1004 insidias.
868 941 921 1004 De
951 942 1097 1006 moribus
1125 943 1225 1006 etiam

102 1041 235 1107 illorum
250 1040 547 1105 Palaestinensium
573 1037 741 1102 dissolutis
755 1060 794 1102 ac
811 1038 975 1120 mollibus,
1000 1059 1039 1102 ac
1054 1038 1095 1101 de
1110 1059 1224 1102 eorum

102 1161 179 1204 cum
203 1140 292 1224 ipsis,
311 1138 486 1204 Saracenis
508 1138 612 1201 nimia
635 1136 874 1218 familiaritate,
907 1139 1022 1200 merito
1054 1139 1224 1223 conquesti

102 1247 180 1302 sunt
203 1245 356 1300 auctores
379 1235 468 1299 illius
490 1237 657 1320 temporis.

187 1336 248 1399 m.
296 1331 495 1397 Constitutio
526 1354 621 1418 porro
655 1331 795 1396 feudalis
822 1341 855 1396 et
878 1332 998 1397 divisio
1022 1335 1116 1418 regni
1140 1333 1223 1398 chri·
1243 1352 1381 1394 conrasas

102 1437 201 1498 atiani
226 1435 262 1497 in
287 1431 475 1496 Palaestina
505 1440 538 1494 et
560 1429 657 1516 Syria
681 1432 766 1494 inter
786 1430 897 1517 plures
920 1431 1097 1517 principes,
1122 1434 1225 1517 ipsius
1262 1417 1367 1458 ‘must'

103 1535 197 1618 regni
221 1529 332 1595 robori
363 1553 402 1594 ac
427 1531 533 1615 vigori
557 1529 652 1593 firmo
684 1551 750 1592 non
781 1538 852 1592 erat
879 1538 1074 1614 opportuna,
1109 1552 1146 1594 eo
1171 1529 1223 1596 vel

103 1632 210 1714 magis
235 1626 325 1715 quod
348 1629 472 1713 passim
496 1625 681 1691 discordiae
705 1629 790 1690 inter
806 1629 916 1690 varios
936 1628 1103 1712 principes
1126 1639 1233 1716 atque¹

104 1727 250 1793 Ordines
280 1735 446 1812 equestres
473 1723 689 1790 oborirentur.
737 1725 886 1789 Infausta
913 1725 977 1788 fuit
999 1727 1099 1789 etiam
1124 1748 1224 1811 regno

102 1826 150 1891 illi
183 1835 396 1911 praematura
419 1845 506 1887 mors
529 1822 674 1908 plurium
697 1844 812 1908 regum
843 1833 876 1886 et
901 1824 1107 1910 principum3
1148 1823 1225 1889 inde

101 1925 244 1988 mutatio
282 1923 436 2007 frequens
469 1923 656 2008 regiminis,
696 1921 935 2004 dissensiones,
975 1920 1224 1988 ambitiosarum

102 2022 280 2086 mulierum
306 2019 454 2084 influxus
476 2021 626 2084 nocivus.
650 2057 692 2068 —
716 2017 938 2104 Praecipuum
962 2020 1046 2084 forte
1076 2020 1225 2085 obstacu-

98 2120 174 2184 lum
200 2119 435 2184 dominationis
458 2118 681 2202 permanentis
698 2115 962 2181 Christianorum
987 2119 1020 2181 in
1036 2116 1224 2184 Palaestine

98 2243 139 2284 ac
167 2217 267 2302 Syria
290 2215 353 2279 fuit
377 2215 525 2279 defectus
556 2217 688 2280 unionis
712 2237 786 2280 cum
812 2213 959 2279 Graecis.
1005 2216 1224 2301 Imperatores

99 2318 216 2404 graeci
241 2313 303 2378 sibi
327 2311 491 2378 timebant
513 2323 583 2378 tum
607 2337 627 2377 a
649 2313 768 2377 'Parcis
791 2322 861 2377 tum
886 2337 905 2376 a
930 2311 1107 2401 Cruciatis‚
1140 2318 1225 2381 iuter

97 2437 187 2501 quos
211 2411 512 2494 erantNormanni,
537 2411 645 2476 hostes
669 2414 820 2476 acerrimi
838 2409 1041 2476 Graecorum
1066 2416 1099 2478 in
1116 2413 1224 2480 Italia.

95 2511 276 2577 Interdum
300 2532 379 2574 sane
403 2509 505 2573 duces
529 2507 757 2573 Cruciatorum
783 2520 816 2573 et
840 2532 952 2575 eorum
976 2512 1110 2596 agmina
1125 2512 1224 2576 Grae-

96 2614 150 2674 cis
191 2607 356 2672 molestias
395 2618 608 2690 creaverunt,
652 2609 833 2672 universim
870 2616 983 2672 tamen
1019 2607 1223 2674 Graecorum

96 2707 390 2772 schismaticorum
423 2705 550 2770 infenso
583 2707 618 2769 in
641 2705 779 2770 Latinos
809 2707 920 2770 animo
949 2728 1128 2794 eorumque
1153 2731 1224 2794 per-

96 2805 205 2870 fidiae
227 2803 441 2868 tribuendum
465 2813 523 2886 est,
554 2803 642 2889 quod
673 2825 740 2868 non
768 2803 873 2867 solum
898 2802 1070 2870 Cruciatos
1092 2805 1224 2871 foedere

96 2905 194 2969 facto
210 2901 300 2966 haud
314 2903 394 2966 satis
412 2902 586 2987 juvarunt,
611 2901 668 2966 sed
685 2904 785 2966 etiam
801 2901 941 2967 insidias
957 2904 1005 2967 eis
1021 2913 1222 2970 struxerunt.

98 2999 249 3082 Quando
272 3021 350 3063 vero
374 3002 497 3086 passim
513 2999 732 3085 Imperatores
756 3022 831 3064 cum
856 3009 949 3086 parte
972 3000 1083 3088 aliqua
1100 3005 1223 3068 saniori

95 3099 248 3164 nationis
270 3097 313 3162 ad
337 3098 494 3161 unionem
509 3109 541 3161 et
556 3097 767 3163 concordiam
785 3119 861 3162 eum
877 3097 1006 3162 Latinis
1030 3099 1221 3183 tendebant,

95 3193 289 3284 praevaluit
311 3203 423 3259 tamen
445 3196 545 3260 factio
571 3196 791 3261 schismatica.
837 3195 921 3261 Inde
942 3199 1125 3282 persecutio
1143 3196 1223 3262 Oru-

95 3297 263 3359 ciatorum
289 3295 323 3358 in
346 3295 449 3357 variis
472 3294 676 3360 Graecorum
701 3294 904 3377 civitatibus,
930 3317 1014 3381 quae
1040 3297 1098 3359 vix
1116 3296 1222 3383 Impe-

94 3403 247 3458 ratorum
272 3391 457 3456 dominium
481 3393 716 3476 agnoscebant,
746 3402 779 3456 et
805 3395 987 3458 amicitiam
1013 3395 1122 3479 potius
1146 3417 1221 3460 cum

95 3491 276 3556 Saracenis
299 3510 400 3574 quam
424 3511 499 3553 cum
523 3490 653 3555 Latinis
678 3489 839 3556 colebant.

190 3587 243 3652 22.
290 3587 377 3651 Istae
409 3587 509 3671 igitur
538 3597 615 3652 sunt
644 3591 788 3653 rationes
823 3587 998 3675 quaedam,
1034 3588 1222 3674 exquibus

96 3689 180 3752 satis
202 3684 363 3772 explicari
387 3694 503 3771 potest,
537 3685 625 3750 unde
649 3688 839 3771 provenerit
869 3687 958 3772 quod
989 3685 1150 3750 bellorum
1174 3710 1221 3750 sa·

98 3806 231 3850 crorum
262 3783 354 3848 haud
383 3783 511 3848 felicior
534 3784 643 3848 finalis
674 3785 775 3849 fuerit
803 3788 923 3849 exitus.
970 3785 1129 3849 Attamen
1152 3805 1219 3848 nou

98 3885 320 3968 incongruum
345 3890 403 3963 est,
428 3881 491 3945 hac
514 3884 549 3945 in
572 3904 607 3946 re
632 3905 711 3968 prae
734 3881 838 3947 oeulis
862 3881 984 3946 habere
1009 3881 1097 3968 quod
1117 3883 1221 3946 variis

99 3977 331 4044 occasionibus
364 3979 428 4043 viri
460 3981 615 4064 insignes,
655 3981 702 4044 uti
733 4003 757 4046 s.
781 3978 973 4045 Bernardus
1006 3991 1038 4044 et
1060 3980 1220 4044 Innocen-

98 4079 167 4142 tius
188 4075 250 4160 111,
280 4077 521 4162 significavere.
567 4077 811 4143 Existimarunt
842 4077 1008 4160 videlieet,
1045 4077 1127 4141 illud
1151 4079 1220 4163 qni·

101 4175 177 4240 dem
210 4175 311 4240 fuisse
346 4173 519 4240 eonsilium
552 4176 616 4240 Dei
654 4186 692 4239 ut
727 4177 955 4240 Cruciatorum
992 4173 1220 4261 expeditiones

156 4291 293 4341 lungun,
307 4291 493 4332 Dissertatiouce.
509 4293 573 4332 Tem.
592 4293 617 4332 i'.
1077 4283 1095 4336 2
