2814 4840
258 519 263 530 ¹
312 459 366 516 448
510 461 638 515 XXVIII.
657 463 698 516 De
716 467 792 517 stetu
811 464 950 518 societatis
969 464 1061 518 christ.
1081 481 1149 519 saec.
1170 455 1249 518 XIII.

313 627 380 668 cnm
403 604 483 668 nihil
505 628 644 689 unquam
666 607 696 668 ei
718 630 832 672 causae
855 607 904 672 uel
920 605 1044 693 ¹nepotii
1067 607 1175 694 fucrit
1204 632 1271 672 cum
1294 611 1399 672 Horruit

314 703 462 787 Pontifice
486 703 535 766 oel
557 726 625 766 cum
653 701 752 768 Curia
775 707 932 770 Romana.
958 755 1016 771 ...
1042 707 1120 768 Non
1144 731 1164 769 a
1188 708 1326 769 Romana
1352 717 1399 794 tanc

317 799 414 866 Curia
431 801 714 887 proficiscebantur
737 803 922 867 electionum
946 803 1084 867 dissidia
1102 813 1131 866 et
1146 805 1348 888 intemperiae,
1366 797 1399 884 sci

314 925 334 964 a
358 901 511 964 laicorum
535 898 738 983 factionibus
768 899 975 978 tumultuosis,
1009 925 1048 964 ecc
1076 901 1188 986 quibus
1220 913 1347 965 camena
1365 903 1399 962 rit

313 999 425 1063 caedes
441 1021 559 1086 quoque
575 998 761 1084 quaudoque
777 1021 917 1084 erupere.
930 999 954 1080 ²)
993 999 1097 1080 Adde,
1113 1000 1238 1084 siquae
1251 998 1371 1083 fueraut
1382 999 1399 1072 rt

313 1099 352 1182 (s.
377 1094 565 1181 Ludovico)
588 1107 739 1181 repnente
764 1098 980 1160 Romanorum
1004 1097 1188 1180 Pontificum
1220 1097 1256 1160 in
1280 1094 1399 1176 ccclesias]

317 1193 521 1260 Gallicanam
558 1195 748 1274 caeactiones,
787 1215 855 1256 eam
888 1197 1058 1279 pecuniam
1095 1197 1217 1260 venisse
1255 1195 1292 1258 in
1325 1181 1399 1284 maur(

314 1295 507 1357 sanctissimi
528 1293 611 1376 repis
634 1292 678 1354 ad
701 1314 811 1355 sanas
843 1297 911 1380 ejus
941 1295 1168 1378 cupeditiones,
1201 1305 1235 1356 ut
1259 1289 1365 1379 procul

314 1415 335 1454 a
357 1392 424 1454 ocri
447 1391 541 1453 etiam
563 1391 674 1475 specie,
698 1391 807 1476 iniquo
831 1391 922 1454 illum
946 1393 1050 1454 animo
1076 1414 1129 1454 eas
1154 1391 1276 1456 tulisse.
1311 1389 1380 1462 Quin

307 1491 446 1576 propius
476 1512 496 1551 a
527 1511 598 1550 vcro
633 1487 729 1566 abest,
761 1485 951 1552 sollicitatos
974 1511 1039 1552 non
1062 1487 1157 1552 semel
1188 1513 1208 1552 a
1232 1513 1256 1552 s.
1285 1489 1393 1552 Ludos-i

305 1587 412 1674 fecisse
428 1585 602 1669 Pontifices,
627 1597 661 1648 ut
684 1585 720 1648 id
741 1609 839 1672 penus
862 1587 1078 1678 erectionibus
1096 1589 1393 1664 assentientium

314 1696 344 1748 et
366 1686 401 1748 in
419 1683 597 1767 Pontificem
621 1694 693 1746 tunc
717 1695 747 1746 et
769 1685 804 1746 in
827 1705 928 1770 repens
953 1696 1018 1748 tam
1033 1684 1143 1748 crebra
1161 1683 1247 1749 Cleri
1271 1708 1392 1748 murmur

313 1781 442 1846 Addam
465 1793 504 1860 et,
537 1781 620 1867 qaod
642 1779 733 1844 labet
760 1779 947 1846 Chronicum
969 1794 1057 1846 vetus
1082 1783 1256 1846 Neustriae
1284 1809 1304 1847 a
1325 1791 1399 1874 sarid

312 1882 381 1944 oiro
397 1881 575 1946 Duclreenio
593 1878 802 1965 publicatum,
828 1904 896 1942 cum
911 1903 995 1944 anno
1013 1884 1101 1946 1254
1115 1882 1302 1967 jlapitasset
1324 1882 1357 1945 B.
1373 1881 1399 1978 ll

314 1983 443 2046 doricus
466 2003 487 2042 a
510 1980 603 2064 Papa
626 2000 740 2042 nocam
763 1979 916 2042 decimam
943 1981 978 2041 in
1005 1977 1131 2044 Clarum
1162 1979 1205 2042 ad
1237 2003 1358 2044 sacram
1379 1979 1399 2074 nl

314 2078 427 2158 litium,
446 2087 673 2164 procuratores
688 2073 888 2140 ecclesiarum
906 2075 1036 2142 Galliae
1052 2077 1286 2142 cathedralium
1300 2079 1399 2142 Lario*

314 2186 586 2262 conprcpatosffi
552 2173 730 2256 Pontificem
748 2197 811 2261 per
825 2173 952 2238 litteras
976 2177 1137 2238 certiorem
1151 2175 1286 2260 fecisse,
1309 2199 1378 2260 qun

314 2276 478 2360 enpust-ias
502 2273 670 2336 detrusa
656 2281 734 2334 esset
759 2272 889 2336 ccclesia
916 2272 1091 2338 Gallicana
1120 2274 1169 2336 liis
1193 2274 1334 2342 decimis,
1363 2273 1399 2370 cili

313 2374 451 2450 dammis,
476 2372 660 2446 centesimis,
686 2371 821 2456 aliisque
846 2370 1036 2434 oneribus..
1063 2369 1178 2435 ..Ab
1203 2395 1267 2435 uuo
1294 2277 1399 2440 Pontii

313 2493 398 2555 spem
423 2468 486 2532 sibi
509 2467 590 2554 affscl
589 2491 660 2554 pere
685 2468 826 2554 aliquam
843 2470 1007 2553 pristinae
1032 2420 1199 2546 lilertatis
1226 2384 1399 2627 testificanii

319 2567 554 2652 Occnplsratnsl
538 2567 663 2652 ontifeec
680 2565 832 2652 precibus
857 2578 886 2630 et
910 2566 1026 2653 epistol
1026 2568 1056 2630 is
1079 2567 1170 2652 repis,
1196 2567 1313 2630 duritie
1336 2566 1399 2668 lali

310 2674 534 2750 procuratores
550 2661 680 2748 Capitol
681 2687 778 2744 orum,
804 2665 1000 2750 decimasque
1015 2665 1167 2728 concessit
1183 2665 1227 2728 ad
1242 2675 1307 2728 tres
1332 2689 1387 2727 anu

313 2761 462 2846 previbus
479 2762 621 2850 poenis
618 2763 869 2826 incontumaces
894 2765 1080 2827 saeviturus.
1133 2761 1194 2826 Uti
1225 2787 1280 2826 res
1303 2765 1349 2826 ita
1372 2577 1399 2854 “i

305 2861 456 2944 firmatae
493 2871 595 2936 crant,
635 2859 721 2924 locus
757 2860 845 2924 laud
873 2883 949 2924 sane
983 2873 1052 2924 erat
1074 2861 1301 2947 Prapmaticae
1339 2861 1399 2952 istit

313 2958 407 3024 modi
415 2957 440 3042 ²)
1398 2997 1399 3048 p

207 3070 210 3078 ·
254 3070 258 3078 ·
406 3057 457 3120 76.
506 3055 758 3120 Contenderunt
789 3055 1007 3120 nihilominus
1037 3055 1083 3120 illi
1112 3065 1276 3139 suctores,
1310 3059 1364 3142 qai

314 3155 513 3217 nuinitstem
538 3153 721 3218 Sanctiom's
744 3153 917 3217 vindicare
941 3155 1005 3217 nisi
1031 3163 1117 3234 sunt,
1141 3155 1190 3217 uti
1214 3153 1348 3218 Natalis
1370 3153 1395 3216 Α

315 3251 444 3316 xsnder
467 3251 590 3337 aliique
615 3250 791 3334 Gallicani,
817 3263 849 3316 et
872 3255 996 3316 recenti
1020 3261 1168 3338 tempore
1191 3252 1399 3348 Beugnot³)p

316 3349 481 3433 soldan‚⁴·)
512 3350 738 3435 respublicae
762 3360 794 3414 ct
818 3349 1057 3414 ecclesiasticae
1087 3371 1204 3414 revers
1235 3351 1273 3415 in
1307 3374 1348 3415 es
1370 3353 1399 3434 cq'

317 3447 441 3512 ditione
465 3448 577 3532 fuisse,
609 3460 645 3511 ut
668 3459 852 3533 temporum
877 3447 1044 3532 adjunctis
1067 3448 1272 3532 Prapmatiea
1311 3449 1399 3538 illas

316 3547 422 3631 prime
446 3548 633 3610 conveniat.
681 3545 792 3632 Atque
817 3548 918 3610 etism
942 3544 1074 3626 violat,
1099 3547 1256 3631 quemvis
1283 3547 1327 3611 ob
1351 3563 1399 3636 arg

317 3653 428 3708 mente
467 3645 617 3728 superius
652 3643 750 3708 allata
789 3643 885 3708 cedat
924 3646 957 3706 in
992 3645 1200 3725 sententiam,
1241 3639 1399 3722 Sanctiou]

393 3855 992 3922 immurmumamae

390 3937 499 4002 ²)1bid.
519 3937 549 3992 P.
569 3937 620 3990 111.
641 3937 671 3991 L.
692 3939 715 3990 l.
734 3953 756 3990 c.
774 3937 819 3993 43.
838 3953 864 3990 n.
885 3939 927 3989 17.
948 3965 982 3976 -
1003 3933 1057 3989 Cir.
1077 3933 1119 3988 his
1139 3933 1223 3988 Gerin
1242 3933 1260 3990 1.
1281 3951 1297 3988 c
1328 3929 1399 3992 Clu]

318 4020 346 4069 et
364 4015 414 4166 V..)
433 4095 512 4149 Esssi
531 4111 578 4148 eur
596 4097 633 4150 les
653 4095 824 4151 institutione
843 4096 915 4152 des.
936 4095 1025 4149 Louis.
1046 4093 1124 4152 Paris
1145 4093 1221 4156 1821,
1240 4110 1265 4161 μ
1286 4097 1399 4164 4223ψ1

391 4177 413 4242 ⁴)
433 4176 521 4230 Ueber
546 4177 589 4230 die
608 4192 711 4244 pregm.
732 4176 860 4231 sanction
880 4174 997 4243 Ludwig
1016 4174 1062 4227 des
1082 4173 1219 4241 Heitigen,
1246 4173 1399 4248 Zeitschrs

318 4257 361 4312 ilie
379 4257 473 4311 histor.
493 4256 583 4310 Theoi.
606 4257 681 4312 1856.
702 4257 755 4311 111.
