<?xml version="1.0" encoding="UTF-8"?>
<!DOCTYPE html PUBLIC "-//W3C//DTD XHTML 1.0 Transitional//EN"
    "http://www.w3.org/TR/xhtml1/DTD/xhtml1-transitional.dtd">
<html xmlns="http://www.w3.org/1999/xhtml" xml:lang="en" lang="en">
 <head>
  <title>
</title>
<meta http-equiv="Content-Type" content="text/html;charset=utf-8" />
  <meta name='ocr-system' content='tesseract 3.04.00' />
  <meta name='ocr-capabilities' content='ocr_page ocr_carea ocr_par ocr_line ocrx_word'/>
</head>
<body>
  <div class='ocr_page' id='page_1' title='image "./dissertationess00junggoog_0696.png"; bbox 0 0 2850 4834; ppageno 0'>
   <div class='ocr_carea' id='block_1_1' title="bbox 460 467 1138 524">
    <p class='ocr_par' dir='ltr' id='par_1_1' title="bbox 460 467 1138 524">
     <span class='ocr_line' id='line_1_1' title="bbox 460 467 1138 524; baseline 0.001 -2"><span class='ocrx_word' id='word_1_1' title='bbox 460 469 579 522; x_wconf 89' lang='lat' dir='ltr'><strong>Joannes</strong></span> <span class='ocrx_word' id='word_1_2' title='bbox 598 468 688 522; x_wconf 82' lang='lat' dir='ltr'><strong>xxtt.</strong></span> <span class='ocrx_word' id='word_1_3' title='bbox 1086 467 1138 524; x_wconf 78' lang='lat'><strong>163</strong></span> 
     </span>
    </p>
   </div>
   <div class='ocr_carea' id='block_1_2' title="bbox 21 609 1289 993">
    <p class='ocr_par' dir='ltr' id='par_1_2' title="bbox 21 609 1289 993">
     <span class='ocr_line' id='line_1_2' title="bbox 25 609 1287 716; baseline -0.001 -40"><span class='ocrx_word' id='word_1_4' title='bbox 25 623 142 676; x_wconf 75' lang='lat' dir='ltr'><strong>mactas</strong></span> <span class='ocrx_word' id='word_1_5' title='bbox 149 611 416 677; x_wconf 80' lang='lat' dir='ltr'><strong>macordctusest.</strong></span> <span class='ocrx_word' id='word_1_6' title='bbox 434 611 713 697; x_wconf 77' lang='lat' dir='ltr'><strong>Eidemopinioni</strong></span> <span class='ocrx_word' id='word_1_7' title='bbox 722 611 845 677; x_wconf 87' lang='lat' dir='ltr'><strong>favisse</strong></span> <span class='ocrx_word' id='word_1_8' title='bbox 853 610 876 677; x_wconf 89' lang='lat' dir='ltr'><strong>J</strong></span> <span class='ocrx_word' id='word_1_9' title='bbox 877 609 1133 676; x_wconf 87' lang='lat' dir='ltr'><strong>oannemXXll</strong></span> <span class='ocrx_word' id='word_1_10' title='bbox 1172 613 1287 716; x_wconf 46' lang='lat' dir='ltr'><strong>affin</strong></span> 
     </span>
     <span class='ocr_line' id='line_1_3' title="bbox 25 708 1289 796; baseline -0.001 -23"><span class='ocrx_word' id='word_1_11' title='bbox 25 711 137 794; x_wconf 91' lang='lat' dir='ltr'><strong>conjici</strong></span> <span class='ocrx_word' id='word_1_12' title='bbox 158 719 265 796; x_wconf 87' lang='lat' dir='ltr'><strong>potest</strong></span> <span class='ocrx_word' id='word_1_13' title='bbox 287 731 330 773; x_wconf 85' lang='lat' dir='ltr'><strong>ex</strong></span> <span class='ocrx_word' id='word_1_14' title='bbox 353 730 402 792; x_wconf 94' lang='lat' dir='ltr'><strong>eo,</strong></span> <span class='ocrx_word' id='word_1_15' title='bbox 427 709 516 796; x_wconf 93' lang='lat' dir='ltr'><strong>quod</strong></span> <span class='ocrx_word' id='word_1_16' title='bbox 540 711 575 774; x_wconf 93' lang='lat' dir='ltr'><strong>in</strong></span> <span class='ocrx_word' id='word_1_17' title='bbox 599 732 659 774; x_wconf 90' lang='lat' dir='ltr'><strong>sua</strong></span> <span class='ocrx_word' id='word_1_18' title='bbox 682 709 760 774; x_wconf 88' lang='lat' dir='ltr'><strong>fidei</strong></span> <span class='ocrx_word' id='word_1_19' title='bbox 785 709 1008 774; x_wconf 73' lang='lat' dir='ltr'>declaratione</span> <span class='ocrx_word' id='word_1_20' title='bbox 1032 708 1136 774; x_wconf 86' lang='lat' dir='ltr'><strong>dicit:</strong></span> <span class='ocrx_word' id='word_1_21' title='bbox 1165 739 1289 780; x_wconf 58' lang='lat' dir='ltr'><strong>mm,</strong></span> 
     </span>
     <span class='ocr_line' id='line_1_4' title="bbox 33 807 1137 894; baseline 0.002 -24"><span class='ocrx_word' id='word_1_22' title='bbox 33 808 136 872; x_wconf 76' lang='lat' dir='ltr'><strong>Videat</strong></span> <span class='ocrx_word' id='word_1_23' title='bbox 163 808 266 872; x_wconf 80' lang='lat' dir='ltr'><strong>Deum</strong></span> <span class='ocrx_word' id='word_1_24' title='bbox 295 830 333 870; x_wconf 85' lang='lat' dir='ltr'><strong>ac</strong></span> <span class='ocrx_word' id='word_1_25' title='bbox 363 807 506 872; x_wconf 79' lang='lat' dir='ltr'><strong>divinam</strong></span> <span class='ocrx_word' id='word_1_26' title='bbox 536 809 704 872; x_wconf 73' lang='lat' dir='ltr'><strong><em>essentiam</em></strong></span> <span class='ocrx_word' id='word_1_27' title='bbox 725 807 819 893; x_wconf 83' lang='lat' dir='ltr'><strong>facie</strong></span> <span class='ocrx_word' id='word_1_28' title='bbox 852 808 896 872; x_wconf 86' lang='lat' dir='ltr'><strong>ad</strong></span> <span class='ocrx_word' id='word_1_29' title='bbox 919 808 1062 894; x_wconf 80' lang='lat' dir='ltr'><strong>faciem,</strong></span> <span class='ocrx_word' id='word_1_30' title='bbox 1101 809 1137 872; x_wconf 83' lang='lat' dir='ltr'><strong>ia</strong></span> 
     </span>
     <span class='ocr_line' id='line_1_5' title="bbox 21 905 1138 993; baseline 0.001 -24"><span class='ocrx_word' id='word_1_31' title='bbox 21 916 163 990; x_wconf 65' lang='lat' dir='ltr'><strong>mantum</strong></span> <span class='ocrx_word' id='word_1_32' title='bbox 187 915 295 970; x_wconf 83' lang='lat' dir='ltr'><strong>status</strong></span> <span class='ocrx_word' id='word_1_33' title='bbox 327 915 357 970; x_wconf 87' lang='lat' dir='ltr'><strong>et</strong></span> <span class='ocrx_word' id='word_1_34' title='bbox 388 905 529 970; x_wconf 81' lang='lat' dir='ltr'><strong>conditio</strong></span> <span class='ocrx_word' id='word_1_35' title='bbox 556 908 687 992; x_wconf 77' lang='lat' dir='ltr'><strong>patitur</strong></span> <span class='ocrx_word' id='word_1_36' title='bbox 718 907 845 970; x_wconf 80' lang='lat' dir='ltr'><strong>animae</strong></span> <span class='ocrx_word' id='word_1_37' title='bbox 877 917 1056 993; x_wconf 82' lang='lat' dir='ltr'><strong>separatae.</strong></span> <span class='ocrx_word' id='word_1_38' title='bbox 1093 943 1138 955; x_wconf 93' lang='lat'><em>-</em></span> 
     </span>
    </p>
   </div>
   <div class='ocr_carea' id='block_1_3' title="bbox 25 1001 1140 1090">
    <p class='ocr_par' dir='ltr' id='par_1_3' title="bbox 25 1001 1140 1090">
     <span class='ocr_line' id='line_1_6' title="bbox 25 1001 1140 1090; baseline 0.003 -25"><span class='ocrx_word' id='word_1_39' title='bbox 25 1001 189 1067; x_wconf 88' lang='lat' dir='ltr'><strong>Praeterea</strong></span> <span class='ocrx_word' id='word_1_40' title='bbox 219 1002 389 1081; x_wconf 77' lang='lat' dir='ltr'><strong>Pontifex,</strong></span> <span class='ocrx_word' id='word_1_41' title='bbox 425 1024 528 1089; x_wconf 89' lang='lat' dir='ltr'><strong>quum</strong></span> <span class='ocrx_word' id='word_1_42' title='bbox 564 1005 712 1090; x_wconf 78' lang='lat' dir='ltr'><strong>quaestio</strong></span> <span class='ocrx_word' id='word_1_43' title='bbox 746 1002 788 1067; x_wconf 94' lang='lat' dir='ltr'><strong>de</strong></span> <span class='ocrx_word' id='word_1_44' title='bbox 822 1005 950 1069; x_wconf 76' lang='lat' dir='ltr'>visione</span> <span class='ocrx_word' id='word_1_45' title='bbox 983 1003 1140 1069; x_wconf 88' lang='lat' dir='ltr'><strong>beatifica</strong></span> 
     </span>
    </p>
   </div>
   <div class='ocr_carea' id='block_1_4' title="bbox 13 1099 1197 2562">
    <p class='ocr_par' dir='ltr' id='par_1_4' title="bbox 13 1099 1197 2562">
     <span class='ocr_line' id='line_1_7' title="bbox 24 1099 1139 1187; baseline 0.003 -23"><span class='ocrx_word' id='word_1_46' title='bbox 24 1099 162 1166; x_wconf 88' lang='lat' dir='ltr'><strong>nondum</strong></span> <span class='ocrx_word' id='word_1_47' title='bbox 194 1123 253 1187; x_wconf 89' lang='lat' dir='ltr'><strong>per</strong></span> <span class='ocrx_word' id='word_1_48' title='bbox 285 1101 465 1166; x_wconf 90' lang='lat' dir='ltr'><strong>solemnem</strong></span> <span class='ocrx_word' id='word_1_49' title='bbox 496 1101 643 1187; x_wconf 87' lang='lat' dir='ltr'><strong>aliquam</strong></span> <span class='ocrx_word' id='word_1_50' title='bbox 674 1101 845 1166; x_wconf 82' lang='lat' dir='ltr'><strong>Ecclesiae</strong></span> <span class='ocrx_word' id='word_1_51' title='bbox 880 1101 1139 1167; x_wconf 80' lang='lat' dir='ltr'><strong>declarationem</strong></span> 
     </span>
     <span class='ocr_line' id='line_1_8' title="bbox 21 1198 1140 1286; baseline 0.002 -24"><span class='ocrx_word' id='word_1_52' title='bbox 21 1199 153 1264; x_wconf 86' lang='lat' dir='ltr'><strong>definita</strong></span> <span class='ocrx_word' id='word_1_53' title='bbox 174 1209 269 1278; x_wconf 87' lang='lat' dir='ltr'><strong>esset,</strong></span> <span class='ocrx_word' id='word_1_54' title='bbox 303 1198 514 1285; x_wconf 89' lang='lat' dir='ltr'><strong>permittebat</strong></span> <span class='ocrx_word' id='word_1_55' title='bbox 543 1199 716 1284; x_wconf 84' lang='lat' dir='ltr'><strong>theologie,</strong></span> <span class='ocrx_word' id='word_1_56' title='bbox 749 1201 805 1286; x_wconf 93' lang='lat' dir='ltr'><strong>qui</strong></span> <span class='ocrx_word' id='word_1_57' title='bbox 831 1199 955 1264; x_wconf 86' lang='lat' dir='ltr'><strong>differri</strong></span> <span class='ocrx_word' id='word_1_58' title='bbox 980 1199 1069 1265; x_wconf 90' lang='lat' dir='ltr'><strong>hanc</strong></span> <span class='ocrx_word' id='word_1_59' title='bbox 1093 1203 1140 1264; x_wconf 90' lang='lat' dir='ltr'><strong>vi-</strong></span> 
     </span>
     <span class='ocr_line' id='line_1_9' title="bbox 20 1297 1179 1383; baseline 0.002 -23"><span class='ocrx_word' id='word_1_60' title='bbox 20 1298 141 1361; x_wconf 87' lang='lat' dir='ltr'><strong>sionem</strong></span> <span class='ocrx_word' id='word_1_61' title='bbox 164 1297 355 1378; x_wconf 82' lang='lat' dir='ltr'><strong>censebant,</strong></span> <span class='ocrx_word' id='word_1_62' title='bbox 379 1318 474 1362; x_wconf 86' lang='lat' dir='ltr'><strong>suam</strong></span> <span class='ocrx_word' id='word_1_63' title='bbox 490 1297 681 1382; x_wconf 87' lang='lat' dir='ltr'><strong>opinionem</strong></span> <span class='ocrx_word' id='word_1_64' title='bbox 697 1318 881 1382; x_wconf 80' lang='lat' dir='ltr'><strong>proponere</strong></span> <span class='ocrx_word' id='word_1_65' title='bbox 893 1307 926 1362; x_wconf 93' lang='lat' dir='ltr'><strong>et</strong></span> <span class='ocrx_word' id='word_1_66' title='bbox 941 1308 1138 1383; x_wconf 85' lang='lat' dir='ltr'><strong>argumenta</strong></span> <span class='ocrx_word' id='word_1_67' title='bbox 1176 1325 1179 1332; x_wconf 51' lang='lat'><strong>⁴</strong></span> 
     </span>
     <span class='ocr_line' id='line_1_10' title="bbox 20 1395 1139 1481; baseline 0.003 -23"><span class='ocrx_word' id='word_1_68' title='bbox 20 1395 170 1478; x_wconf 89' lang='lat' dir='ltr'><strong>proferre.</strong></span> <span class='ocrx_word' id='word_1_69' title='bbox 216 1396 289 1459; x_wconf 94' lang='lat' dir='ltr'><strong>Imo</strong></span> <span class='ocrx_word' id='word_1_70' title='bbox 324 1406 357 1459; x_wconf 95' lang='lat' dir='ltr'><strong>et</strong></span> <span class='ocrx_word' id='word_1_71' title='bbox 391 1397 461 1480; x_wconf 91' lang='lat' dir='ltr'><strong>ipse</strong></span> <span class='ocrx_word' id='word_1_72' title='bbox 495 1397 589 1459; x_wconf 88' lang='lat' dir='ltr'><strong>varia</strong></span> <span class='ocrx_word' id='word_1_73' title='bbox 623 1405 830 1478; x_wconf 88' lang='lat' dir='ltr'><strong>argumenta,</strong></span> <span class='ocrx_word' id='word_1_74' title='bbox 870 1405 907 1460; x_wconf 90' lang='lat' dir='ltr'><strong>ut</strong></span> <span class='ocrx_word' id='word_1_75' title='bbox 943 1419 996 1460; x_wconf 89' lang='lat' dir='ltr'><strong>res</strong></span> <span class='ocrx_word' id='word_1_76' title='bbox 1032 1398 1139 1481; x_wconf 86' lang='lat' dir='ltr'><strong>magis</strong></span> 
     </span>
     <span class='ocr_line' id='line_1_11' title="bbox 19 1493 1138 1580; baseline 0.004 -26"><span class='ocrx_word' id='word_1_77' title='bbox 19 1495 183 1580; x_wconf 84' lang='lat' dir='ltr'><strong>magisque</strong></span> <span class='ocrx_word' id='word_1_78' title='bbox 207 1493 410 1574; x_wconf 82' lang='lat' dir='ltr'><strong>claresceret,</strong></span> <span class='ocrx_word' id='word_1_79' title='bbox 436 1494 471 1558; x_wconf 92' lang='lat' dir='ltr'><strong>in</strong></span> <span class='ocrx_word' id='word_1_80' title='bbox 497 1503 669 1578; x_wconf 89' lang='lat' dir='ltr'><strong>utramque</strong></span> <span class='ocrx_word' id='word_1_81' title='bbox 695 1505 821 1578; x_wconf 89' lang='lat' dir='ltr'><strong>partem</strong></span> <span class='ocrx_word' id='word_1_82' title='bbox 846 1493 996 1578; x_wconf 85' lang='lat' dir='ltr'><strong>collegit3</strong></span> <span class='ocrx_word' id='word_1_83' title='bbox 1021 1496 1056 1559; x_wconf 93' lang='lat' dir='ltr'><strong>in</strong></span> <span class='ocrx_word' id='word_1_84' title='bbox 1073 1517 1138 1558; x_wconf 89' lang='lat' dir='ltr'><strong>ser·</strong></span> 
     </span>
     <span class='ocr_line' id='line_1_12' title="bbox 20 1589 1136 1676; baseline 0.004 -24"><span class='ocrx_word' id='word_1_85' title='bbox 20 1591 167 1656; x_wconf 90' lang='lat' dir='ltr'><strong>monibus</strong></span> <span class='ocrx_word' id='word_1_86' title='bbox 183 1613 263 1656; x_wconf 90' lang='lat' dir='ltr'><strong>vero</strong></span> <span class='ocrx_word' id='word_1_87' title='bbox 286 1590 456 1655; x_wconf 90' lang='lat' dir='ltr'><strong>recitando</strong></span> <span class='ocrx_word' id='word_1_88' title='bbox 482 1613 521 1655; x_wconf 89' lang='lat' dir='ltr'><strong>ea</strong></span> <span class='ocrx_word' id='word_1_89' title='bbox 543 1589 663 1673; x_wconf 82' lang='lat' dir='ltr'><strong>attulit,</strong></span> <span class='ocrx_word' id='word_1_90' title='bbox 688 1613 728 1655; x_wconf 91' lang='lat' dir='ltr'><strong>ac</strong></span> <span class='ocrx_word' id='word_1_91' title='bbox 752 1593 930 1676; x_wconf 85' lang='lat' dir='ltr'><strong>praecipue</strong></span> <span class='ocrx_word' id='word_1_92' title='bbox 954 1595 1136 1657; x_wconf 89' lang='lat' dir='ltr'><strong>sententias</strong></span> 
     </span>
     <span class='ocr_line' id='line_1_13' title="bbox 19 1688 1138 1754; baseline 0.003 -3"><span class='ocrx_word' id='word_1_93' title='bbox 19 1688 150 1753; x_wconf 82' lang='lat' dir='ltr'><strong>Petrum</strong></span> <span class='ocrx_word' id='word_1_94' title='bbox 180 1689 222 1754; x_wconf 89' lang='lat' dir='ltr'><strong>de</strong></span> <span class='ocrx_word' id='word_1_95' title='bbox 255 1699 343 1753; x_wconf 92' lang='lat' dir='ltr'><strong>statu</strong></span> <span class='ocrx_word' id='word_1_96' title='bbox 373 1690 570 1753; x_wconf 89' lang='lat' dir='ltr'><strong>animarum.</strong></span> <span class='ocrx_word' id='word_1_97' title='bbox 619 1690 711 1753; x_wconf 89' lang='lat' dir='ltr'><strong>luter</strong></span> <span class='ocrx_word' id='word_1_98' title='bbox 732 1688 793 1754; x_wconf 89' lang='lat' dir='ltr'><strong>has</strong></span> <span class='ocrx_word' id='word_1_99' title='bbox 817 1691 998 1754; x_wconf 90' lang='lat' dir='ltr'><strong>sententias</strong></span> <span class='ocrx_word' id='word_1_100' title='bbox 1021 1693 1138 1754; x_wconf 90' lang='lat' dir='ltr'><strong>variae</strong></span> 
     </span>
     <span class='ocr_line' id='line_1_14' title="bbox 16 1786 1146 1874; baseline 0.004 -26"><span class='ocrx_word' id='word_1_101' title='bbox 16 1798 97 1868; x_wconf 84' lang='lat' dir='ltr'><strong>eunt,</strong></span> <span class='ocrx_word' id='word_1_102' title='bbox 131 1809 217 1874; x_wconf 89' lang='lat' dir='ltr'><strong>qnae</strong></span> <span class='ocrx_word' id='word_1_103' title='bbox 247 1786 399 1852; x_wconf 89' lang='lat' dir='ltr'><strong>dilationi</strong></span> <span class='ocrx_word' id='word_1_104' title='bbox 434 1788 573 1851; x_wconf 85' lang='lat' dir='ltr'><strong>visionis</strong></span> <span class='ocrx_word' id='word_1_105' title='bbox 605 1786 779 1851; x_wconf 88' lang='lat' dir='ltr'><strong>beatificae</strong></span> <span class='ocrx_word' id='word_1_106' title='bbox 802 1789 909 1873; x_wconf 91' lang='lat' dir='ltr'><strong>primo</strong></span> <span class='ocrx_word' id='word_1_107' title='bbox 933 1799 1071 1873; x_wconf 88' lang='lat' dir='ltr'><strong>aspectu</strong></span> <span class='ocrx_word' id='word_1_108' title='bbox 1095 1789 1146 1854; x_wconf 82' lang='lat' dir='ltr'><strong>ia-</strong></span> 
     </span>
     <span class='ocr_line' id='line_1_15' title="bbox 20 1884 1142 1971; baseline 0.004 -26"><span class='ocrx_word' id='word_1_109' title='bbox 20 1905 89 1948; x_wconf 80' lang='lat' dir='ltr'><strong>rere</strong></span> <span class='ocrx_word' id='word_1_110' title='bbox 126 1884 297 1965; x_wconf 89' lang='lat' dir='ltr'><strong>videntur,</strong></span> <span class='ocrx_word' id='word_1_111' title='bbox 338 1886 493 1970; x_wconf 90' lang='lat' dir='ltr'><strong>quamvis</strong></span> <span class='ocrx_word' id='word_1_112' title='bbox 529 1887 645 1948; x_wconf 88' lang='lat' dir='ltr'><strong>merito</strong></span> <span class='ocrx_word' id='word_1_113' title='bbox 679 1885 743 1949; x_wconf 91' lang='lat' dir='ltr'><strong>alio</strong></span> <span class='ocrx_word' id='word_1_114' title='bbox 779 1907 877 1950; x_wconf 89' lang='lat' dir='ltr'><strong>sensu</strong></span> <span class='ocrx_word' id='word_1_115' title='bbox 913 1898 1142 1971; x_wconf 75' lang='lat' dir='ltr'><strong>exponantur,</strong></span> 
     </span>
     <span class='ocr_line' id='line_1_16' title="bbox 18 1981 1142 2069; baseline 0.003 -22"><span class='ocrx_word' id='word_1_116' title='bbox 18 1985 193 2066; x_wconf 88' lang='lat' dir='ltr'><strong>praecipue</strong></span> <span class='ocrx_word' id='word_1_117' title='bbox 216 1982 307 2068; x_wconf 89' lang='lat' dir='ltr'><strong>apud</strong></span> <span class='ocrx_word' id='word_1_118' title='bbox 331 2005 356 2047; x_wconf 93' lang='lat' dir='ltr'><strong>s.</strong></span> <span class='ocrx_word' id='word_1_119' title='bbox 381 1981 590 2047; x_wconf 89' lang='lat' dir='ltr'><strong>Bernardum</strong></span> <span class='ocrx_word' id='word_1_120' title='bbox 614 1982 726 2069; x_wconf 90' lang='lat' dir='ltr'><strong>aliqua</strong></span> <span class='ocrx_word' id='word_1_121' title='bbox 750 1983 942 2049; x_wconf 87' lang='lat' dir='ltr'><strong>obscuriore</strong></span> <span class='ocrx_word' id='word_1_122' title='bbox 965 1985 1142 2050; x_wconf 89' lang='lat' dir='ltr'><strong>inveniun-</strong></span> 
     </span>
     <span class='ocr_line' id='line_1_17' title="bbox 16 2079 1197 2167; baseline 0.003 -25"><span class='ocrx_word' id='word_1_123' title='bbox 16 2091 72 2146; x_wconf 91' lang='lat' dir='ltr'><strong>tur.</strong></span> <span class='ocrx_word' id='word_1_124' title='bbox 123 2081 177 2146; x_wconf 78' lang='lat' dir='ltr'><strong>Ex</strong></span> <span class='ocrx_word' id='word_1_125' title='bbox 207 2081 259 2145; x_wconf 90' lang='lat' dir='ltr'><strong>his</strong></span> <span class='ocrx_word' id='word_1_126' title='bbox 288 2081 390 2166; x_wconf 89' lang='lat' dir='ltr'><strong>igitur</strong></span> <span class='ocrx_word' id='word_1_127' title='bbox 422 2079 622 2165; x_wconf 85' lang='lat' dir='ltr'><strong>explicatur,</strong></span> <span class='ocrx_word' id='word_1_128' title='bbox 657 2081 822 2167; x_wconf 89' lang='lat' dir='ltr'><strong>quomodo</strong></span> <span class='ocrx_word' id='word_1_129' title='bbox 851 2081 978 2146; x_wconf 84' lang='lat' dir='ltr'><strong>iactum</strong></span> <span class='ocrx_word' id='word_1_130' title='bbox 1010 2084 1068 2162; x_wconf 88' lang='lat' dir='ltr'><strong>sit,</strong></span> <span class='ocrx_word' id='word_1_131' title='bbox 1106 2092 1143 2146; x_wconf 92' lang='lat' dir='ltr'><strong>ut</strong></span> <span class='ocrx_word' id='word_1_132' title='bbox 1196 2133 1197 2138; x_wconf 32' lang='lat'>1</span> 
     </span>
     <span class='ocr_line' id='line_1_18' title="bbox 14 2177 1140 2265; baseline 0.004 -23"><span class='ocrx_word' id='word_1_133' title='bbox 14 2178 177 2256; x_wconf 80' lang='lat' dir='ltr'><strong>loannes,</strong></span> <span class='ocrx_word' id='word_1_134' title='bbox 218 2181 274 2265; x_wconf 93' lang='lat' dir='ltr'><strong>qui</strong></span> <span class='ocrx_word' id='word_1_135' title='bbox 312 2177 527 2243; x_wconf 84' lang='lat' dir='ltr'><strong>existimabat</strong></span> <span class='ocrx_word' id='word_1_136' title='bbox 566 2181 637 2264; x_wconf 90' lang='lat' dir='ltr'><strong>ipse</strong></span> <span class='ocrx_word' id='word_1_137' title='bbox 668 2181 831 2245; x_wconf 88' lang='lat' dir='ltr'><strong>visionem</strong></span> <span class='ocrx_word' id='word_1_138' title='bbox 876 2182 1039 2244; x_wconf 89' lang='lat' dir='ltr'><strong>essentiae</strong></span> <span class='ocrx_word' id='word_1_139' title='bbox 1075 2181 1140 2246; x_wconf 89' lang='lat' dir='ltr'><strong>Dei</strong></span> 
     </span>
     <span class='ocr_line' id='line_1_19' title="bbox 15 2277 1141 2363; baseline 0.004 -24"><span class='ocrx_word' id='word_1_140' title='bbox 15 2299 75 2341; x_wconf 91' lang='lat' dir='ltr'><strong>nou</strong></span> <span class='ocrx_word' id='word_1_141' title='bbox 109 2277 250 2360; x_wconf 88' lang='lat' dir='ltr'><strong>differri,</strong></span> <span class='ocrx_word' id='word_1_142' title='bbox 286 2277 345 2342; x_wconf 91' lang='lat' dir='ltr'><strong>sed</strong></span> <span class='ocrx_word' id='word_1_143' title='bbox 377 2277 577 2363; x_wconf 77' lang='lat' dir='ltr'><strong>opinabatur</strong></span> <span class='ocrx_word' id='word_1_144' title='bbox 606 2278 690 2342; x_wconf 90' lang='lat' dir='ltr'><strong>forte</strong></span> <span class='ocrx_word' id='word_1_145' title='bbox 720 2301 794 2344; x_wconf 87' lang='lat' dir='ltr'><strong>eam</strong></span> <span class='ocrx_word' id='word_1_146' title='bbox 825 2280 1038 2344; x_wconf 88' lang='lat' dir='ltr'><strong>intensiorem</strong></span> <span class='ocrx_word' id='word_1_147' title='bbox 1070 2278 1141 2344; x_wconf 85' lang='lat' dir='ltr'><strong>fore</strong></span> 
     </span>
     <span class='ocr_line' id='line_1_20' title="bbox 15 2374 1139 2461; baseline 0.005 -23"><span class='ocrx_word' id='word_1_148' title='bbox 15 2387 81 2457; x_wconf 87' lang='lat' dir='ltr'><strong>post</strong></span> <span class='ocrx_word' id='word_1_149' title='bbox 110 2378 398 2459; x_wconf 87' lang='lat' dir='ltr'><strong>resurrectionem,</strong></span> <span class='ocrx_word' id='word_1_150' title='bbox 430 2374 580 2461; x_wconf 90' lang='lat' dir='ltr'><strong>pluribus</strong></span> <span class='ocrx_word' id='word_1_151' title='bbox 604 2378 696 2440; x_wconf 91' lang='lat' dir='ltr'><strong>visus</strong></span> <span class='ocrx_word' id='word_1_152' title='bbox 725 2379 768 2442; x_wconf 90' lang='lat' dir='ltr'><strong>sit</strong></span> <span class='ocrx_word' id='word_1_153' title='bbox 795 2387 907 2442; x_wconf 89' lang='lat' dir='ltr'><strong>tenere</strong></span> <span class='ocrx_word' id='word_1_154' title='bbox 938 2381 1139 2444; x_wconf 88' lang='lat' dir='ltr'><strong>sententiam</strong></span> 
     </span>
     <span class='ocr_line' id='line_1_21' title="bbox 13 2471 1059 2562; baseline 0.005 -28"><span class='ocrx_word' id='word_1_155' title='bbox 13 2471 50 2535; x_wconf 92' lang='lat' dir='ltr'><strong>de</strong></span> <span class='ocrx_word' id='word_1_156' title='bbox 72 2474 237 2538; x_wconf 89' lang='lat' dir='ltr'><strong>dilatione</strong></span> <span class='ocrx_word' id='word_1_157' title='bbox 262 2476 408 2554; x_wconf 86' lang='lat' dir='ltr'><strong>visionis,</strong></span> <span class='ocrx_word' id='word_1_158' title='bbox 434 2475 486 2538; x_wconf 91' lang='lat' dir='ltr'><strong>vel</strong></span> <span class='ocrx_word' id='word_1_159' title='bbox 511 2475 627 2539; x_wconf 88' lang='lat' dir='ltr'><strong>saltem</strong></span> <span class='ocrx_word' id='word_1_160' title='bbox 652 2478 688 2540; x_wconf 90' lang='lat' dir='ltr'><strong>in</strong></span> <span class='ocrx_word' id='word_1_161' title='bbox 712 2499 785 2541; x_wconf 91' lang='lat' dir='ltr'><strong>eam</strong></span> <span class='ocrx_word' id='word_1_162' title='bbox 810 2475 1059 2562; x_wconf 88' lang='lat' dir='ltr'><strong>propendere.¹)</strong></span> 
     </span>
    </p>
   </div>
   <div class='ocr_carea' id='block_1_5' title="bbox 5 2803 1148 4323">
    <p class='ocr_par' dir='ltr' id='par_1_5' title="bbox 5 2803 1148 4323">
     <span class='ocr_line' id='line_1_22' title="bbox 80 2803 1136 2876; baseline 0.001 -16"><span class='ocrx_word' id='word_1_163' title='bbox 80 2809 101 2876; x_wconf 79' lang='lat'><strong>¹)</strong></span> <span class='ocrx_word' id='word_1_164' title='bbox 121 2805 253 2860; x_wconf 83' lang='lat' dir='ltr'><strong>Balutins</strong></span> <span class='ocrx_word' id='word_1_165' title='bbox 271 2803 353 2858; x_wconf 84' lang='lat' dir='ltr'><strong>Vitae</strong></span> <span class='ocrx_word' id='word_1_166' title='bbox 373 2803 474 2859; x_wconf 81' lang='lat' dir='ltr'><strong>Pontii.</strong></span> <span class='ocrx_word' id='word_1_167' title='bbox 494 2809 514 2858; x_wconf 86' lang='lat' dir='ltr'><strong>t.</strong></span> <span class='ocrx_word' id='word_1_168' title='bbox 534 2806 555 2858; x_wconf 91' lang='lat' dir='ltr'><strong>l.</strong></span> <span class='ocrx_word' id='word_1_169' title='bbox 576 2821 599 2874; x_wconf 85' lang='lat' dir='ltr'><strong>p.</strong></span> <span class='ocrx_word' id='word_1_170' title='bbox 621 2807 680 2861; x_wconf 83' lang='grc'>788.</span> <span class='ocrx_word' id='word_1_171' title='bbox 700 2807 770 2860; x_wconf 87' lang='lat' dir='ltr'><strong>citat</strong></span> <span class='ocrx_word' id='word_1_172' title='bbox 789 2807 897 2873; x_wconf 86' lang='lat' dir='ltr'><strong>quidem</strong></span> <span class='ocrx_word' id='word_1_173' title='bbox 915 2822 947 2860; x_wconf 86' lang='lat' dir='ltr'><strong>ex</strong></span> <span class='ocrx_word' id='word_1_174' title='bbox 968 2807 1136 2862; x_wconf 84' lang='lat' dir='ltr'><strong>sermonibus</strong></span> 
     </span>
     <span class='ocr_line' id='line_1_23' title="bbox 10 2886 1146 2955; baseline 0.001 -15"><span class='ocrx_word' id='word_1_175' title='bbox 10 2888 121 2943; x_wconf 77' lang='lat' dir='ltr'><strong>loannis</strong></span> <span class='ocrx_word' id='word_1_176' title='bbox 148 2887 236 2955; x_wconf 88' lang='lat' dir='ltr'><strong>plura,</strong></span> <span class='ocrx_word' id='word_1_177' title='bbox 264 2901 298 2940; x_wconf 84' lang='lat' dir='ltr'><strong>ex</strong></span> <span class='ocrx_word' id='word_1_178' title='bbox 321 2886 418 2953; x_wconf 86' lang='lat' dir='ltr'><strong>quibus</strong></span> <span class='ocrx_word' id='word_1_179' title='bbox 440 2887 517 2953; x_wconf 85' lang='lat' dir='ltr'><strong>sequi</strong></span> <span class='ocrx_word' id='word_1_180' title='bbox 541 2887 651 2952; x_wconf 88' lang='lat' dir='ltr'><strong>diceres,</strong></span> <span class='ocrx_word' id='word_1_181' title='bbox 680 2887 838 2942; x_wconf 85' lang='lat' dir='ltr'><strong>Pontificem</strong></span> <span class='ocrx_word' id='word_1_182' title='bbox 861 2903 956 2943; x_wconf 81' lang='lat' dir='ltr'><strong>revera</strong></span> <span class='ocrx_word' id='word_1_183' title='bbox 982 2887 1146 2952; x_wconf 83' lang='lat' dir='ltr'><strong>asseruisse,</strong></span> 
     </span>
     <span class='ocr_line' id='line_1_24' title="bbox 11 2965 1141 3024; baseline 0.001 -3"><span class='ocrx_word' id='word_1_184' title='bbox 11 2965 92 3023; x_wconf 80' lang='lat' dir='ltr'><strong>beatis</strong></span> <span class='ocrx_word' id='word_1_185' title='bbox 124 2967 261 3022; x_wconf 83' lang='lat' dir='ltr'><strong>visionem</strong></span> <span class='ocrx_word' id='word_1_186' title='bbox 288 2967 339 3021; x_wconf 91' lang='lat' dir='ltr'><strong>Dei</strong></span> <span class='ocrx_word' id='word_1_187' title='bbox 370 2967 482 3022; x_wconf 79' lang='lat' dir='ltr'><strong>differri.</strong></span> <span class='ocrx_word' id='word_1_188' title='bbox 519 2967 615 3022; x_wconf 82' lang='lat' dir='ltr'><strong>Refert</strong></span> <span class='ocrx_word' id='word_1_189' title='bbox 643 2968 768 3022; x_wconf 82' lang='lat' dir='ltr'><strong>Baletius</strong></span> <span class='ocrx_word' id='word_1_190' title='bbox 800 2983 834 3022; x_wconf 82' lang='lat' dir='ltr'><strong>en</strong></span> <span class='ocrx_word' id='word_1_191' title='bbox 863 2968 976 3022; x_wconf 89' lang='lat' dir='ltr'><strong>Nicolao</strong></span> <span class='ocrx_word' id='word_1_192' title='bbox 1008 2969 1141 3024; x_wconf 82' lang='lat' dir='ltr'><strong>Minorita</strong></span> 
     </span>
     <span class='ocr_line' id='line_1_25' title="bbox 11 3046 1147 3116; baseline 0.003 -16"><span class='ocrx_word' id='word_1_193' title='bbox 11 3049 63 3108; x_wconf 65' lang='lat' dir='ltr'><strong>(tol.</strong></span> <span class='ocrx_word' id='word_1_194' title='bbox 82 3052 151 3104; x_wconf 76' lang='lat' dir='ltr'><strong>255t</strong></span> <span class='ocrx_word' id='word_1_195' title='bbox 184 3046 251 3102; x_wconf 86' lang='lat' dir='ltr'><strong>haec</strong></span> <span class='ocrx_word' id='word_1_196' title='bbox 276 3047 372 3101; x_wconf 86' lang='lat' dir='ltr'><strong>verba:</strong></span> <span class='ocrx_word' id='word_1_197' title='bbox 406 3049 455 3116; x_wconf 85' lang='lat' dir='ltr'><strong>,ln</strong></span> <span class='ocrx_word' id='word_1_198' title='bbox 480 3047 577 3114; x_wconf 88' lang='lat' dir='ltr'><strong>quibus</strong></span> <span class='ocrx_word' id='word_1_199' title='bbox 602 3048 767 3102; x_wconf 88' lang='lat' dir='ltr'><strong>sermonibus</strong></span> <span class='ocrx_word' id='word_1_200' title='bbox 794 3049 900 3116; x_wconf 86' lang='lat' dir='ltr'><strong>publice</strong></span> <span class='ocrx_word' id='word_1_201' title='bbox 919 3053 948 3101; x_wconf 88' lang='lat' dir='ltr'><strong>et</strong></span> <span class='ocrx_word' id='word_1_202' title='bbox 966 3048 1147 3114; x_wconf 85' lang='lat' dir='ltr'><strong>pertinaciter</strong></span> 
     </span>
     <span class='ocr_line' id='line_1_26' title="bbox 12 3127 1144 3194; baseline -0.004 -12"><span class='ocrx_word' id='word_1_203' title='bbox 12 3136 102 3182; x_wconf 80' lang='lat' dir='ltr'><strong>mucra</strong></span> <span class='ocrx_word' id='word_1_204' title='bbox 126 3129 211 3182; x_wconf 87' lang='lat' dir='ltr'><strong>tidem</strong></span> <span class='ocrx_word' id='word_1_205' title='bbox 233 3127 400 3190; x_wconf 85' lang='lat' dir='ltr'><strong>catholicam,</strong></span> <span class='ocrx_word' id='word_1_206' title='bbox 431 3143 511 3194; x_wconf 86' lang='lat' dir='ltr'><strong>quam</strong></span> <span class='ocrx_word' id='word_1_207' title='bbox 538 3135 633 3182; x_wconf 88' lang='lat' dir='ltr'><strong>sancta</strong></span> <span class='ocrx_word' id='word_1_208' title='bbox 653 3129 775 3182; x_wconf 85' lang='lat' dir='ltr'><strong>Romana</strong></span> <span class='ocrx_word' id='word_1_209' title='bbox 806 3131 884 3182; x_wconf 89' lang='lat' dir='ltr'><strong>tenet</strong></span> <span class='ocrx_word' id='word_1_210' title='bbox 909 3129 1037 3192; x_wconf 80' lang='lat' dir='ltr'><strong>Ecclesia,</strong></span> <span class='ocrx_word' id='word_1_211' title='bbox 1067 3128 1144 3184; x_wconf 88' lang='lat' dir='ltr'><strong>dicit.</strong></span> 
     </span>
     <span class='ocr_line' id='line_1_27' title="bbox 10 3209 1145 3277; baseline 0.006 -17"><span class='ocrx_word' id='word_1_212' title='bbox 10 3211 102 3263; x_wconf 75' lang='lat' dir='ltr'><strong>asserit</strong></span> <span class='ocrx_word' id='word_1_213' title='bbox 122 3215 156 3264; x_wconf 91' lang='lat' dir='ltr'><strong>et</strong></span> <span class='ocrx_word' id='word_1_214' title='bbox 176 3209 345 3277; x_wconf 81' lang='lat' dir='ltr'><strong>dogmatizat</strong></span> <span class='ocrx_word' id='word_1_215' title='bbox 369 3209 398 3262; x_wconf 89' lang='lat' dir='ltr'><strong>iu</strong></span> <span class='ocrx_word' id='word_1_216' title='bbox 415 3209 482 3262; x_wconf 89' lang='lat' dir='ltr'><strong>haec</strong></span> <span class='ocrx_word' id='word_1_217' title='bbox 507 3209 607 3264; x_wconf 87' lang='lat' dir='ltr'><strong>verba:</strong></span> <span class='ocrx_word' id='word_1_218' title='bbox 639 3209 741 3263; x_wconf 85' lang='lat' dir='ltr'><strong>Merces</strong></span> <span class='ocrx_word' id='word_1_219' title='bbox 761 3210 921 3263; x_wconf 86' lang='lat' dir='ltr'><strong>Sanctorum</strong></span> <span class='ocrx_word' id='word_1_220' title='bbox 949 3209 1145 3267; x_wconf 76' lang='lat' dir='ltr'><strong>antechristi</strong></span> 
     </span>
     <span class='ocr_line' id='line_1_28' title="bbox 8 3289 1148 3358; baseline -0.003 -16"><span class='ocrx_word' id='word_1_221' title='bbox 8 3291 160 3344; x_wconf 76' lang='lat' dir='ltr'><strong>adventum</strong></span> <span class='ocrx_word' id='word_1_222' title='bbox 187 3295 248 3343; x_wconf 83' lang='lat' dir='ltr'><strong>erat</strong></span> <span class='ocrx_word' id='word_1_223' title='bbox 275 3289 351 3343; x_wconf 89' lang='lat' dir='ltr'><strong>sinus</strong></span> <span class='ocrx_word' id='word_1_224' title='bbox 369 3289 504 3344; x_wconf 86' lang='lat' dir='ltr'><strong>Abrahae.</strong></span> <span class='ocrx_word' id='word_1_225' title='bbox 543 3289 607 3342; x_wconf 89' lang='lat' dir='ltr'><strong>Post</strong></span> <span class='ocrx_word' id='word_1_226' title='bbox 635 3291 781 3343; x_wconf 88' lang='lat' dir='ltr'><strong>adventum</strong></span> <span class='ocrx_word' id='word_1_227' title='bbox 807 3304 871 3342; x_wconf 90' lang='lat' dir='ltr'><strong>vero</strong></span> <span class='ocrx_word' id='word_1_228' title='bbox 898 3289 999 3343; x_wconf 83' lang='lat' dir='ltr'><strong>Christi</strong></span> <span class='ocrx_word' id='word_1_229' title='bbox 1026 3298 1055 3344; x_wconf 90' lang='lat' dir='ltr'><strong>et</strong></span> <span class='ocrx_word' id='word_1_230' title='bbox 1081 3290 1148 3358; x_wconf 87' lang='lat' dir='ltr'><strong>ejus</strong></span> 
     </span>
     <span class='ocr_line' id='line_1_29' title="bbox 8 3369 1135 3437; baseline 0.001 -13"><span class='ocrx_word' id='word_1_231' title='bbox 8 3371 162 3436; x_wconf 71' lang='lat' dir='ltr'><strong>pusionem</strong></span> <span class='ocrx_word' id='word_1_232' title='bbox 181 3377 210 3423; x_wconf 89' lang='lat' dir='ltr'><strong>et</strong></span> <span class='ocrx_word' id='word_1_233' title='bbox 228 3371 411 3424; x_wconf 87' lang='lat' dir='ltr'><strong>ascensionem</strong></span> <span class='ocrx_word' id='word_1_234' title='bbox 429 3369 458 3423; x_wconf 87' lang='lat' dir='ltr'><strong>in</strong></span> <span class='ocrx_word' id='word_1_235' title='bbox 478 3369 550 3424; x_wconf 89' lang='lat' dir='ltr'><strong>coelo</strong></span> <span class='ocrx_word' id='word_1_236' title='bbox 569 3383 669 3424; x_wconf 88' lang='lat' dir='ltr'><strong>merces</strong></span> <span class='ocrx_word' id='word_1_237' title='bbox 689 3371 849 3424; x_wconf 83' lang='lat' dir='ltr'><strong>Sanctorum</strong></span> <span class='ocrx_word' id='word_1_238' title='bbox 868 3375 910 3423; x_wconf 87' lang='lat' dir='ltr'><strong>est</strong></span> <span class='ocrx_word' id='word_1_239' title='bbox 930 3375 958 3423; x_wconf 89' lang='lat' dir='ltr'><strong>et</strong></span> <span class='ocrx_word' id='word_1_240' title='bbox 977 3371 1030 3425; x_wconf 88' lang='lat' dir='ltr'><strong>erit</strong></span> <span class='ocrx_word' id='word_1_241' title='bbox 1049 3387 1135 3437; x_wconf 90' lang='lat' dir='ltr'><strong>usque</strong></span> 
     </span>
     <span class='ocr_line' id='line_1_30' title="bbox 7 3449 1143 3522; baseline 0.003 -20"><span class='ocrx_word' id='word_1_242' title='bbox 7 3451 38 3502; x_wconf 77' lang='lat' dir='ltr'><strong>ad</strong></span> <span class='ocrx_word' id='word_1_243' title='bbox 50 3451 123 3506; x_wconf 89' lang='lat' dir='ltr'><strong>diem</strong></span> <span class='ocrx_word' id='word_1_244' title='bbox 134 3449 235 3518; x_wconf 85' lang='lat' dir='ltr'><strong>judieii</strong></span> <span class='ocrx_word' id='word_1_245' title='bbox 254 3465 312 3504; x_wconf 88' lang='lat' dir='ltr'><strong>esse</strong></span> <span class='ocrx_word' id='word_1_246' title='bbox 330 3450 379 3504; x_wconf 89' lang='lat' dir='ltr'><strong>sub</strong></span> <span class='ocrx_word' id='word_1_247' title='bbox 392 3450 475 3504; x_wconf 84' lang='lat' dir='ltr'><strong>altari</strong></span> <span class='ocrx_word' id='word_1_248' title='bbox 490 3450 547 3514; x_wconf 89' lang='lat' dir='ltr'><strong>Dei,</strong></span> <span class='ocrx_word' id='word_1_249' title='bbox 566 3449 631 3516; x_wconf 89' lang='lat' dir='ltr'><strong>quia</strong></span> <span class='ocrx_word' id='word_1_250' title='bbox 649 3449 756 3504; x_wconf 87' lang='lat' dir='ltr'><strong>animae</strong></span> <span class='ocrx_word' id='word_1_251' title='bbox 767 3451 906 3522; x_wconf 85' lang='lat' dir='ltr'><strong>justorum</strong></span> <span class='ocrx_word' id='word_1_252' title='bbox 925 3465 1010 3516; x_wconf 88' lang='lat' dir='ltr'><strong>usque</strong></span> <span class='ocrx_word' id='word_1_253' title='bbox 1023 3451 1058 3504; x_wconf 88' lang='lat' dir='ltr'><strong>ad</strong></span> <span class='ocrx_word' id='word_1_254' title='bbox 1071 3451 1143 3505; x_wconf 90' lang='lat' dir='ltr'><strong>diem</strong></span> 
     </span>
     <span class='ocr_line' id='line_1_31' title="bbox 5 3530 1148 3600; baseline 0 -15"><span class='ocrx_word' id='word_1_255' title='bbox 5 3531 96 3600; x_wconf 80' lang='lat' dir='ltr'><strong>judicii</strong></span> <span class='ocrx_word' id='word_1_256' title='bbox 117 3536 206 3586; x_wconf 87' lang='lat' dir='ltr'><strong>erunt</strong></span> <span class='ocrx_word' id='word_1_257' title='bbox 224 3531 273 3584; x_wconf 90' lang='lat' dir='ltr'><strong>sub</strong></span> <span class='ocrx_word' id='word_1_258' title='bbox 292 3530 383 3596; x_wconf 89' lang='lat' dir='ltr'><strong>altari,</strong></span> <span class='ocrx_word' id='word_1_259' title='bbox 402 3530 430 3584; x_wconf 82' lang='lat' dir='ltr'><strong>it</strong></span> <span class='ocrx_word' id='word_1_260' title='bbox 450 3533 492 3584; x_wconf 85' lang='lat' dir='ltr'><strong>est</strong></span> <span class='ocrx_word' id='word_1_261' title='bbox 510 3530 559 3584; x_wconf 91' lang='lat' dir='ltr'><strong>sub</strong></span> <span class='ocrx_word' id='word_1_262' title='bbox 579 3532 746 3597; x_wconf 86' lang='lat' dir='ltr'><strong>protectione</strong></span> <span class='ocrx_word' id='word_1_263' title='bbox 765 3536 794 3585; x_wconf 92' lang='lat' dir='ltr'><strong>et</strong></span> <span class='ocrx_word' id='word_1_264' title='bbox 814 3530 998 3584; x_wconf 89' lang='lat' dir='ltr'><strong>consolatione</strong></span> <span class='ocrx_word' id='word_1_265' title='bbox 1020 3531 1148 3586; x_wconf 87' lang='lat' dir='ltr'><strong>humani·</strong></span> 
     </span>
     <span class='ocr_line' id='line_1_32' title="bbox 8 3609 1143 3679; baseline 0 -16"><span class='ocrx_word' id='word_1_266' title='bbox 8 3613 69 3665; x_wconf 82' lang='lat' dir='ltr'><strong>tatis</strong></span> <span class='ocrx_word' id='word_1_267' title='bbox 89 3609 209 3665; x_wconf 82' lang='lat' dir='ltr'><strong>christi.</strong></span> <span class='ocrx_word' id='word_1_268' title='bbox 247 3611 298 3664; x_wconf 85' lang='lat' dir='ltr'><strong>Sed</strong></span> <span class='ocrx_word' id='word_1_269' title='bbox 326 3615 468 3679; x_wconf 87' lang='lat' dir='ltr'><strong>postquam</strong></span> <span class='ocrx_word' id='word_1_270' title='bbox 487 3609 611 3664; x_wconf 87' lang='lat' dir='ltr'><strong>Christus</strong></span> <span class='ocrx_word' id='word_1_271' title='bbox 642 3611 749 3664; x_wconf 88' lang='lat' dir='ltr'><strong>venerit</strong></span> <span class='ocrx_word' id='word_1_272' title='bbox 778 3609 961 3675; x_wconf 86' lang='lat' dir='ltr'><strong>adjudicium</strong></span> <span class='ocrx_word' id='word_1_273' title='bbox 985 3617 1068 3664; x_wconf 89' lang='lat' dir='ltr'><strong>erunt</strong></span> <span class='ocrx_word' id='word_1_274' title='bbox 1093 3609 1143 3666; x_wconf 88' lang='lat' dir='ltr'><strong>sub</strong></span> 
     </span>
     <span class='ocr_line' id='line_1_33' title="bbox 9 3689 1145 3760; baseline 0 -16"><span class='ocrx_word' id='word_1_275' title='bbox 9 3699 102 3760; x_wconf 70' lang='lat' dir='ltr'><strong>(snper)</strong></span> <span class='ocrx_word' id='word_1_276' title='bbox 123 3693 226 3755; x_wconf 83' lang='lat' dir='ltr'><strong>altare,</strong></span> <span class='ocrx_word' id='word_1_277' title='bbox 254 3690 283 3745; x_wconf 90' lang='lat' dir='ltr'><strong>id</strong></span> <span class='ocrx_word' id='word_1_278' title='bbox 301 3699 344 3745; x_wconf 88' lang='lat' dir='ltr'><strong>est</strong></span> <span class='ocrx_word' id='word_1_279' title='bbox 362 3706 443 3759; x_wconf 87' lang='lat' dir='ltr'><strong>super</strong></span> <span class='ocrx_word' id='word_1_280' title='bbox 462 3689 564 3744; x_wconf 83' lang='lat' dir='ltr'><strong>Christi</strong></span> <span class='ocrx_word' id='word_1_281' title='bbox 584 3690 762 3756; x_wconf 86' lang='lat' dir='ltr'><strong>humanitate,</strong></span> <span class='ocrx_word' id='word_1_282' title='bbox 792 3690 856 3757; x_wconf 87' lang='lat' dir='ltr'><strong>quia</strong></span> <span class='ocrx_word' id='word_1_283' title='bbox 876 3697 937 3759; x_wconf 88' lang='lat' dir='ltr'><strong>post</strong></span> <span class='ocrx_word' id='word_1_284' title='bbox 957 3691 1028 3744; x_wconf 90' lang='lat' dir='ltr'><strong>diem</strong></span> <span class='ocrx_word' id='word_1_285' title='bbox 1046 3689 1145 3756; x_wconf 81' lang='lat' dir='ltr'><strong>judicii</strong></span> 
     </span>
     <span class='ocr_line' id='line_1_34' title="bbox 7 3771 1147 3840; baseline -0.001 -15"><span class='ocrx_word' id='word_1_286' title='bbox 7 3775 136 3828; x_wconf 85' lang='lat' dir='ltr'><strong>videbunt</strong></span> <span class='ocrx_word' id='word_1_287' title='bbox 166 3772 255 3826; x_wconf 87' lang='lat' dir='ltr'><strong>sancti</strong></span> <span class='ocrx_word' id='word_1_288' title='bbox 279 3779 308 3826; x_wconf 91' lang='lat' dir='ltr'><strong>ct</strong></span> <span class='ocrx_word' id='word_1_289' title='bbox 331 3771 586 3840; x_wconf 86' lang='lat' dir='ltr'><strong>contemplabuntur</strong></span> <span class='ocrx_word' id='word_1_290' title='bbox 611 3789 663 3826; x_wconf 88' lang='lat' dir='ltr'><strong>non</strong></span> <span class='ocrx_word' id='word_1_291' title='bbox 687 3773 773 3826; x_wconf 89' lang='lat' dir='ltr'><strong>solum</strong></span> <span class='ocrx_word' id='word_1_292' title='bbox 801 3772 1002 3826; x_wconf 86' lang='lat' dir='ltr'><strong>humanitatem</strong></span> <span class='ocrx_word' id='word_1_293' title='bbox 1022 3771 1147 3838; x_wconf 86' lang='lat' dir='ltr'><strong>Christi,</strong></span> 
     </span>
     <span class='ocr_line' id='line_1_35' title="bbox 6 3851 1146 3919; baseline -0.004 -13"><span class='ocrx_word' id='word_1_294' title='bbox 6 3853 47 3906; x_wconf 81' lang='lat' dir='ltr'><strong>sed</strong></span> <span class='ocrx_word' id='word_1_295' title='bbox 74 3855 169 3908; x_wconf 86' lang='lat' dir='ltr'><strong>etiarn</strong></span> <span class='ocrx_word' id='word_1_296' title='bbox 193 3851 251 3919; x_wconf 87' lang='lat' dir='ltr'><strong>ejns</strong></span> <span class='ocrx_word' id='word_1_297' title='bbox 275 3853 449 3906; x_wconf 84' lang='lat' dir='ltr'><strong>divinitatem</strong></span> <span class='ocrx_word' id='word_1_298' title='bbox 472 3857 504 3906; x_wconf 89' lang='lat' dir='ltr'><strong>ut</strong></span> <span class='ocrx_word' id='word_1_299' title='bbox 528 3851 557 3906; x_wconf 89' lang='lat' dir='ltr'><strong>iu</strong></span> <span class='ocrx_word' id='word_1_300' title='bbox 579 3867 608 3906; x_wconf 88' lang='lat' dir='ltr'><strong>se</strong></span> <span class='ocrx_word' id='word_1_301' title='bbox 627 3857 677 3910; x_wconf 88' lang='lat' dir='ltr'><strong>est.</strong></span> <span class='ocrx_word' id='word_1_302' title='bbox 716 3852 855 3907; x_wconf 85' lang='lat' dir='ltr'><strong>Videbunt</strong></span> <span class='ocrx_word' id='word_1_303' title='bbox 882 3853 954 3906; x_wconf 89' lang='lat' dir='ltr'><strong>enim</strong></span> <span class='ocrx_word' id='word_1_304' title='bbox 974 3853 1086 3906; x_wconf 84' lang='lat' dir='ltr'><strong>Patrem</strong></span> <span class='ocrx_word' id='word_1_305' title='bbox 1118 3857 1146 3906; x_wconf 90' lang='lat' dir='ltr'><strong>et</strong></span> 
     </span>
     <span class='ocr_line' id='line_1_36' title="bbox 5 3931 1146 4001; baseline -0.003 -12"><span class='ocrx_word' id='word_1_306' title='bbox 5 3931 102 3990; x_wconf 76' lang='lat' dir='ltr'><strong>Filium</strong></span> <span class='ocrx_word' id='word_1_307' title='bbox 121 3940 156 3988; x_wconf 84' lang='lat' dir='ltr'><strong>et</strong></span> <span class='ocrx_word' id='word_1_308' title='bbox 171 3931 303 4000; x_wconf 86' lang='lat' dir='ltr'><strong>Spiritum</strong></span> <span class='ocrx_word' id='word_1_309' title='bbox 315 3933 451 3987; x_wconf 86' lang='lat' dir='ltr'><strong>Sanctum.</strong></span> <span class='ocrx_word' id='word_1_310' title='bbox 477 3931 591 3987; x_wconf 86' lang='lat' dir='ltr'><strong>Animae</strong></span> <span class='ocrx_word' id='word_1_311' title='bbox 611 3948 675 4001; x_wconf 81' lang='lat' dir='ltr'><strong>ergo</strong></span> <span class='ocrx_word' id='word_1_312' title='bbox 694 3937 849 3987; x_wconf 87' lang='lat' dir='ltr'><strong>sanctorum</strong></span> <span class='ocrx_word' id='word_1_313' title='bbox 868 3937 935 3986; x_wconf 86' lang='lat' dir='ltr'><strong>ante</strong></span> <span class='ocrx_word' id='word_1_314' title='bbox 955 3932 1026 3986; x_wconf 90' lang='lat' dir='ltr'><strong>diem</strong></span> <span class='ocrx_word' id='word_1_315' title='bbox 1043 3932 1146 3998; x_wconf 89' lang='lat' dir='ltr'><strong>judicii</strong></span> 
     </span>
     <span class='ocr_line' id='line_1_37' title="bbox 7 4011 1145 4082; baseline 0.004 -16"><span class='ocrx_word' id='word_1_316' title='bbox 7 4021 65 4068; x_wconf 85' lang='lat' dir='ltr'><strong>sunt</strong></span> <span class='ocrx_word' id='word_1_317' title='bbox 87 4015 141 4068; x_wconf 88' lang='lat' dir='ltr'><strong>snb</strong></span> <span class='ocrx_word' id='word_1_318' title='bbox 164 4013 249 4066; x_wconf 85' lang='lat' dir='ltr'><strong>altari</strong></span> <span class='ocrx_word' id='word_1_319' title='bbox 268 4013 358 4067; x_wconf 87' lang='lat' dir='ltr'><strong>idest</strong></span> <span class='ocrx_word' id='word_1_320' title='bbox 381 4013 565 4067; x_wconf 88' lang='lat' dir='ltr'><strong>consolatione</strong></span> <span class='ocrx_word' id='word_1_321' title='bbox 584 4019 613 4067; x_wconf 94' lang='lat' dir='ltr'><strong>et</strong></span> <span class='ocrx_word' id='word_1_322' title='bbox 632 4014 799 4082; x_wconf 88' lang='lat' dir='ltr'><strong>protectione</strong></span> <span class='ocrx_word' id='word_1_323' title='bbox 824 4012 1006 4068; x_wconf 84' lang='lat' dir='ltr'><strong>humanitatis</strong></span> <span class='ocrx_word' id='word_1_324' title='bbox 1026 4011 1145 4072; x_wconf 77' lang='lat' dir='ltr'><strong>Christi,</strong></span> 
     </span>
     <span class='ocr_line' id='line_1_38' title="bbox 7 4093 1145 4167; baseline -0.001 -17"><span class='ocrx_word' id='word_1_325' title='bbox 7 4097 48 4150; x_wconf 85' lang='lat' dir='ltr'><strong>sed</strong></span> <span class='ocrx_word' id='word_1_326' title='bbox 67 4103 131 4166; x_wconf 84' lang='lat' dir='ltr'><strong>post</strong></span> <span class='ocrx_word' id='word_1_327' title='bbox 151 4095 227 4150; x_wconf 90' lang='lat' dir='ltr'><strong>diem</strong></span> <span class='ocrx_word' id='word_1_328' title='bbox 236 4094 334 4167; x_wconf 90' lang='lat' dir='ltr'><strong>judicii</strong></span> <span class='ocrx_word' id='word_1_329' title='bbox 353 4094 411 4162; x_wconf 84' lang='lat' dir='ltr'><strong>ipse</strong></span> <span class='ocrx_word' id='word_1_330' title='bbox 435 4094 555 4150; x_wconf 86' lang='lat' dir='ltr'><strong>elevabit</strong></span> <span class='ocrx_word' id='word_1_331' title='bbox 579 4111 631 4158; x_wconf 90' lang='lat' dir='ltr'><strong>eos,</strong></span> <span class='ocrx_word' id='word_1_332' title='bbox 661 4101 692 4148; x_wconf 91' lang='lat' dir='ltr'><strong>ut</strong></span> <span class='ocrx_word' id='word_1_333' title='bbox 717 4095 829 4149; x_wconf 86' lang='lat' dir='ltr'><strong>videant</strong></span> <span class='ocrx_word' id='word_1_334' title='bbox 847 4095 934 4163; x_wconf 88' lang='lat' dir='ltr'><strong>ipsam</strong></span> <span class='ocrx_word' id='word_1_335' title='bbox 953 4093 1145 4150; x_wconf 84' lang='lat' dir='ltr'><strong>divinitatem.</strong></span> 
     </span>
     <span class='ocr_line' id='line_1_39' title="bbox 6 4175 1146 4243; baseline 0 -13"><span class='ocrx_word' id='word_1_336' title='bbox 6 4175 37 4230; x_wconf 74' lang='lat' dir='ltr'><strong>lit</strong></span> <span class='ocrx_word' id='word_1_337' title='bbox 55 4177 209 4232; x_wconf 85' lang='lat' dir='ltr'><strong>secundnm</strong></span> <span class='ocrx_word' id='word_1_338' title='bbox 228 4175 278 4229; x_wconf 89' lang='lat' dir='ltr'><strong>hoc</strong></span> <span class='ocrx_word' id='word_1_339' title='bbox 296 4176 424 4230; x_wconf 87' lang='lat' dir='ltr'><strong>dicuntur</strong></span> <span class='ocrx_word' id='word_1_340' title='bbox 441 4176 586 4230; x_wconf 82' lang='lat' dir='ltr'><strong>ascendere</strong></span> <span class='ocrx_word' id='word_1_341' title='bbox 604 4191 685 4243; x_wconf 82' lang='lat' dir='ltr'><strong>super</strong></span> <span class='ocrx_word' id='word_1_342' title='bbox 704 4175 818 4230; x_wconf 73' lang='lat' dir='ltr'><strong>altarc.“</strong></span> <span class='ocrx_word' id='word_1_343' title='bbox 858 4176 908 4229; x_wconf 73' lang='lat' dir='ltr'><strong>sel</strong></span> <span class='ocrx_word' id='word_1_344' title='bbox 935 4175 1067 4229; x_wconf 75' lang='lat' dir='ltr'><strong>examine</strong></span> <span class='ocrx_word' id='word_1_345' title='bbox 1102 4175 1146 4230; x_wconf 89' lang='lat' dir='ltr'><strong>in·</strong></span> 
     </span>
     <span class='ocr_line' id='line_1_40' title="bbox 5 4255 1146 4323; baseline 0 -13"><span class='ocrx_word' id='word_1_346' title='bbox 5 4261 102 4312; x_wconf 83' lang='lat' dir='ltr'><strong>stituto</strong></span> <span class='ocrx_word' id='word_1_347' title='bbox 116 4257 288 4320; x_wconf 86' lang='lat' dir='ltr'><strong>invenietur,</strong></span> <span class='ocrx_word' id='word_1_348' title='bbox 307 4255 540 4310; x_wconf 87' lang='lat' dir='ltr'><strong>verbaPontifiois</strong></span> <span class='ocrx_word' id='word_1_349' title='bbox 553 4272 611 4310; x_wconf 87' lang='lat' dir='ltr'><strong>esse</strong></span> <span class='ocrx_word' id='word_1_350' title='bbox 623 4256 775 4311; x_wconf 83' lang='lat' dir='ltr'><strong>sententias</strong></span> <span class='ocrx_word' id='word_1_351' title='bbox 793 4273 814 4312; x_wconf 91' lang='lat' dir='ltr'><strong>s.</strong></span> <span class='ocrx_word' id='word_1_352' title='bbox 831 4255 961 4310; x_wconf 87' lang='lat' dir='ltr'><strong>Bernarli</strong></span> <span class='ocrx_word' id='word_1_353' title='bbox 981 4259 1146 4323; x_wconf 80' lang='lat' dir='ltr'><strong>propositas</strong></span> 
     </span>
    </p>
   </div>
   <div class='ocr_carea' id='block_1_6' title="bbox 932 4347 987 4398">
    <p class='ocr_par' dir='ltr' id='par_1_6' title="bbox 932 4347 987 4398">
     <span class='ocr_line' id='line_1_41' title="bbox 932 4347 987 4398; baseline 0 0"><span class='ocrx_word' id='word_1_354' title='bbox 932 4347 987 4398; x_wconf 72' lang='lat'><strong>11*</strong></span> 
     </span>
    </p>
   </div>
   <div class='ocr_carea' id='block_1_7' title="bbox 0 0 1430 4834">
    <p class='ocr_par' dir='ltr' id='par_1_7' title="bbox 0 0 1430 4834">
     <span class='ocr_line' id='line_1_42' title="bbox 0 0 1430 4834; baseline 0 4"><span class='ocrx_word' id='word_1_355' title='bbox 0 0 1430 4834; x_wconf 95' lang='lat' dir='ltr'><strong> </strong></span> 
     </span>
    </p>
   </div>
  </div>
 </body>
</html>
