2850 4834
391 462 606 530 Templeriorurn
626 471 726 518 reatus.
1070 465 1116 518 141

13 605 82 670 alius
104 605 313 691 loquerentur
336 607 400 671 sibi
425 605 584 692 deinceps
609 606 747 686 dehoc,
782 609 860 692 quio
885 629 950 673 nou
976 607 1121 672 hahebat

12 705 123 789 aliquos
159 706 304 769 amioum
328 703 380 768 vel
414 715 595 789 parentem,
628 706 655 768 si
679 704 869 791 loqueretur
892 704 955 770 sibi
981 704 1022 768 de
1047 704 1119 784 hoc,

12 823 93 888 qoem
116 801 216 866 nollet
239 824 310 866 esse
334 801 565 883 exoculatum
590 815 623 866 et
646 814 726 866 tuno
751 804 822 888 ipse
837 805 929 868 testis
954 805 1038 868 dixit
1056 802 1119 868 sibi

12 900 83 984 qood
114 923 178 966 non
209 899 398 986 loqueretur
423 901 452 964 ei
477 901 614 964 ulterius
644 900 685 964 de
710 900 920 985 praedictis.“
959 939 996 950 -
1030 901 1122 966 Inter

13 997 65 1060 alia
97 998 174 1062 dein
207 998 316 1078 refert,
345 998 501 1062 Pontium
528 997 683 1063 Aneelini
715 998 859 1076 fratrem,
893 999 930 1064 F.
955 998 1120 1065 Jacobum

14 1096 144 1159 Priorem
160 1096 193 1162 S.
209 1096 298 1158 Petri
323 1098 357 1160 in
374 1095 566 1176 Aleverido,
592 1107 624 1160 et
640 1094 846 1181 Stephanum
871 1096 1005 1160 fratrem
1014 1097 1119 1162 Ance-

13 1193 59 1256 lini
81 1195 143 1258 sibi
167 1193 302 1276 dixisse,
338 1194 445 1278 „quod
472 1193 580 1258 dictus
603 1194 705 1258 frater
728 1194 911 1260 Aurelinus
942 1194 1121 1280 aliqnando

13 1295 35 1354 ei
51 1292 184 1371 dixerat,
202 1291 292 1377 quod
307 1291 488 1376 Templarii
506 1303 599 1356 erant
615 1293 743 1377 pejores
761 1291 912 1356 homines
929 1292 1120 1368 demendo,

13 1411 98 1473 quere
122 1411 189 1454 non
217 1389 356 1453 curabat
380 1389 488 1453 redire
512 1389 554 1453 sd
579 1392 770 1454 societatem
795 1393 939 1455 eorum.“
965 1427 1008 1438 «-
1031 1392 1120 1456 Post·

15 1487 134 1552 nodum
168 1499 317 1571 tempore
341 1488 505 1572 captionis
528 1487 792 1572 Templariorum
817 1487 986 1552 Arteudus
1016 1489 1120 1566 miles,

14 1587 264 1670 consanguineus
281 1584 446 1665 Ancelini,
472 1586 600 1648 monuit
615 1583 714 1664 hunc,
740 1596 776 1646 ut
799 1583 924 1650 diceret
947 1588 1120 1650 veritatem

16 1682 46 1746 de
66 1680 333 1746 accusationibus
358 1695 471 1745 contre
495 1681 712 1767 Templarios.
742 1682 837 1746 Tunc
852 1695 970 1747 vocato
994 1687 1121 1748 notario

16 1780 128 1864 publico
149 1779 337 1846 Ancelinus
361 1783 530 1845 consessus
553 1780 627 1862 fuit,
654 1781 764 1866 „quod
787 1779 967 1866 Templarii
992 1783 1025 1844 in
1050 1783 1122 1867 ejus

19 1881 191 1964 receptione
224 1879 373 1942 fecerunt
395 1877 563 1961 abnegare
587 1901 661 1944 eum
688 1877 866 1958 Christum,
902 1887 935 1940 et
969 1878 1123 1943 dixerant

15 1977 36 2038 ri
56 1977 137 2064 quod
153 1975 306 2042 Christus
331 1989 400 2040 erat
424 1976 525 2041 falsus
548 1976 718 2063 prophete,
744 1989 775 2040 et
801 1986 928 2060 praeter
952 1975 1014 2040 hoc
1039 1977 1121 2040 fecc-

17 2090 72 2137 rant
106 2097 184 2138 eum
223 2095 340 2160 spuere
376 2095 475 2159 super
510 2095 640 2138 crucem
677 2085 710 2138 et
744 2073 885 2160 pedibus
916 2073 1121 2139 conculcare.

18 2171 81 2236 hem
104 2175 207 2236 etiem
232 2172 400 2236 confessus
423 2173 486 2236 fuit
510 2171 597 2258 quod
623 2171 678 2236 ille
702 2171 867 2236 horrende
890 2171 1002 2235 osenla
1025 2175 1122 2236 inter·

19 2283 158 2336 renerent
192 2273 226 2335 in
259 2292 318 2334 sua
350 2273 547 2356 receptione,
579 2281 611 2334 et
643 2271 730 2334 hene
754 2270 993 2334 confessionem
1018 2272 1122 2355 ipsius

19 2369 149 2434 ¹hurelini
184 2367 367 2432 retulerunt
406 2368 513 2433 eidem
547 2371 621 2432 testi
658 2368 739 2432 dieti
770 2368 923 2433 dominus
953 2367 1122 2432 Arteudus

18 2467 152 2530 etirnter
174 2465 324 2530 Jacobus
357 2489 390 2530 se
414 2465 584 2530 audivisse
612 2465 655 2529 uh
680 2465 796 2530 eodem
820 2463 994 2530 Ancelino.
1044 2465 1121 2547 Qui·

19 2561 64 2626 hus
91 2565 214 2628 auditis
247 2562 333 2628 idem
359 2566 451 2628 testis
476 2563 642 2628 consuluit
666 2564 758 2628 fratri
783 2561 910 2628 Jacoho
942 2563 1121 2648 praedicto,

20 2661 86 2744 quod
109 2661 236 2726 feceret
259 2683 334 2726 oum
359 2663 432 2748 cepi
449 2674 481 2725 et
494 2661 569 2726 duci
588 2662 629 2726 ed
647 2661 817 2726 dominum
835 2661 1121 2748 archiepiscopum

21 2755 234 2838 tiernensem,
260 2780 334 2822 curn
352 2759 438 2824 istud
457 2761 626 2844 negotium
642 2769 794 2842 tangeret
817 2758 916 2822 tidem
940 2761 1005 2824 nisi
1030 2760 1122 2826 fieret

20 2877 106 2920 coram
138 2855 302 2920 Praelatis
326 2856 496 2922 Ecclesiae
529 2855 730 2922 habentibus
762 2859 991 2920 auctoritatem
1025 2880 1123 2944 super

20 2951 88 3032 istis3
111 2977 175 3040 quo
202 2954 289 3018 facto
315 2955 422 3019 dictus
437 2956 531 3019 Prior
547 2955 626 3018 fecit
646 2977 720 3018 eum
739 2957 812 3039 cepi
830 2966 863 3018 et
876 2954 970 3018 reddi
988 2955 1122 3019 domino

20 3049 248 3138 archiepiscopo
270 3053 487 3119 Viennensi.“
514 3091 557 3100 —
581 3051 711 3117 Sirnilie
735 3051 898 3138 quaedem
924 3051 1000 3117 dein
1025 3055 1123 3117 refert

21 3171 51 3210 rx
71 3153 256 3214 narratione
281 3151 432 3236 Hugonis
457 3150 589 3231 Achoti,
622 3151 786 3215 domicelli
812 3149 1056 3234 Lugdunensis,
1081 3151 1122 3215 de

21 3247 206 3313 riolesccnte
233 3248 334 3312 nobili
357 3248 520 3330 Berlione,
545 3249 612 3314 filio
638 3249 763 3313 domini
788 3249 829 3312 de
854 3247 960 3312 illino.

89 3447 139 3510 53.
165 3443 409 3510 Foedissimum
428 3453 515 3506 certe
528 3457 577 3507 est
594 3443 675 3508 illud
692 3445 974 3530 cujusTemplarii
987 3467 1119 3509 accusa·
1144 3449 1265 3550 ⁸⁰¹10¹¹²¹⁸0

25 3556 120 3606 nentur
133 3543 304 3608 sodomiae
318 3544 454 3622 crimen,
472 3541 529 3605 sed
543 3541 784 3606 advertendum
797 3555 854 3624 est,
870 3543 958 3627 apud
974 3565 1121 3628 paganos
1158 3523 1182 3550 cr
1192 3523 1251 3552 Μ’

23 3641 150 3724 antiquos
181 3638 267 3704 iliud
301 3641 419 3704 vitium
453 3638 550 3703 valde
581 3662 756 3704 commune
785 3641 895 3722 fuisse,
927 3643 972 3704 ite
1004 3643 1121 3705 utrix

25 3731 150 3803 illicitum
166 3737 364 3819 haberetur3
390 3749 422 3800 et
445 3749 555 3802 nostro
580 3747 726 3825 tempore
751 3739 918 3822 ingentem
941 3737 1122 3803 multitudi-

26 3833 278 3901 nenSinensium
293 3835 467 3920 gentilium
478 3835 586 3900 eidem
604 3837 736 3900 crimini
753 3835 900 3900 deditam
917 3857 996 3916 esse,
1013 3859 1032 3900 a
1050 3837 1123 3900 ruis·

26 3929 150 3996 »ionariis
172 3931 327 3998 traditur.
355 3933 426 3996 Imo
444 3935 543 3996 etiem
569 3933 610 3997 de
633 3934 769 3997 effraeni
795 3934 955 4018 ejusmodi
980 3933 1123 4016 luxurie,

27 4028 64 4086 cri
77 4029 105 4092 in
121 4033 254 4115 magnis
271 4030 463 4095 civitatibus
480 4033 542 4095 viri
562 4030 688 4095 nobiles
706 4053 836 4118 quoquc
861 4031 964 4096 dediti
990 4032 1123 4113 fuerint,

28 4127 123 4202 possim
137 4129 332 4215 turpissima
348 4131 522 4195 recentiori
540 4141 647 4194 aetate
663 4129 766 4194 relate
782 4131 882 4194 fuere.
918 4131 1027 4197 Medio
1045 4153 1123 4195 vero

28 4241 89 4284 noro
111 4227 188 4291 vitio
215 4226 272 4291 illo
297 4248 362 4292 non
387 4250 509 4312 paucos
533 4231 724 4315 inquinatos
749 4228 860 4309 fuisse,
885 4230 987 4293 variis
1011 4252 1053 4294 ex
1070 4229 1122 4293 do·
