2850 4834
137 2832 264 2885 emmau·

185 2897 226 2939 XL

301 419 352 472 170
496 418 612 472 XXXII.
631 419 672 474 De
690 417 868 474 Pontificibus
888 419 1028 474 Avenione
1047 419 1225 474 commoratis.

294 561 462 647 periret.¹)
509 561 715 628 Studucrunt
747 562 883 648 quidem
917 584 984 627 non
1016 564 1114 648 pauci
1146 562 1221 627 Itali
1251 583 1396 626 removere

298 658 474 724 Urbanum
499 683 518 725 a
542 660 660 742 reditu,
685 683 725 725 ac
749 663 875 725 minata
899 671 948 724 est
981 661 1044 746 ipsi
1075 659 1108 726 S.
1134 661 1272 746 Brigitta
1294 660 1397 724 Romus

297 769 377 821 tunc
402 779 611 823 commorans
635 761 822 843 proximam
859 760 891 822 in
921 757 1033 823 Gallia
1062 768 1212 823 mortem.
1263 757 1324 822 Sed
1351 756 1396 820 l'r-

297 854 428 919 bunnus
453 857 483 919 V
507 866 615 921 motus
639 855 703 920 illis
727 878 810 941 quas
834 857 988 941 exposuit
1021 854 1207 921 rationibus
1241 877 1316 920 sane
1341 875 1397 936 grs-

297 955 461 1036 vissimis,
509 955 592 1040 (jam
625 956 713 1018 enim
752 955 842 1019 lucta
882 956 1122 1020 infaustissime
1155 966 1288 1020 centum
1317 975 1398 1018 anno·

298 1074 372 1115 rum
397 1050 511 1117 Gallos
534 1054 621 1116 inter
644 1064 677 1117 et
700 1052 826 1136 Anglos
850 1053 1014 1134 ardebat),
1031 1075 1070 1118 ac
1086 1052 1303 1140 probabiliter
1317 1055 1397 1116 etism

297 1149 409 1214 multis
438 1150 658 1215 incommodis
689 1161 722 1214 et
755 1149 1024 1229 difficultatibus,
1056 1173 1142 1237 quae
1175 1154 1210 1216 in
1242 1151 1333 1216 Italia
1357 1149 1398 1214 ob

295 1249 387 1311 viam
411 1247 539 1328 habuit,
564 1259 684 1312 statuto
709 1259 857 1334 tempore
881 1251 915 1314 in
940 1248 1083 1314 Galliam
1116 1261 1165 1313 est
1188 1271 1350 1327 reversus,
1370 1271 1397 1310 sc

297 1345 351 1410 die
376 1347 437 1410 24⁰
461 1345 665 1432 Septembris
689 1349 843 1432 pervenit
866 1347 1089 1428 Avenionem‚
1114 1346 1172 1411 ubi
1197 1370 1273 1412 cum
1297 1346 1397 1430 gaudio

296 1454 330 1507 et
353 1445 556 1510 exultatione
580 1458 732 1530 receptus
762 1455 821 1510 est.
879 1447 1047 1532 Postquam
1074 1445 1173 1510 rediit
1204 1445 1243 1510 de
1269 1445 1401 1532 partitur

296 1541 414 1606 Italiae
440 1541 581 1606 totaliter
603 1554 703 1608 mente
735 1543 895 1630 disposuit
924 1546 958 1607 in
985 1546 1126 1630 propria
1156 1541 1303 1606 laborare
1332 1545 1399 1604 circo

289 1641 545 1726 pacificationem
569 1640 723 1705 dictorum
745 1665 852 1728 requm
867 1643 1025 1706 Francius
1050 1652 1080 1704 et
1100 1641 1247 1728 Anqliae,
1273 1641 1315 1704 ad
1335 1637 1400 1724 quod

296 1740 391 1802 etiam
423 1749 509 1803 certa
533 1741 773 1826 praeparativa
804 1739 976 1805 ordinauit.
1025 1737 1089 1804 Sed
1112 1742 1193 1804 satis
1216 1740 1279 1802 cito
1305 1759 1398 1822 maquc

295 1836 465 1920 iufirmitas
487 1839 592 1923 ipsum
608 1839 758 1924 arripuit,
784 1858 823 1900 en
838 1861 901 1922 qua
917 1839 1055 1902 sentiens
1070 1860 1102 1900 se
1114 1839 1258 1924 pacari,
1281 1847 1398 1900 maun·-

294 1958 352 2020 qae
377 1933 439 1998 sibi
457 1938 673 2024 propinquam
696 1937 894 2013 existimans,
920 1937 964 1999 ad
988 1959 1026 1999 ea
1049 1959 1164 1999 vacare
1193 1935 1325 2011 destitit,
1358 1929 1400 1994 sed

296 2033 340 2096 ad
362 2032 424 2096 illa
447 2057 526 2118 quae
550 2034 675 2096 amintae
700 2057 775 2097 suae
800 2031 933 2097 salutem
956 2057 1140 2098 conseruere
1158 2043 1311 2119 poterant
1339 2041 1399 2092 teliz·

296 2131 370 2194 liter
392 2152 425 2193 se
449 2132 607 2196 convertit.
634 2179 691 2196 ...
721 2131 862 2194 Tandem
885 2152 957 2194 vero
979 2142 1053 2216 post
1077 2128 1176 2194 multa
1199 2129 1284 2194 boun
1306 2139 1333 2192 et
1353 2129 1399 2186 rir-

296 2238 388 2292 tuosa
419 2251 518 2315 opera
547 2230 582 2291 in
606 2229 744 2291 Domino
777 2229 931 2313 requievit
961 2229 1013 2291 die
1037 2231 1100 2292 19⁰
1123 2227 1304 2292 Decembris
1333 2245 1413 2302 cnm1

295 2326 428 2389 Domini
451 2323 684 2391 MCCCLXXI
698 2325 905 2411 pontificatus
929 2328 979 2389 sui
1002 2349 1086 2390 anno
1111 2349 1205 2404 nono,
1222 2327 1347 2412 fuitque
1367 2315 1413 2387 nl

292 2423 403 2510 pultns
427 2426 462 2486 in
486 2424 617 2488 ccclesia
639 2425 756 2512 majori
779 2424 1002 2502 Auenionensi,
1032 2425 1154 2487 demum
1178 2420 1401 2508 tramjerendu

296 2523 341 2587 ad
370 2526 597 2588 monasterium
628 2546 652 2587 s.
686 2524 821 2588 Victoris
851 2523 1078 2602 Massiliensis,
1116 2521 1172 2586 ubi
1200 2523 1307 2585 einans
1328 2537 1412 2610 suan

292 2633 482 2708 perpetuam
505 2621 641 2706 eleqerat
660 2619 863 2707 sepulturam,
888 2623 1009 2706 maqnis
1026 2631 1056 2684 et
1070 2620 1235 2706 stupendis
1256 2613 1412 2682 miraculisl

297 2719 533 2806 coruscanda.²)
580 2719 671 2783 Inter
693 2720 814 2783 Beatos
839 2719 893 2782 bic
917 2718 1073 2784 Pontifex
1097 2718 1224 2784 colitur.

386 2827 439 2890 20.
473 2827 691 2911 Gregorius
715 2825 766 2888 Xl
791 2827 835 2912 (a.
862 2824 1107 2910 1371-1378),
1132 2826 1267 2888 natione
1282 2819 1411 2907 Aquita-i

294 2926 399 3005 nicus,
425 2925 551 2989 deloco
576 2923 617 2988 de
633 2922 835 2988 Malomonte
859 2924 1019 2987 dioecesis
1035 2923 1288 2988 Lemovioensis
1310 2918 1400 2984 oriun-

294 3019 367 3102 dus,
392 3032 466 3106 post
481 3021 656 3086 Urbanum
675 3021 704 3084 V
728 3021 793 3085 fuit
816 3023 991 3086 Avenione
1015 3021 1138 3086 electus
1162 3023 1196 3084 in
1212 3019 1336 3104 Papam
1358 3013 1401 3076 die

292 3119 476 3205 penultima
500 3123 623 3184 mensis
647 3119 844 3183 Decembris
869 3141 955 3184 anno
973 3121 1110 3184 Domini
1131 3121 1227 3198 1371,
1251 3127 1284 3180 et
1308 3115 1356 3178 die
1372 3111 1410 3176 4⁸1

292 3219 417 3281 mensis
439 3216 594 3281 lanuarii
625 3216 856 3302 subsequentis
879 3217 1053 3302 presbyter
1076 3217 1256 3298 ordinatus,
1290 3217 1322 3277 in
1345 3231 1409 3296 crs·q

292 3317 416 3379 stinum
449 3337 527 3380 vero
559 3324 770 3378 consecratus
802 3325 835 3378 et
866 3325 1051 3379 coronatus.
1105 3314 1203 3378 Prius
1233 3309 1399 3376 vacabatur

292 3413 409 3477 Petrus
434 3413 577 3498 Rogerii‚
601 3435 640 3476 ae
665 3434 767 3498 nepos
791 3433 833 3476 ex
857 3412 957 3476 fratre
981 3423 1052 3477 erat
1076 3411 1255 3478 Clementis
1276 3407 1332 3486 vl,
1354 3405 1398 3488 qui

292 3511 401 3594 ipsum
427 3535 457 3577 a.
474 3511 569 3594 1348,
593 3512 653 3574 vix
666 3510 850 3574 octodecim
874 3532 1048 3588 annornm,
1074 3509 1284 3576 Cardinalem
1308 3507 1403 3570 diaeo·

291 3631 373 3673 num
388 3619 569 3675 creaverat.
604 3610 766 3674 Doctrina
781 3619 893 3673 tamen
910 3619 942 3672 et
957 3609 1080 3693 pietate
1104 3619 1218 3694 postea
1240 3605 1335 3670 valde
1356 3621 1401 3664 ex·

291 3707 414 3788 calluit,
446 3719 475 3772 et
507 3731 601 3794 quum
632 3718 711 3772 esset
733 3707 871 3786 humilis,
904 3707 1070 3785 modestus,
1103 3710 1348 3792 circumspectus,
1375 3703 1400 3760 ὀί

291 3805 446 3884 liberalis,
478 3830 515 3870 ac
539 3804 616 3870 aliis
638 3803 747 3869 multis
769 3805 939 3870 uirtutibus
963 3804 1102 3884 dotatus,
1135 3827 1237 3870 omnes
1261 3814 1325 3868 tam
1345 3819 1399 3863 sar

290 3903 415 3966 celares
431 3904 600 3989 principes
623 3925 714 3988 quam
735 3903 882 3989 praelati
905 3914 934 3966 et
958 3903 1019 3966 alii
1042 3905 1221 3990 quicumque
1244 3900 1290 3965 nd
1311 3901 1374 3984 opst

364 4115 384 4182 ¹)
403 4114 495 4175 Balut,
516 4115 609 4169 Prima
626 4115 693 4170 Vita
712 4115 816 4170 Urbani
829 4115 861 4170 V.
883 4131 908 4183 p.
927 4115 988 4172 390.

363 4194 472 4262 ²)1tid.
493 4211 518 4262 p.
538 4195 598 4255 398.
