2832 4844
129 639 227 688 Angliao
242 649 290 682 reg-

299 477 353 530 464
499 475 629 534 XXVIII.
650 475 689 528 De
707 480 783 528 statu
802 473 942 528 societatis
961 471 1052 528 christ.
1071 489 1140 528 saec.
1159 473 1236 530 XIII.

389 619 442 682 93.
489 617 528 682 In
561 618 684 704 Anglia
722 617 786 700 boc
824 617 955 682 saeculo
986 639 1095 681 rerum
1126 616 1399 682 ecclesiasticarum

196 713 241 740 ¹¹¹¹*
301 716 447 780 conditio
472 727 523 780 sat
546 715 665 780 florida
688 716 772 798 fuit3
798 715 920 779 multae
937 725 1048 779 tamen
1065 714 1277 780 difficultates
1299 717 1403 800 passini

300 825 435 878 exortae
467 823 544 880 sunt
583 817 670 878 inter
701 835 795 898 reges
826 823 859 876 et
886 815 1058 900 episcopos
1088 824 1298 899 caeterosque
1325 811 1399 897 regni

300 933 462 996 proceres.
509 911 708 976 Perduravit
731 911 890 976 videlicet
913 913 1071 976 intestina
1094 911 1151 976 illa
1173 911 1273 994 lucta,
1296 913 1327 975 in
1350 931 1401 994 qus

299 1031 453 1094 proceres
469 1031 584 1095 regum
600 1011 829 1074 auctoritatem
848 1019 1026 1091 coarctare,
1051 1011 1218 1095 principes
1236 1031 1311 1073 vero
1326 1027 1401 1072 suan

299 1117 495 1192 potestatem
526 1107 658 1172 firmare
689 1118 722 1172 et
751 1106 912 1193 ampliare
937 1106 1124 1172 studebant.
1172 1109 1326 1192 Dumque
1346 1121 1404 1190 pre*

301 1227 391 1269 ceres
423 1205 589 1270 interdum
624 1206 658 1269 in
681 1204 858 1270 limitanda
881 1207 1071 1291 principum
1096 1209 1293 1270 auctoritate
1314 1203 1400 1268 terni·

301 1324 361 1366 nos
391 1302 722 1387 transgrediebantur
762 1305 948 1389 aequitatis,
988 1305 1157 1389 principes
1189 1303 1400 1368 dominationis

300 1399 495 1465 arbitrariae
526 1411 558 1464 et
590 1400 789 1488 despoticae‚
824 1403 970 1466 maxime
995 1403 1029 1466 in
1054 1400 1178 1466 clerum
1203 1413 1237 1465 et
1260 1399 1400 1464 ecclesias.

300 1499 424 1584 passim
449 1500 564 1563 merito
589 1499 824 1584 arguebantur.
871 1500 1046 1586 Sapienter
1069 1511 1180 1565 autem
1204 1501 1239 1564 in
1264 1499 1326 1563 illis
1347 1517 1400 1560 con·

300 1598 469 1660 troversiis
494 1597 635 1662 Romani
660 1598 839 1663 Pontifices
868 1601 1119 1663 intervenerunt
1151 1619 1188 1663 eo
1220 1596 1275 1661 vel
1310 1595 1400 1678 mugit

301 1694 390 1780 quod
422 1694 578 1780 specialia
614 1697 694 1781 ipsis
728 1698 761 1760 in
787 1696 944 1780 Angliam
970 1696 1048 1783 jura
1081 1706 1209 1779 essent3
1248 1711 1406 1782 eorumque

301 1792 445 1857 influxui
483 1792 698 1858 tribuendum
736 1805 794 1877 est,
834 1795 922 1881 quod
952 1794 1219 1880 perturbationes
1244 1789 1399 1858 identidem

301 1901 445 1971 exortae,
476 1901 575 1977 atque
599 1894 698 1956 etiam
724 1891 848 1958 bellum
874 1891 973 1956 civile
997 1894 1085 1978 quod
1109 1914 1197 1957 anno
1224 1892 1311 1956 1263
1333 1911 1400 1952 exar-

301 1990 359 2070 sit,
400 1990 498 2053 citius
537 1989 650 2054 sedata
689 1991 821 2055 fuerint.
880 1991 1119 2075 Regnavcrunt
1152 2012 1190 2054 eo
1225 1987 1351 2054 saeculo
1379 1987 1401 2046 in

302 2086 440 2172 Angiia,
480 2097 554 2172 post
591 2097 728 2152 mortem
750 2089 893 2154 Joannis
928 2089 999 2152 sine
1032 2099 1137 2171 terra,
1177 2089 1341 2152 Henricus
1366 2079 1402 2146 lit

302 2183 551 2270 (ltro-1272)
588 2194 621 2249 et
657 2185 757 2272 hujus
796 2186 884 2251 filius
908 2186 1086 2250 Eduardus
1115 2187 1132 2250 Ι
1164 2179 1407 2274 (1272-1301r

302 2282 380 2348 Sese
405 2293 630 2368 opposuerunt
643 2284 822 2349 Pontifices
846 2287 945 2348 etiam
972 2286 1175 2370 oppressioni
1200 2284 1401 2348 Hibernornn

302 2403 361 2467 pcr
377 2379 563 2464 Anglorum
586 2403 689 2464 reges,
715 2404 856 2469 quorum
874 2382 1059 2447 dominium
1085 2402 1255 2446 summum
1280 2382 1314 2444 in
1336 2375 1401 2442 illan

302 2479 454 2559 insulam,
480 2480 527 2543 uti
552 2480 709 2564 vidimus,
728 2481 801 2567 jam
824 2482 992 2546 firmatum
1016 2489 1094 2546 erat.
1126 2481 1178 2544 Ita
1195 2479 1357 2544 Honorius
1367 2471 1403 2536 ΙΙΙ

303 2599 390 2640 anno
416 2579 502 2642 1219
527 2580 620 2642 varia
644 2577 707 2642 hac
731 2581 765 2644 in
790 2601 825 2643 re
849 2578 955 2642 edidit
978 2580 1148 2663 rescripta,
1179 2587 1213 2641 et
1237 2573 1402 2662 providens

303 2683 340 2738 ut
363 2675 495 2761 aequali
514 2676 589 2763 jure
614 2697 690 2740 curn
715 2676 833 2762 Anglis
857 2675 1000 2740 Hiberni
1031 2675 1225 2760 gauderent,
1257 2669 1404 2738 mandarit

302 2772 410 2858 legato
435 2795 504 2856 suo,
538 2783 575 2838 ut
598 2776 727 2838 irritum
752 2773 936 2838 declararet
960 2773 1129 2838 decretum
1153 2771 1337 2859 Anglcrum
1358 2786 1405 2854 qut

303 2882 495 2953 statuerant,
533 2870 614 2936 nulii
647 2871 797 2937 Hiberno
838 2873 1034 2956 dignitatem
1066 2870 1324 2935 ecclesiasticam
1353 2883 1407 2929 esse

304 2969 548 3036 conferendam.
596 2970 780 3035 Excessum
806 2993 884 3035 vero
909 2970 1089 3056 quemdam
1113 2969 1338 3034 Hibernorum
1359 2983 1407 3026 me

304 3067 435 3133 deravit
457 3069 673 3133 innocentius
696 3069 755 3154 IV,
789 3067 954 3133 mandans
977 3088 1065 3133 anno
1091 3066 1178 3132 1250
1202 3075 1239 3130 ut
1262 3079 1406 3130 revocare

303 3176 358 3230 tur
381 3165 511 3230 illorum
535 3175 705 3250 statutum,
730 3189 795 3253 quo
815 3167 1042 3249 decreverant,
1066 3164 1147 3230 nulii
1163 3163 1274 3250 Anglo
1299 3157 1405 3226 canoni·

305 3274 414 3329 catum
442 3266 475 3328 in
500 3263 663 3330 Hibernia
683 3264 934 3330 concedendum
960 3285 1042 3328 esse.
1055 3301 1098 3312 —
1115 3263 1226 3349 Atque
1244 3261 1325 3325 haec
1339 3251 1405 3320 suffi-

305 3364 372 3427 ciat
394 3363 543 3428 retulisse
567 3363 676 3449 quoad
692 3363 916 3428 conditionem
941 3384 1051 3427 rerum
1071 3360 1363 3426 ecclesiasticarum
1382 3353 1405 3414 ir

305 3463 494 3547 praecipuis
518 3459 607 3526 orbis
631 3463 742 3545 regnis
766 3472 798 3526 et
821 3459 1023 3546 regionibus.

395 3559 448 3623 94.
495 3557 642 3623 Plurima
686 3581 771 3646 quae
812 3560 855 3624 ad
894 3561 1061 3622 internum
1099 3567 1220 3621 statum
1259 3551 1406 3620 Ecclesiae

420 3706 492 3712 -.—--
508 3705 518 3712 -

305 3778 337 3831 B.
357 3775 439 3830 Petro
467 3773 577 3842 ejusque
599 3771 796 3826 successoribus
816 3770 918 3825 terreni
943 3769 1024 3824 simul
1043 3785 1074 3822 ec
1092 3767 1217 3822 coelestis
1235 3765 1397 3834 impertior

306 3855 395 3912 missis
419 3853 531 3908 habenis
556 3891 641 3908 ....
668 3851 863 3923 (Romanorum
887 3850 1024 3919 princeps)
1049 3849 1230 3903 Romanorum
1256 3839 1376 3902 Pontifici,
1390 3849 1405 3926 Ιι

307 3953 359 4005 quo
376 3935 487 4002 Imperii
506 3934 632 3987 honorem
656 3941 684 3986 et
702 3931 826 3987 diadema
844 3930 1025 3998 consequitur,
1049 3927 1190 3983 fidelitatis
1208 3933 1237 3982 et
1255 3921 1404 4008 subiectiora

307 4017 415 4072 vinculo
433 4031 462 4070 ae
480 4013 656 4082 adstringit“
695 4011 746 4067 Sed
758 4012 889 4081 eJnsrnodi
908 4011 992 4066 effata
1004 4009 1184 4077 comparanda
1195 4013 1261 4062 sunt
1278 4021 1334 4061 cun
1350 4013 1404 4068 pun·

307 4097 385 4166 cipiis
404 4095 480 4160 alies,
509 4111 540 4148 ec
558 4092 716 4161 praesertim
742 4092 775 4146 ab
799 4091 958 4148 Innocentio
978 4090 1020 4144 111
1048 4087 1184 4156 expositis,
1210 4093 1239 4140 et
1261 4086 1337 4154 juxta
1356 4079 1404 4168 ἦξε(

307 4175 440 4245 principia
460 4173 648 4242 intelligenda.
694 4175 785 4240 Atque
810 4174 852 4227 ita
873 4185 993 4240 congrue
1021 4167 1199 4224 conciliantur
1222 4182 1282 4220 cunr
1305 4164 1406 4216 turnus

263 4267 268 4286 ·
308 4257 415 4326 saepius
430 4257 488 4325 jam
508 4254 626 4310 laudata.
