2858 4834
357 474 397 528 De
415 473 503 528 initiis
522 475 728 530 controversiae.
1055 477 1107 532 159

30 621 161 683 nicationi
184 617 330 705 alioquin
355 627 541 705 opportuna
565 617 775 699 videbantur,
808 621 912 684 aritae
943 631 1104 684 eonsuetu-

29 716 84 778 diar'r
102 717 189 782 titulo
211 739 271 781 rex
294 715 359 781 sibi
383 737 536 800 arrogare
560 727 697 781 conatus
720 725 779 782 est.
827 717 939 798 Quum
964 737 1042 781 vero
1067 739 1105 781 eo

28 813 245 898 progrederetur,
269 825 307 879 nt
324 815 460 901 juberet
482 815 738 880 consuetudines
762 814 925 901 ejusmodi
949 837 1034 902 quae
1059 815 1106 880 di·

27 913 99 991 cebat,
125 912 310 998 praesulum
334 913 398 977 sihi
427 913 551 976 firmari
581 913 809 997 acceptatione
840 912 988 992 solemni,
1022 913 1106 977 adeo

27 1027 49 1070 n
64 1010 96 1074 sd
116 1013 214 1075 instar
232 1011 320 1096 juris
342 1010 500 1076 normalis
523 1010 662 1096 perinde
686 1009 896 1092 haberentur,
921 1013 951 1076 ci
976 1013 1105 1093 restitit,

25 1107 214 1190 addiximus,
239 1108 386 1174 Thomas
408 1107 657 1173 (lantuariensis
683 1108 962 1194 archiepiscopus,
991 1120 1023 1173 et
1052 1131 1106 1195 po·

25 1217 111 1270 sceno
132 1208 315 1272 constantia
338 1229 399 1272 sua
414 1208 501 1292 regis
517 1216 655 1270 conatus
671 1206 768 1270 elisit.
800 1205 865 1270 Sed
885 1207 957 1292 jam
978 1207 1107 1272 devita

24 1303 95 1388 hujus
114 1307 171 1368 riri
202 1305 310 1392 deque
340 1304 533 1385 eventibus,
565 1307 621 1390 qui
653 1304 697 1368 ad
727 1303 814 1368 hanc
844 1326 979 1369 eausam
1008 1307 1106 1391 perti·

24 1413 85 1478 rent,
105 1401 196 1487 paulo
220 1405 409 1467 accuratius
432 1423 580 1487 agamus.

84 1501 110 1564 6.
131 1500 234 1565 Natus
259 1510 307 1564 est
330 1499 476 1565 Thomas
499 1500 626 1564 Becket
649 1500 703 1564 die
727 1501 787 1565 21⁰
803 1499 1000 1565 Decembris
1023 1504 1103 1566 anni
1148 1511 1250 1551 ΨΜ

25 1597 90 1678 llll,
105 1609 198 1684 putre
225 1597 369 1662 Gilbcrto
397 1600 452 1684 qai
475 1609 505 1662 et
526 1599 693 1662 vicecomes
708 1598 791 1684 fuit,
815 1609 915 1663 matre
930 1597 1105 1679 Marruca,
1150 1571 1246 1613 Bm

25 1693 107 1758 aulus
126 1696 311 1760 Lundonioc
330 1696 539 1774 mediastinis,
570 1719 667 1782 acque
691 1696 947 1782 foenerantihur,
983 1698 1037 1762 sed
1068 1698 1107 1762 de

23 1791 161 1858 redditibus
184 1793 350 1877 donon‘fice
372 1793 590 1875 maenadas&
636 1795 667 1858 A
690 1793 884 1880 parentibus
907 1795 951 1859 ad
975 1817 1106 1860 omnem

22 1891 141 1972 pietatem
170 1890 214 1955 ab
238 1893 333 1956 initio
365 1893 546 1974 institutus,
577 1890 760 1955 litterarum
794 1891 915 1956 deinde
948 1901 982 1956 et
1008 1893 1107 1980 juris-

22 1987 180 2070 prudentiae
205 1989 323 2054 studiis
348 2011 482 2076 operam
506 1991 699 2074 praesertim
723 1990 860 2054 Parisiis
883 1990 992 2072 deditp
1021 1991 1107 2055 Lon-

24 2081 104 2150 lirum
127 2087 160 2150 in
184 2097 351 2172 posterum
377 2089 480 2152 venit.
525 2087 656 2151 Ibidem
680 2096 802 2152 statum
831 2087 1015 2153 clericalem
1041 2111 1108 2153 am·

25 2179 106 2262 plexus
127 2195 183 2266 est,
209 2195 242 2247 et
264 2195 438 2272 postquam
465 2185 556 2270 apud
580 2207 732 2270 proceres
746 2186 909 2272 quaedam
934 2186 1017 2250 obiit
1040 2209 1108 2250 mu·

26 2282 64 2350 ria.
82 2281 120 2345 ad
134 2282 365 2348 Theobaldum
389 2282 677 2369 archiepiscopum
693 2281 967 2348 Cantuariensem
984 2307 1019 2348 se
1034 2306 1109 2349 con·

25 2376 78 2451 ulit,
98 2383 151 2466 qui
176 2382 238 2445 viri
263 2382 416 2467 peritiam
442 2382 644 2466 perspiciens
668 2402 746 2446 mox
770 2381 812 2445 ad
836 2383 953 2465 gravia
976 2384 1111 2468 negotia

24 2495 70 2538 ern
91 2478 248 2561 adhibuit,
274 2479 452 2544 diaconum
476 2479 653 2560 ordinavit,
679 2480 745 2543 imo
769 2479 812 2542 ad
835 2501 955 2543 munus
978 2479 1109 2566 amplis

23 2573 110 2639 sinum
132 2577 360 2642 archidiaconi
376 2576 536 2642 eeclesiae
554 2575 803 2642 Cantuariensis
819 2579 995 2663 promovit.
1020 2578 1109 2643 Dein

22 2689 93 2752 opera
112 2673 295 2740 Theobaldi
329 2678 428 2740 etiam
459 2675 585 2739 factum
616 2683 674 2756 est,
708 2684 746 2739 ut
775 2677 862 2759 regis
892 2674 1112 2741 cancellarius

21 2765 94 2835 leret.
136 2775 189 2837 De
213 2775 277 2838 ista
301 2775 507 2859 promotione
530 2795 570 2837 ac
595 2772 636 2837 dc
659 2773 730 2836 vita
745 2772 904 2852 Thomas,
930 2773 1009 2838 dum
1034 2796 1109 2838 can·

21 2865 138 2932 cellarius
160 2882 240 2954 erat,
274 2872 321 2935 ita
345 2869 486 2936 habetur
510 2871 545 2935 in
568 2870 716 2935 Thomas
746 2871 820 2936 Vita
850 2871 1110 2957 quadripartita:

22 2962 233 3033 descedentes
256 2979 331 3054 post
354 2968 522 3034 modicum
547 2967 693 3032 Henrico
717 2967 813 3032 Duce
836 2969 1061 3034 Normanniae
1077 2980 1115 3034 ct

21 3059 189 3144 Aquitaniae
212 3065 382 3152 Stephano
406 3065 590 3150 Anglorum
622 3068 692 3151 regi
723 3067 758 3131 in
781 3089 931 3151 regnum,
964 3066 1109 3132 elabora·

22 3167 68 3222 tur
93 3173 136 3226 est
166 3163 208 3228 ab
240 3164 408 3229 antedicto
447 3163 713 3251 archiepiscopo,
747 3176 933 3250 suspectam
964 3165 1109 3231 habente

24 3258 75 3320 tori
95 3262 177 3346 regia
199 3261 468 3344 adolescentiam,
493 3283 595 3348 quam
618 3283 798 3348 pravorum
829 3263 1001 3328 hominum
1034 3285 1108 3328 con-

24 3349 72 3417 cilis
90 3371 270 3442 pervertere
295 3360 526 3443 moliebantur,
559 3369 596 3424 ut
618 3359 873 3425 archidiaconus
895 3385 975 3426 suus
1000 3363 1107 3426 effice-

23 3466 85 3514 retur
103 3459 185 3541 regis
207 3457 403 3523 collateralis
427 3468 460 3523 et
483 3457 715 3541 cancellarius,
749 3459 844 3545 cujus
867 3481 929 3545 ope
953 3470 986 3522 et
1008 3481 1111 3545 opera

23 3551 76 3612 rori
96 3557 186 3638 regis,
209 3577 252 3620 ne
265 3558 408 3620 saeviret
431 3558 465 3620 in
482 3556 677 3639 Ecclesiam,
703 3558 863 3642 impetum
881 3557 1059 3639 cohiberet,
1076 3568 1109 3622 et

24 3647 119 3713 consilii
147 3655 197 3716 sui
225 3664 424 3740 temperarat
454 3654 615 3719 malitiam
646 3665 679 3719 et
708 3657 901 3741 reprimeret
931 3655 1107 3720 audaciam

24 3741 190 3832 officialium,
214 3754 271 3839 qui
295 3752 357 3816 sub
374 3752 510 3817 obtentu
527 3751 681 3840 publicae
699 3755 871 3838 potestatis
886 3762 918 3818 et
933 3763 1109 3840 praetextu

22 3835 88 3922 luris,
108 3857 171 3911 tam
183 3849 353 3915 Ecclesiae
377 3873 478 3936 quam
492 3850 747 3936 provincialium
765 3850 940 3917 facultates
964 3851 1110 3937 diripere

26 3944 266 4026 suspiraverant.
304 3946 470 4013 Cernebat
492 3951 616 4035 quippe
640 3950 790 4035 pontifex
815 3950 987 4037 juvenem,
1005 3949 1113 4044 ¹cujus

28 4051 102 4102 mores
121 4052 152 4106 et
172 4044 367 4109 industriam
391 4047 426 4110 in
451 4048 553 4111 variis
571 4049 642 4134 jam
667 4069 776 4112 rerum
794 4048 970 4112 eventibus
993 4069 1112 4133 exper—

29 4173 200 4196 ‘Q-Q

77 4250 95 4316 ¹)
110 4251 226 4312 Guilelm.
244 4255 430 4326 stephanides,
448 4256 516 4312 Vita
532 4257 657 4326 Thomae,
677 4274 719 4328 ap.
739 4259 821 4327 Giles,
839 4259 914 4316 Tom.
933 4259 955 4314 1.
968 4277 993 4330 p.
1009 4260 1070 4318 185.
