2916 4842
284 447 336 502 146
443 446 542 502 XXIV.
562 448 602 502 De
621 447 738 502 dissidiis
757 447 888 502 Frideriei
906 448 922 503 I
940 463 999 503 cum
1018 450 1050 505 a
1070 449 1256 506 Pontificibus.

282 603 335 656 tus
360 593 409 656 sui
434 593 525 656 viam
549 593 725 656 universae
750 593 859 656 carnis
883 593 1059 677 ingressus,
1084 595 1242 678 migravit
1274 596 1319 660 ad
1343 597 1411 661 Do-

283 693 410 756 minum
435 691 525 776 apud
550 691 720 754 civitatem
738 688 881 772 Castelli,
908 690 962 755 die
978 692 1039 756 30⁰.
1053 691 1195 776 Augusti
1211 695 1291 757 anni
1310 695 1409 760 1181.

283 787 446 875 Sepultus·
462 790 525 853 fuit
548 790 581 852 in
606 788 823 852 Latersnensi
848 788 996 871 basilica,
1021 799 1120 875 atque
1145 791 1260 855 merito
1284 791 1413 856 dicitur

283 889 318 951 in
337 885 511 973 ‘epitaphio
539 886 634 965 „laea
650 884 736 966 cleri,
752 887 845 950 decsss
860 886 1018 966 ecclesiae,
1030 899 1127 974 pater
1140 888 1229 953 urbis
1244 899 1274 952 et
1288 890 1409 954 orbis.“

285 984 575 1067 Quemadmodum
599 995 710 1048 autem
735 985 877 1048 eximius
901 985 964 1049 luit
988 987 1023 1049 in
1046 985 1217 1051 Ecclesiae
1233 990 1409 1072 regimine,

283 1085 329 1148 ita
342 1086 442 1147 etism
454 1085 592 1147 scientia
609 1092 641 1146 et
656 1081 842 1146 eruditione
854 1103 948 1146 sacra
961 1084 1130 1167 eminebat
1138 1082 1332 1150 Alexander
1344 1089 1411 1152 III.

283 1182 337 1246 Ad
367 1185 455 1271 cujus
489 1180 719 1258 litteraturam,
752 1181 799 1244 ait
822 1180 986 1244 Robertus
1016 1181 1057 1244 de
1081 1182 1204 1264 Monte,
1233 1186 1335 1270 pauci
1371 1187 1411 1248 de

276 1280 533 1368 praecessoribus
558 1283 625 1368 ejus
648 1277 740 1364 iufra
763 1289 884 1341 reatum
899 1301 1001 1342 aanor
1016 1281 1197 1364 ottiperuot.
1236 1282 1413 1347 Faltonius

283 1381 318 1444 ia
341 1380 454 1444 diuina
470 1375 596 1464 papiae
614 1385 807 1461 praeceptor
828 1376 997 1454 matrimus,
1030 1385 1060 1439 et
1087 1378 1122 1439 ia
1145 1377 1279 1443 decretis
1302 1393 1332 1442 et
1356 1405 1411 1444 ca·

282 1479 418 1544 aeribus
451 1487 480 1541 et
509 1476 544 1538 ia
575 1474 732 1537 Romanis
764 1472 882 1557 lepidas
909 1474 1115 1559 praecipuas.
1173 1476 1260 1538 Nam
1290 1478 1414 1542 multas

283 1578 481 1664 quaestiones
512 1570 725 1658 difficillimas
748 1581 778 1634 et
799 1591 912 1655 proves
935 1571 970 1634 ia
995 1571 1129 1636 decretis
1152 1583 1182 1635 et
1205 1573 1323 1660 lepidos
1353 1576 1410 1640 ab·

283 1674 377 1739 solvit
408 1684 438 1738 et
467 1670 641 1737 enucleavit
658 1669 680 1748 ¹)
732 1667 853 1754 Atque,
889 1678 925 1731 ut
957 1668 1057 1755 hujus
1089 1669 1259 1734 Pontificis
1290 1670 1414 1738 laudes

283 1774 399 1858 paucis
429 1768 684 1847 concludamus,
718 1765 912 1830 Alexander
939 1765 990 1830 III
1017 1766 1211 1853 jungendus
1244 1792 1324 1834 sane
1357 1783 1413 1835 est

283 1869 443 1953 Gregorio
468 1867 534 1932 VII
558 1875 591 1929 et
613 1865 809 1929 Innocentio
833 1863 894 1946 III,
926 1863 990 1928 illis
1014 1866 1115 1930 medii
1140 1869 1215 1930 aevi
1239 1863 1414 1934 Pontifici·

282 1966 356 2049 bus,
381 1966 437 2052 qui
462 1986 541 2050 prae
565 1964 702 2027 caeteris
726 1963 946 2026 eminuerunt.

372 2067 425 2130 bl.
451 2064 490 2127 ln
514 2060 699 2126 Alexandri
725 2060 776 2125 III
804 2082 1026 2125 successorem
1058 2061 1112 2124 die
1143 2061 1178 2125 1⁰
1201 2059 1413 2147 Septembris

128 2162 263 2265 huglssffl
286 2162 418 2244 electus,
451 2171 483 2225 et
507 2161 562 2224 die
585 2158 623 2223 6⁰
652 2168 863 2222 consecratus
892 2158 957 2222 fuit
979 2159 1095 2222 Lucius
1117 2158 1179 2237 III,
1209 2162 1318 2245 patria
1341 2160 1410 2224 Lu-

180 2254 185 2264 '
223 2253 228 2264 ’
286 2263 401 2340 censis,
434 2270 532 2324 antea
558 2254 769 2320 Humbaldus
792 2254 1031 2340 Allucingolus‚
1064 2255 1252 2322 Cardiualis
1282 2261 1411 2343 episco-

283 2381 346 2444 pus
370 2357 542 2439 Ostiensis,
574 2355 627 2417 vir
649 2353 859 2437 grandaevus
887 2353 984 2418 etde
1009 2352 1158 2418 Ecclesia
1186 2355 1257 2440 jam
1282 2357 1412 2441 optime

283 2459 419 2520 meritus
432 2455 536 2520 variis
552 2454 586 2517 in
605 2451 807 2534 muneribus,
831 2451 953 2537 quibus
977 2451 1037 2516 sub
1056 2452 1248 2518 Alexandro
1272 2454 1411 2519 functus

251 2615 255 2625 ,
282 2563 362 2620 erat.
410 2553 456 2618 Ut
479 2552 668 2617 decessores
692 2552 757 2628 sui,
788 2549 880 2614 civili
906 2549 1067 2614 seditione
1100 2560 1133 2614 et
1164 2550 1411 2638 multiplicibus

282 2650 518 2716 vexationibus
541 2649 765 2714 Romanorum
786 2647 884 2712 valde
908 2651 1096 2733 exagitatus
1119 2650 1191 2730 fuit,
1216 2651 1263 2714 ita
1286 2660 1323 2713 ut
1347 2653 1412 2714 vix

283 2771 429 2837 unquam
453 2749 578 2813 Romae
602 2757 711 2833 posset
734 2749 867 2811 versari.
915 2745 1126 2832 Apostolicae
1150 2745 1245 2812 Sedis
1264 2751 1343 2832 jura
1368 2771 1411 2814 eo

282 2858 429 2933 tempore
445 2844 574 2910 fervide
591 2843 741 2909 defendit
758 2843 965 2908 Christianus
981 2845 1196 2929 Mogontinus
1219 2847 1412 2932 episcopus,

250 2967 253 2976 ·
281 2949 328 3010 rei
354 2945 492 3009 militiae
516 2944 745 3030 peritissimus,
770 2962 868 3028 quem
892 2943 1076 3028 Imperator
1100 2944 1134 3007 in
1147 2943 1244 3007 Italia
1267 2943 1410 3030 relique-

282 3054 347 3124 rat3
372 3065 411 3106 ea
433 3044 561 3106 ratione
577 3040 632 3104 hic
650 3042 702 3104 vir
717 3051 889 3105 anteactae
905 3043 995 3106 vitae
1011 3040 1159 3106 facinora
1175 3043 1285 3106 minus
1302 3042 1411 3127 digna

283 3143 418 3226 expiare
442 3141 534 3204 visus
558 3151 616 3204 est.
664 3137 730 3203 Sed
756 3159 859 3224 quum
882 3160 970 3203 auno
998 3140 1083 3204 1183
1099 3139 1253 3203 Pontifici
1277 3140 1408 3204 auxilio

282 3239 436 3320 venisset,
465 3247 588 3302 aestate
612 3237 700 3301 illius
723 3238 802 3301 anni
827 3236 946 3301 incidit
978 3238 1012 3300 in
1041 3237 1160 3301 febrim
1191 3237 1408 3320 mortiferam,
1441 3249 1442 3254 ’

282 3347 314 3400 et
338 3357 441 3422 quum
466 3335 704 3400 confessionem
738 3335 792 3420 pie
823 3334 913 3420 apud
946 3336 1054 3420 ipsum
1086 3335 1282 3399 Pontificem
1313 3358 1406 3422 pere-

280 3436 383 3520 gisset
404 3433 447 3497 ab
472 3456 576 3520 eoque
600 3432 725 3497 ultimis
749 3434 963 3496 sacramentis
980 3433 1127 3497 munitus
1142 3443 1237 3516 esset,
1261 3433 1322 3498 25⁰
1338 3436 1407 3498 Au-

280 3534 367 3616 gusti
392 3531 478 3596 diem
506 3531 624 3596 clausit
646 3540 841 3612 extremum.
867 3569 910 3578 —
933 3531 1060 3596 Lucius
1075 3531 1127 3595 III
1143 3532 1220 3597 dein
1236 3531 1408 3596 Veronam

280 3631 448 3717 profectus
472 3651 584 3694 mense
608 3627 791 3694 Novembri
815 3631 894 3693 anni
914 3629 1000 3693 1184
1014 3627 1149 3711 ibidem,
1174 3629 1407 3715 praesentibus

280 3730 483 3814 Imperatore
522 3737 555 3792 et
589 3726 701 3791 multis
738 3728 902 3812 episcopis
933 3737 966 3790 et
996 3727 1205 3813 proceribus,
1238 3727 1406 3813 synodum

280 3825 408 3890 habuit.

370 3923 424 3988 52.
448 3921 633 4008 Imperator
656 3924 783 3986 interea
801 3923 873 4010 jam
897 3945 984 3987 anno
1002 3923 1087 3987 1183
1112 3945 1188 3988 eum
1212 3924 1404 4010 Langobar-

281 4021 332 4085 dis
355 4043 473 4107 pacem
498 4019 704 4085 concluserat
726 4043 877 4107 aequam.
924 4019 1071 4084 Sublatis
1088 4020 1246 4086 videlicet
1261 4022 1406 4088 decretis

356 4235 375 4304 ι)
394 4234 444 4300 Ap.
465 4233 628 4301 Watterieh‚
648 4233 683 4288 11.
703 4233 763 4290 649.
784 4250 810 4288 u.
828 4234 853 4290 2.
