2822 4838
288 448 341 502 306
556 447 656 505 XXVI.
676 447 716 502 De
734 447 901 502 Pontificctu
919 447 1073 503 Innocentii
1091 447 1143 507 ΙΙΙ,

288 591 414 656 bruarii
438 613 467 656 a.
496 590 581 655 1204
605 614 681 655 eum
705 591 854 655 hortatus
878 600 936 674 est,
961 601 998 655 ut
1022 593 1057 656 in
1081 589 1177 657 Sedis
1200 592 1387 678 Apostolicse

289 688 465 754 devotione
489 690 686 774 persisteret.
733 689 860 753 Eodem
886 689 940 753 die
964 691 1064 754 etiam
1088 689 1262 776 epistolam
1291 690 1387 754 direxit

288 786 332 850 sd
356 788 611 871 crucesignatos,
639 793 727 873 'quos
752 795 872 868 monet,
904 794 941 850 ut
964 786 1027 851 sibi
1053 788 1238 868 consulant,
1271 791 1296 852 si
1325 789 1389 852 forte

289 906 355 950 non
387 893 477 948 recta
501 886 684 950 intentione
707 883 832 948 bellum
855 882 993 948 Graecis
1025 885 1211 968 intulerint,
1245 908 1341 972 quum
1364 887 1389 948 in

288 1003 327 1046 eo
356 1003 435 1045 casu
469 1005 623 1047 censuras
647 983 864 1062 incurrerint3
904 993 1071 1047 caeterum
1099 1004 1154 1048 eos
1185 983 1339 1065 hortetur,
1366 995 1392 1044 ut

277 1078 407 1165 ,amodo
426 1080 498 1166 jam
522 1082 600 1144 totis
623 1080 752 1144 viribus
775 1080 818 1144 ad
842 1081 1125 1166 recuperationem
1149 1090 1256 1144 terrae
1279 1090 1400 1145 sanctae

126 2434 279 2475 Dlfflcultatsr

153 2503 253 2538 excuse.

287 1176 484 1263 insistant.¹)
519 1178 640 1242 Paucis
664 1179 845 1264 interjectis
869 1178 997 1260 diebus,
1023 1179 1098 1264 (25⁰
1121 1177 1233 1265 Febr.)
1257 1179 1302 1244 ad
1323 1179 1395 1244 Dan·

289 1273 401 1339 dolum
425 1275 628 1340 Venetorum
652 1277 782 1341 Ducem
807 1277 949 1362 scripsit,
980 1276 1196 1362 hortatusque
1220 1285 1277 1358 est,
1311 1287 1344 1340 nt
1363 1273 1394 1338 ad

288 1372 436 1436 officium
464 1373 600 1455 rediret,
637 1377 852 1460 animumque
885 1396 925 1438 ac
949 1375 1037 1438 vines
1073 1377 1107 1439 in
1140 1383 1247 1439 terrae
1278 1385 1397 1440 sanctae

289 1469 474 1534 subsidium
508 1481 723 1538 converteret.
782 1473 868 1536 Tunc
897 1471 1018 1535 demum
1047 1473 1127 1536 Duc
1157 1485 1186 1538 et
1219 1473 1330 1537 Veneti
1356 1471 1400 1556 qni

288 1579 378 1632 ararat
401 1571 436 1631 in
456 1567 594 1633 Graecia
617 1571 769 1633 miserunt
791 1571 919 1634 nucleos
943 1569 987 1632 ud
1002 1569 1138 1648 Petrum,
1165 1569 1251 1634 tituli
1274 1595 1301 1636 s.
1325 1571 1400 1634 Murn

289 1667 361 1730 aelli
378 1667 597 1754 presbyterum
613 1665 828 1746 Cardinclem,
852 1665 1057 1754 Apostolicae
1074 1666 1168 1732 Sedis
1191 1666 1337 1752 lepaturn,
1359 1666 1400 1730 ul«

288 1763 456 1828 solutionis
480 1765 658 1851 beneficium
681 1766 903 1852 eaplorcutes;
941 1766 995 1852 qui
1031 1767 1119 1829 misit
1156 1767 1200 1830 ad
1233 1764 1311 1830 illos
1347 1787 1400 1828 criu

288 1862 405 1926 litteris
428 1864 495 1926 auis
519 1865 749 1927 thesaurarium
768 1864 990 1928 'Nicosieusem
1014 1863 1052 1926 de
1080 1861 1195 1950 Cypro,
1227 1875 1257 1928 et
1292 1875 1400 1950 receptu

289 1959 328 2022 ab
353 1961 398 2023 eis
421 1960 590 2024 secundum
604 1961 747 2047 formam
766 1959 928 2025 Ecclesiae
944 1965 1139 2050 juramento,
1153 1960 1239 2047 fecit
1260 1961 1340 2026 illos
1361 1959 1400 2023 ch

288 2055 377 2136 solvi,
401 2060 543 2144 quamtis
566 2059 667 2121 adhuc
690 2060 724 2122 iu
740 2057 828 2122 nullo
851 2059 1067 2144 satiffecerint
1091 2059 1129 2123 de
1153 2060 1400 2138 commissario

288 2153 354 2217 lena
379 2177 430 2218 eos
452 2156 564 2219 habere
588 2155 720 2220 claudos
742 2179 836 2241 quam
859 2167 1005 2234 mortuos,
1029 2158 1223 2242 praesertim
1244 2180 1287 2221 ne
1312 2175 1400 2220 somn

288 2255 464 2336 coorayium
488 2265 628 2317 caeteros
650 2254 840 2338 inquinaret.
850 2253 876 2336 ²)

379 2421 432 2487 96.
473 2420 757 2508 Constantinopoli
783 2444 860 2486 vero
885 2421 975 2486 haud
1000 2421 1058 2486 diu
1082 2445 1150 2507 pax
1174 2433 1205 2488 et
1229 2419 1400 2508 tranquilli

288 2527 340 2582 tas
371 2519 610 2604 perdurarunt,
651 2521 709 2584 sed
742 2521 836 2584 brevi
868 2541 988 2605 graves
1027 2519 1239 2584 difficultates
1281 2529 1400 2584 exorto<

289 2626 376 2680 sunt.
405 2614 518 2696 Quum
543 2619 632 2682 enim
657 2617 795 2682 Graecis
819 2617 956 2682 molesta
978 2639 1018 2682 ec
1042 2618 1177 2683 duriora
1192 2629 1306 2683 essent
1322 2629 1400 2704 pact

290 2713 402 2777 Alexii
425 2737 499 2778 cum
518 2718 673 2780 cruciatis
697 2718 780 2780 inita
804 2716 846 2780 de
870 2715 1030 2780 solvenda
1053 2738 1235 2802 permagna
1251 2717 1400 2802 pecunie

287 2834 429 2894 summa,
461 2822 559 2899 atque
590 2814 705 2878 inolits
734 2816 833 2878 etiam
858 2815 920 2900 ipsi
954 2823 1152 2898 urgerentur
1179 2817 1360 2878 aversione
1385 2815 1400 2902 it

286 2909 472 2975 Ecclesiam
507 2911 745 2976 occidentalem
770 2923 803 2976 et
829 2913 864 2976 in
889 2912 1042 2994 Latinos,
1083 2914 1238 2976 cruciatis
1280 2913 1400 2998 quiden

287 3007 439 3072 hostilem
464 3009 682 3094 prodiderunt
703 3011 864 3090 animum,
889 3008 1046 3074 Alexium
1072 3031 1150 3074 vero
1176 3009 1400 3095 Imperatores

286 3127 399 3169 eorum
424 3127 486 3191 ope
510 3117 661 3171 evectum
688 3129 806 3192 parum
839 3117 1013 3192 acceptum
1045 3106 1200 3174 habuere.
1249 3107 1322 3172 Hic
1355 3131 1400 3194 qu

287 3201 362 3266 dem
381 3204 486 3282 initio,
511 3226 531 3267 a
550 3206 706 3269 cruciatis
723 3203 866 3289 adjutus,
891 3204 1054 3291 quasdam
1069 3205 1205 3291 Imperii
1222 3217 1343 3291 partes
1359 3205 1400 3270 sil

287 3299 459 3383 submisit;
494 3302 572 3366 dein
596 3324 675 3366 vero
700 3303 826 3387 etipse
850 3324 870 3366 a
895 3303 1051 3366 cruciatis
1075 3302 1238 3368 alienatus
1264 3315 1330 3369 est.
1370 3307 1400 3368 A:

287 3421 351 3484 que
375 3401 420 3462 ita
445 3398 478 3462 hi
503 3401 596 3464 varie
620 3401 733 3464 vexati
758 3409 844 3466 sunt.
869 3438 913 3447 —
937 3399 1077 3464 Ineunte
1101 3422 1198 3485 porro
1222 3425 1317 3466 anno
1339 3403 1400 3466 120

288 3493 573 3582 Constantinopoli
599 3507 669 3561 orta
693 3507 743 3561 est
765 3508 860 3561 atrox
884 3496 973 3561 lucta
1000 3496 1145 3562 Graecos
1168 3499 1257 3562 inter
1297 3512 1335 3564 et
1364 3501 1400 3566 Lt

286 3596 388 3672 tinos,
429 3594 524 3679 cujus
556 3597 755 3680 praecipuus
786 3603 901 3659 auctor
933 3595 996 3658 fuit
1029 3594 1168 3659 Alexius
1201 3595 1341 3680 Ducas,
1384 3599 1400 3660 d

288 3692 466 3777 conjuncte
497 3703 530 3756 et
560 3695 769 3757 imminentia
794 3693 970 3778 supercilia
995 3692 1213 3778 Murnulphus
1248 3717 1400 3779 cognom

287 3799 393 3856 natus.
431 3789 590 3869 Quicum
608 3801 693 3855 esset
717 3791 840 3875 ingenii
866 3789 1007 3872 subdoli,
1032 3801 1065 3856 et
1088 3792 1190 3856 animi
1216 3791 1400 3876 capessent?

363 4073 381 4144 ¹)
402 4073 536 4139 Potthast,
556 4072 623 4141 Reg.
642 4089 668 4127 n.
689 4073 865 4138 altaalta.

360 4181 384 4247 ⁹)
403 4179 495 4238 Gesta.
515 4195 541 4234 n.
562 4182 604 4232 90.
