2850 4834
411 403 452 457 Dc
469 402 659 457 Minoritsrum
679 401 774 456 tarbis.
872 445 873 450 κ
1103 403 1154 458 181

46 572 100 613 aon
122 549 333 635 provenisseq
357 545 457 611 simul
480 545 684 630 argumentis
703 543 858 630 juridicis
882 545 1056 609 ostendere
1080 548 1154 611 niti·

47 661 97 728 tur,
126 668 186 711 nec
218 648 328 731 ipsum
352 644 528 710 Nicolaum
552 642 744 722 intendisse,
758 651 813 732 ,ut
845 644 945 706 stiam
970 644 1080 729 quoad
1103 668 1156 710 res

47 768 97 810 usu
112 743 396 830 consumptibiles,
422 741 649 820 utesculenta
675 741 849 805 Minoritus
873 761 980 806 meros
1003 745 1155 808 usuarios

45 845 256 923 constitueret,
286 851 320 905 ct
349 840 535 905 dominium
559 839 602 904 sd
626 839 811 903 Romanam
837 837 1021 905 Ecclesiam
1053 849 1155 906 trans-

44 941 138 1006 ferret.
169 939 209 1004 In
226 938 326 1004 rebus
350 941 439 1004 enim
464 960 548 1024 quse
572 959 635 1001 usu
659 945 909 1018 consumuntur,
934 948 1056 1018 censet,
1080 940 1155 1003 sim-

44 1037 150 1123 plicem
175 1060 272 1102 usum
297 1038 377 1102 facti
395 1038 465 1100 sinc
490 1035 637 1100 dominio
662 1035 773 1120 aliquo
798 1055 864 1098 non
888 1034 1014 1100 heberi.
1065 1037 1154 1117 Quis,

44 1137 148 1222 inquit,
181 1159 279 1200 sanae
311 1137 422 1198 mentis
455 1134 579 1197 credere
606 1134 739 1219 poterit,
779 1132 862 1218 quod
891 1134 1025 1198 intentio
1047 1135 1156 1221 fiserit

45 1235 117 1296 tanti
131 1233 250 1311 Patris,
273 1234 369 1297 unius
391 1233 443 1295 osi
465 1253 520 1294 seu
543 1232 628 1294 casei
650 1241 707 1293 aut
716 1230 823 1316 fausti
839 1234 941 1316 panis
965 1244 996 1296 ct
1019 1233 1156 1300 aliorum

44 1355 93 1394 usu
113 1332 413 1418 consumptibilium,
443 1353 522 1416 quae
547 1329 714 1416 fratribus
738 1328 782 1392 ad
805 1331 1045 1394 consumendum
1068 1354 1084 1394 e
1106 1355 1155 1396 ue·

43 1431 123 1515 stiqio
155 1428 376 1515 conferuntur,
412 1429 585 1492 dominium
618 1429 782 1490 Romanae
813 1427 973 1492 Ecclesiae
1006 1440 1037 1493 et
1065 1454 1156 1495 uuum

43 1527 201 1592 Fratnbus
220 1529 377 1592 retinere?
389 1566 432 1575 —
446 1527 591 1590 Domum
606 1526 773 1591 loannes:
801 1525 851 1589 De
865 1526 1013 1590 Fratrum
1035 1539 1155 1593 nostro·

43 1649 109 1704 rum,
139 1626 266 1708 scribit,
298 1624 508 1690 conciliatae
532 1626 632 1689 edicto
656 1625 690 1688 iu
708 1633 898 1710 perpetuum
920 1623 1058 1689 valituro
1082 1651 1154 1692 scn-

43 1725 137 1802 cirnus,
161 1725 246 1810 quod
267 1727 303 1788 in
327 1723 417 1787 bonis
439 1745 519 1808 quoe
542 1723 752 1808 inposterum
765 1721 972 1807 conferuntur
995 1735 1050 1787 aut
1070 1723 1156 1790 alias

43 1820 261 1904 quomodolibet
283 1821 429 1886 obvenire
453 1821 614 1906 continqat
638 1817 807 1882 Fratribus
826 1842 880 1882 seu
900 1819 1018 1886 Ordiai
1044 1845 1155 1909 supra-

43 1916 134 1998 dictis,
159 1919 179 2004 (
176 1921 317 2006 acceptis
337 1919 486 1997 ecclesisis,
511 1919 672 1994 oratoriis,
697 1915 834 2002 officinis
850 1928 880 1980 et
895 1918 1155 2004 habitationibus,

43 2039 71 2077 oc
92 2019 185 2098 casis,
220 2015 311 2082 libris
344 2029 373 2080 et
405 2018 597 2081 uestimentis
620 2015 740 2078 diuinis
766 2014 889 2100 Officiis
919 2015 1075 2081 dedicata
1107 2018 1157 2082 ecl

42 2113 228 2194 dedicandis,
253 2140 331 2202 qrsae
356 2115 400 2178 ad
423 2117 511 2200 ipsos
535 2114 755 2178 obvenientia
771 2112 932 2198 futurum,
956 2115 1099 2199 adquae
1123 2139 1155 2181 se

43 2235 93 2274 tion
116 2214 290 2278 extendant
313 2213 393 2278 adeo
418 2213 674 2277 inconvenientia
697 2210 894 2296 supradicta,
915 2223 1049 2298 propter
1072 2215 1156 2299 quod

44 2309 292 2375 lautimtionem
314 2314 411 2376 istam
435 2311 562 2376 odilla
593 2310 724 2374 eatendi
750 2308 922 2396 columna)
960 2311 1082 2374 nullum
1097 2317 1155 2402 jus

42 2430 82 2470 ssa
105 2409 279 2473 dominium
303 2409 435 2495 aliquod
457 2412 620 2474 occasione
644 2409 860 2472 ordinationis
881 2409 1076 2493 praedictae,
1102 2433 1156 2474 seu

41 2508 164 2593 cujusvis
180 2507 313 2572 ulterius
329 2533 349 2571 a
365 2529 553 2594 quocumque
569 2507 848 2570 Praedeccssorum
862 2517 1040 2570 nostrorum
1061 2530 1156 2594 super

41 2603 85 2666 luc
106 2605 287 2691 specialiter
310 2606 413 2669 editae
438 2607 528 2671 Rom.
554 2602 714 2668 Ecclesiae
738 2605 932 2691 acquiratur,
966 2604 1022 2668 sed
1049 2606 1155 2690 quoad

41 2699 85 2764 loc
120 2703 295 2768 baccetur
334 2727 467 2789 prorsus
505 2703 723 2766 ordinationes
761 2703 940 2792 hujusmodi
980 2727 1043 2788 pro
1089 2727 1154 2768 non

35 2797 136 2880 factis.

117 2915 170 2982 31.
210 2915 328 2980 Edidit
352 2915 429 2979 dein
453 2916 601 2981 Josanes
625 2915 729 2980 XXII
753 2914 855 2979 altero
880 2937 977 2997 anno,
1003 2916 1072 2982 scil.
1098 2917 1153 2982 die
1164 2917 1313 3034 mix&

1277 2920 1311 2959 tto

44 3009 92 3070 12⁰
113 3011 311 3077 Novembris
342 3036 371 3077 a.
405 3015 489 3077 1323
526 3012 803 3078 Constitutionem
838 3011 940 3086 Quum
971 3017 1054 3078 inter
1075 3039 1152 3080 non·
1179 3044 1304 3087 annuus

41 3105 174 3192 nullos‚¹)
199 3133 264 3196 qus
288 3109 442 3175 delinivit
465 3113 724 3175 controversiam
750 3111 791 3175 de
807 3123 1000 3196 paupertate
1018 3111 1152 3196 Christi,

41 3214 132 3269 utrum
157 3209 371 3294 pertinaciter
410 3208 589 3294 affirmare,
630 3209 871 3294 Redemptorens
909 3233 946 3272 ac
982 3210 1154 3274 Dominum
1248 3287 1250 3292 Ι

42 3315 166 3368 noscam
196 3306 307 3371 Jesam
335 3303 495 3370 Christum
533 3310 658 3395 ejusque
683 3305 854 3392 Apostolos
892 3307 926 3370 in
959 3309 1061 3393 specie
1090 3331 1155 3373 non

40 3397 171 3467 babuisse
195 3401 305 3490 aliqua
328 3426 383 3468 nec
405 3406 440 3468 iu
464 3407 618 3469 communi
641 3407 746 3483 etiam,
770 3405 959 3469 haereticum
976 3407 1018 3469 sit
1031 3429 1154 3470 censen-

41 3495 112 3562 dum.
144 3501 193 3564 Ac
208 3500 364 3582 declarat,
389 3524 491 3587 quum
517 3525 556 3566 cs
579 3503 759 3588 propositio
785 3504 827 3566 sit
851 3505 1017 3567 contraris
1040 3525 1153 3568 sacras

42 3591 227 3681 Scripturas,
252 3622 337 3685 quse
361 3601 397 3664 in
419 3599 586 3686 plerisque
609 3600 691 3664 locis
714 3601 803 3684 ipsos
823 3600 982 3665 nonnulla
996 3600 1153 3666 habuisse

41 3696 152 3776 suerit,
185 3695 341 3782 deinceps
366 3719 439 3762 ssm
463 3700 723 3784 propositionem
749 3720 912 3762 erroneam
927 3700 1005 3786 fore
1029 3723 1153 3764 censen·

41 3788 103 3852 darn
126 3802 154 3855 et
174 3795 374 3860 haereticam.
406 3797 535 3860 Pariter
556 3795 680 3878 definit,
706 3798 741 3859 iu
762 3807 924 3883 posterum
941 3799 1154 3883 pertinaciter

41 3885 199 3971 affirmare,
232 3895 316 3978 quod
339 3894 547 3980 Redemptori
578 3906 685 3959 nostro
714 3894 883 3980 praedicto
917 3899 1042 3984 ejusque
1065 3893 1152 3980 Apo·

42 3984 120 4048 stolis
133 3989 182 4067 iis,
199 4012 277 4075 quae
302 3993 389 4078 ipsos
411 3992 557 4056 babuisse
574 3989 743 4078 Scriptura
759 4016 851 4056 suaa
869 4003 1011 4071 testatur,
1035 4017 1152 4080 nequa·

65 4113 94 4118 .-
115 4116 178 4122 -.-

105 4183 124 4248 ¹)
142 4183 288 4254 Extrsrag.
307 4185 421 4240 loannis
440 4185 528 4240 XXII.
550 4186 605 4242 Tit.
625 4187 699 4247 xlv,
720 4187 750 4243 C.
770 4188 816 4242 IV.
