2858 4834
151 1739 223 1782 Gadis
237 1743 295 1782 ’Πιο-

324 448 376 502 172
556 447 641 503 XXV.
660 448 699 502 De
719 463 800 500 causa
816 463 838 501 s.
858 447 975 500 Thomas
995 446 1206 500 Gantuariensis.

322 593 449 657 nalium
473 613 511 656 eo
536 613 633 656 sensu
657 592 879 676 conscriptas,
912 613 987 676 pars
1018 591 1106 654 enim
1132 588 1355 655 Cardinalium
1384 611 1422 652 ee«

321 690 469 754 dendum
494 712 563 754 esse
578 689 801 754 existimabat.
827 688 919 769 Quas
943 686 1137 752 ostendebat
1158 686 1284 753 litteras
1308 686 1348 750 ab
1364 686 1422 752 Ale-2

321 787 451 852 xandro
475 789 527 852 III
551 789 700 874 scriptas,
725 787 883 852 confictas
905 786 1008 850 fuisse
1032 797 1168 850 censent
1189 807 1309 872 graves
1332 797 1422 848 aurito*

320 908 382 953 res.
390 885 415 972 1)
437 884 502 950 Sed
518 907 583 949 non
600 897 747 971 apparet,
771 884 964 970 Philippum
980 883 1154 970 protulisse
1178 883 1350 970 epistolam
1365 882 1422 946 Ale

321 982 441 1047 xandri
466 982 508 1046 ad
532 981 696 1048 Thomam
722 984 898 1063 directam,
932 981 1020 1064 hinc,
1053 984 1079 1046 si
1109 1004 1224 1046 revera
1248 983 1422 1068 provocarit

320 1081 364 1145 ad
395 1081 521 1145 litteras
551 1081 736 1163 Pontificis,
770 1081 852 1145 forte
880 1088 991 1144 actum
1022 1091 1072 1144 est
1104 1081 1144 1145 de
1174 1079 1248 1143 aliis
1285 1077 1422 1164 epistolis,

319 1179 442 1264 quibus
466 1178 657 1242 Alexander
681 1180 862 1244 universim
888 1200 978 1264 spem
1004 1179 1200 1243 concordiae
1224 1175 1422 1263 exprimebat,

320 1276 374 1341 vel
386 1276 500 1342 abbati
516 1276 742 1341 committebat
755 1298 884 1357 munus,
903 1287 939 1339 ut
951 1286 1126 1340 conaretur
1138 1274 1422 1342 reconciliationem

319 1375 530 1460 interregem
550 1385 583 1439 et
601 1374 887 1460 arehiepiscopum
904 1372 1095 1460 obtinerel)
1130 1373 1326 1438 Praesulum
1343 1374 1422 1456 igitui

320 1474 486 1537 instantiis
516 1473 632 1554 flexus,
666 1472 811 1537 Thomas
844 1493 954 1555 regem
985 1471 1028 1535 ad
1053 1471 1212 1557 oppidum
1237 1469 1422 1535 Woodstoch

319 1571 412 1653 adiit,
444 1574 540 1657 eique
573 1572 763 1651 affirmavit,
784 1573 834 1634 ‘se
866 1593 886 1634 a
917 1571 1133 1656 promissione
1167 1591 1225 1632 sua
1253 1569 1422 1633 ablaturum

320 1669 423 1734 verba
454 1668 511 1733 illa
541 1691 625 1756 quae
655 1669 819 1755 majestati
848 1669 919 1754 ejus
950 1666 1196 1752 displicuerant,
1229 1689 1331 1752 seque
1361 1659 1422 1728 bord

197 1814 255 1844 mu.
310 1769 379 1852 fide
408 1769 663 1833 eonsuetudines
694 1779 911 1832 servaturum.
961 1765 1124 1846 Quamvis
1155 1765 1312 1850 princeps
1344 1765 1422 1854 etiam

319 1865 482 1950 ejusmodi
513 1867 718 1931 additionem
751 1875 849 1930 antea
880 1875 1072 1946 recusasset,
1112 1874 1192 1927 tune
1227 1873 1341 1926 tamen
1370 1863 1422 1924 ead

318 1967 516 2049 acceptavit,
548 1974 581 2028 et
611 1985 713 2050 quum
746 1963 883 2028 solemni
916 1963 1013 2027 modo
1045 1965 1154 2027 avitas
1186 1961 1422 2026 consuetudine

318 2059 441 2126 firmari
466 2063 661 2143 intenderet,
686 2061 874 2146 generalem
898 2063 1046 2125 omnium
1068 2061 1222 2125 ordinum
1240 2055 1422 2124 conventui

317 2162 426 2244 coegit
450 2157 691 2225 Clarendonam
717 2163 749 2224 in
776 2161 864 2224 diem
888 2161 970 2224 3οΜ
994 2159 1147 2225 Januarii
1172 2158 1250 2221 anni
1277 2157 1375 2222 1164.
1421 2137 1422 2180 ¹

407 2293 459 2359 21.
509 2293 744 2358 Convenerunt
774 2295 875 2378 igitur
906 2315 1057 2378 proceres
1088 2305 1120 2356 et
1144 2292 1292 2377 episcopi
1320 2300 1422 2354 statua

317 2391 382 2472 die,
407 2401 506 2478 atque
529 2395 632 2479 caepit
653 2413 710 2456 rea
726 2394 909 2469 instantius,
932 2404 968 2455 ot
981 2393 1141 2477 promissa
1158 2389 1219 2453 sibi
1235 2388 1422 2468 solvareaiui,

317 2487 413 2553 Vidit
426 2488 513 2554 illico
526 2475 681 2566 Thomas,
706 2513 774 2554 rem
792 2512 857 2554 non
875 2513 908 2554 se
925 2490 1058 2571 habere,
1083 2491 1132 2552 uti
1145 2486 1324 2574 Philippus
1339 2487 1422 2564 abba

316 2599 511 2668 asseruerat,
536 2610 801 2674 regemquenon
828 2588 998 2652 intendere
1024 2609 1147 2651 meram
1172 2586 1357 2674 quamdam
1380 2585 1422 2647 ior

317 2707 404 2748 mam
431 2685 631 2750 deferentiae
655 2710 696 2750 ex
722 2697 813 2772 parte
837 2686 1026 2773 praesulum
1050 2686 1214 2765 obtinere,
1248 2685 1309 2747 sed
1345 2679 1422 2750 medi

317 2785 379 2845 tari
396 2783 635 2870 subjectionem
649 2785 818 2848 Ecclesiae
835 2785 895 2848 snb
920 2795 1080 2869 potestate
1097 2785 1196 2866 regia.
1230 2781 1324 2845 Hinc
1342 2789 1422 2867 quud

316 2880 412 2943 aliter
434 2903 485 2944 res
508 2905 542 2945 se
566 2882 704 2947 haberet
733 2905 833 2968 quam
865 2895 1090 2968 supposuerat,
1124 2880 1255 2966 quando
1286 2873 1422 2966 paraturi

390 3111 410 3178 ¹)
429 3111 531 3178 Hefele,
564 3113 592 3167 C.
612 3113 644 3189 G.
670 3113 702 3166 V.
728 3114 751 3183 5.
772 3115 839 3180 625;
871 3111 1083 3180 Hergenrdthen
1112 3112 1146 3164 K.
1167 3111 1198 3166 G.
1227 3113 1246 3165 1.
1267 3113 1344 3176 864;
1377 3113 1422 3166 liet

315 3197 361 3244 ter
379 3193 400 3245 I.
421 3195 481 3247 355.

391 3273 413 3336 ⁹)
433 3273 525 3328 Etiam
543 3289 614 3327 anno
632 3274 811 3340 subsequente
830 3275 888 3336 ,27⁰
901 3273 988 3332 Febr.)
1007 3272 1161 3325 Alexander
1173 3271 1214 3324 111
1234 3271 1371 3327 Thornam
1391 3271 1422 3340 epi

314 3353 386 3405 stola
396 3353 604 3418 datahortatur‚
624 3360 656 3408 nt
677 3355 798 3420 ,cautius
813 3361 962 3422 temporum
975 3353 1136 3419 qirslitstem
1149 3352 1302 3416 attendens,
1327 3355 1422 3408 Hemio

315 3433 468 3501 Anglomm
491 3435 550 3503 regi
577 3434 605 3488 in
631 3435 753 3489 omnibus
778 3441 807 3489 et
832 3452 879 3502 per
897 3435 987 3488 omnia
1005 3433 1082 3487 salva
1100 3431 1243 3486 honestate
1263 3435 1422 3506 ecclesiasti

314 3513 416 3567 ordinis
435 3514 539 3568 deferre
558 3519 678 3583 satagat,
697 3516 801 3584 atejus
820 3516 872 3569 sibi
891 3515 1011 3584 gratiam
1029 3519 1057 3567 et
1076 3527 1191 3566 amorem
1211 3511 1387 3569 incessanter
1405 3531 1422 3572 n

315 3611 444 3662 superare
463 3597 613 3651 intendere
636 3597 718 3660 Gdes,
737 3598 804 3664 Epp.
824 3596 942 3651 Thomas
961 3595 1019 3650 Vol.
1034 3593 1071 3647 ΙΙ.
1091 3610 1116 3661 p.
1134 3598 1153 3646 l.
1176 3623 1207 3630 -
1228 3593 1343 3648 Falsam
1364 3598 1422 3654 faia

315 3674 435 3744 Philippi
464 3676 572 3731 abbatis
598 3678 781 3742 assertionem,
812 3693 841 3732 se
867 3677 1033 3730 aPontifioe
1064 3673 1174 3727 missum
1202 3689 1267 3738 esse,
1300 3677 1422 3732 existima

314 3754 417 3809 Reuter
441 3758 473 3820 (I.
501 3760 579 3824 taam
609 3758 654 3810 sed
674 3773 755 3825 aegre
775 3758 939 3822 crediderim,
959 3757 1092 3819 abbatem,
1111 3753 1200 3806 virum
1220 3753 1252 3808 ob
1272 3770 1327 3810 sna
1347 3761 1422 3814 merit

314 3853 431 3904 moesiae
456 3839 597 3905 opi-nimiis
622 3844 649 3890 et
674 3839 767 3904 famae
793 3838 937 3906 ‹Rogerius
956 3837 988 3891 de
1006 3834 1115 3890 Pontin.
1135 3833 1162 3886 in
1186 3833 1249 3886 Vita
1269 3851 1291 3889 s.
1316 3839 1422 3893 Thoana

313 3931 355 3981 ap.
376 3915 451 3970 Giles
470 3919 492 3971 1.
517 3917 585 3982 122),
605 3917 684 3985 plane
704 3917 813 3973 linxisse
831 3935 860 3972 se
879 3935 895 3972 a
915 3915 1045 3972 Pontifice
1064 3915 1174 3968 missum
1192 3929 1259 3968 esse.
1299 3917 1422 3978 Censerei

316 3995 413 4062 potius,
446 3996 627 4051 Alexandrum
647 3999 770 4065 Philippo
800 3999 832 4053 de
851 3999 1028 4064 Eleemosynae
1056 3996 1085 4049 in
1105 3992 1233 4061 Angliam
1259 3999 1422 4062 proficiscen

312 4076 411 4129 saltem
430 4077 634 4142 commendasse,
654 4087 686 4131 ut
704 4086 849 4133 conaretur
868 4080 945 4133 litern
964 4089 1136 4145 coinponere;
1166 4072 1290 4128 abbatem
1313 4095 1381 4134 vero
1400 4093 1422 4146 sp

314 4155 400 4209 felicis
418 4172 555 4211 successus
574 4158 725 4221 adductum,
748 4159 903 4213 hortatione
922 4166 950 4213 et
968 4155 1105 4228 promissis
1124 4154 1198 4212 ultra
1217 4159 1355 4214 mandata
1377 4161 1422 4216 Por

314 4235 395 4289 tiliois
414 4251 471 4290 esse
490 4253 669 4306 progressum.
707 4239 762 4293 Gir.
782 4239 1047 4308 Stolberg·Brisohar
1065 4241 1082 4294 l.
1103 4254 1124 4293 e.
1144 4257 1169 4308 p.
1191 4239 1249 4294 163.
