2844 4840
332 479 371 533 De
388 478 469 533 Bulla
490 478 579 533 bitum
598 480 739 534 Sanctam.
1079 483 1114 538 65

26 623 111 708 Atque
138 633 321 708 opportune
353 622 491 688 adrem
519 623 655 686 affertur
685 632 795 688 textus
828 646 853 688 s.
877 624 1039 689 Bernsrdi
1071 648 1113 690 ex

25 741 71 804 quo
92 720 185 785 verba
202 719 378 805 desumpta
398 731 492 784 sunt:
520 719 607 794 Quid
623 732 656 784 tu
671 715 783 799 donum
808 721 932 802 scribit,
956 746 1113 810 usurpare

22 815 136 900 plution
165 829 272 898 tentes,
305 841 392 904 qoem
426 817 519 882 semel
540 822 653 907 jussus
683 839 715 882 es
739 841 858 904 ponere
885 821 920 884 in
943 822 1112 906 sopinum?

25 913 99 986 Quen
126 928 227 981 tomen
249 918 305 1000 qni
328 926 413 980 tuom
435 927 539 1001 παραὶ,
570 939 633 980 non
657 918 737 982 sotis
759 917 835 980 milri
856 917 982 982 videtur
1013 929 1111 986 atten-

22 1013 75 1076 lne
88 1015 204 1078 eertum
220 1015 352 1078 Domini
373 1014 506 1078 dicentis
520 1015 581 1078 sio:
604 1012 780 1092 „Converte
802 1014 946 1100 placium
969 1026 1055 1082 tuum
1077 1018 1112 1080 in

22 1113 171 1194 rupinum.“
227 1113 314 1176 Tuus
344 1134 415 1197 orgo
444 1114 574 1198 etipse,
606 1121 658 1176 tuo
674 1111 823 1197 forsitan
845 1125 932 1196 route,
967 1116 1026 1178 etsi
1048 1137 1112 1180 non

20 1219 59 1270 tm
79 1233 166 1274 nunu
187 1209 417 1295 evaginandus.
464 1208 617 1295 Alioquin
641 1209 781 1275 sincello
805 1212 895 1275 modo
921 1212 965 1276 od
989 1224 1017 1275 te
1037 1236 1109 1298 por·

19 1308 106 1370 tuero
120 1319 148 1370 et
161 1312 199 1386 is,
224 1307 400 1372 dicentibus
416 1306 601 1394 Apostolis:
625 1309 726 1386 „Ecce
750 1309 811 1372 duo
825 1308 930 1393 gladii
943 1311 1023 1390 lrio,“
1047 1331 1111 1374 nors

19 1407 202 1490 respondisset
218 1406 393 1468 Dominus:
417 1403 529 1484 „Sulis
552 1413 629 1484 est“,
655 1406 728 1470 sed:
751 1407 882 1482 „Nimis
906 1415 982 1471 nc‘.
1023 1407 1110 1472 Uter·

18 1526 58 1584 pn
77 1527 141 1588 erpo
165 1503 326 1568 &clarino
350 1515 379 1568 et
403 1502 585 1589 spiritualis
614 1504 733 1568 scilicet
759 1503 888 1590 gladius
911 1516 940 1568 et
963 1499 1109 1569 mitteris·

18 1595 61 1676 lin
85 1601 134 1664 red
157 1605 186 1666 is
209 1603 335 1688 quidem
352 1624 416 1687 pro
441 1599 611 1679 Eccleno,
635 1600 690 1665 ille
715 1624 785 1666 cero
810 1602 850 1665 ab
873 1600 1017 1668 Ecclesia
1040 1625 1108 1666 ecce·

17 1699 107 1764 mulus
135 1712 198 1764 est:
231 1699 285 1764 ills
318 1699 500 1781 sucerdotis,
533 1701 562 1763 is
586 1699 697 1764 militis
720 1723 825 1782 mano,
856 1701 911 1764 sed
934 1701 978 1764 ad
1000 1712 1109 1766 orntum

17 1797 160 1862 sacerdotio
184 1809 214 1861 et
229 1801 355 1886 jussum
378 1797 623 1884 irnperutoois.¹)
675 1797 728 1862 Ad
759 1798 1004 1884 expeditionem
1038 1821 1108 1864 cru·

16 1893 109 1958 risum
132 1919 157 1962 s.
181 1894 373 1960 Bernartius
396 1895 451 1960 hic
476 1897 621 1960 maxime
645 1897 809 1982 respicere
833 1895 975 1978 videtur,
1004 1897 1052 1960 uti
1076 1905 1110 1960 et

15 1989 61 2054 cio
80 1991 145 2057 loco
181 1993 298 2058 scribit
327 1993 370 2058 ad
394 1993 583 2077 Eugenium
607 1993 677 2058 III:
709 1994 899 2058 Exorandus
922 2019 1004 2058 nnnc
1027 2005 1107 2058 utor-

14 2109 54 2172 pn
69 2091 191 2174 plodius
213 2093 250 2156 in
266 2092 420 2177 passione
436 2092 576 2172 Domini,
605 2089 731 2158 Clrristo
755 2092 856 2156 donno
876 2093 1032 2178 potiente,
1054 2090 1109 2156 oti

15 2189 142 2254 etaltera
163 2193 230 2254 oica
248 2199 435 2275 potensest.
459 2239 467 2253 .
488 2239 519 2254 ..
548 2191 735 2276 Temperet
759 2213 838 2276 opus
862 2212 926 2254 esse
950 2191 1105 2270 existimo,

16 2285 95 2350 unios
115 2288 206 2352 edun
229 2288 264 2351 in
288 2287 502 2374 defensionem
524 2287 692 2352 orientalis
714 2287 917 2372 molestant)

79 2385 126 2450 69.
175 2383 373 2450 Continetnr
407 2385 541 2472 quidem
578 2388 605 2450 is
639 2407 739 2472 quem
772 2387 1106 2451 commemoravimus
1166 2409 1206 2439 π·

15 2501 102 2546 seusus
123 2485 157 2548 in
183 2481 297 2548 verbis
322 2484 410 2564 istis;
435 2493 581 2548 attamen
597 2505 779 2566 censemus,
804 2483 894 2548 haud
918 2505 988 2548 esse
1012 2483 1105 2548 illum

13 2583 165 2646 sententiae
189 2603 323 2646 sensum
347 2580 483 2667 plenum
501 2591 533 2645 et
549 2584 731 2666 integrum:
757 2603 864 2667 neque
889 2604 931 2645 ex
955 2603 992 2646 eo
1017 2582 1104 2669 quod

14 2677 89 2742 rerba
117 2679 294 2764 desumpta
327 2689 403 2744 sunt
427 2701 469 2742 ex
492 2688 585 2743 textu
610 2681 645 2744 in
669 2701 733 2766 quo
766 2703 789 2744 s.
817 2679 1007 2744 Bernardus
1036 2681 1106 2766 agit

14 2771 41 2836 tle
64 2775 164 2860 gladio
198 2777 372 2862 temporali
403 2778 569 2843 exerendo
600 2779 635 2842 in
665 2777 892 2844 defensionem
923 2778 1103 2861 Ecclesiae,

13 2873 124 2938 incisum
141 2873 397 2941 Constitutionis
420 2875 464 2940 ad
488 2874 580 2941 illum
605 2897 737 2940 sensum
754 2875 989 2942 coarctandum
1014 2877 1103 2942 vido·

12 2983 55 3037 tur.
96 2977 213 3058 Agitur
237 2975 326 3037 enim
349 2975 533 3058 generatim
558 2976 593 3039 in
617 2973 859 3039 Constitutione
890 2975 931 3040 de
955 2975 1103 3040 subordi-

12 3073 115 3134 natione
143 3073 316 3158 potestntis
343 3071 535 3158 temporalis
565 3071 681 3155 (gladii
707 3072 819 3157 unius)
849 3072 911 3137 sub
942 3083 1102 3159 potestate

13 3169 144 3252 spirituali
180 3169 307 3255 (gladio
335 3169 463 3252 altero).
521 3169 612 3234 Hinc
647 3191 778 3234 sensum
812 3191 883 3234 esse
918 3193 1101 3256 censemus,

13 3263 130 3344 madium
154 3266 371 3352 temporalem
385 3266 589 3344 exerendum
612 3267 795 3332 secundum
818 3267 1021 3334 directionem
1044 3271 1101 3353 (od

13 3368 122 3446 nutum),
151 3364 208 3430 rel
233 3367 361 3429 taciturn
385 3387 567 3430 omniorum
600 3365 656 3452 (ad
681 3365 890 3451 patientiam)
920 3367 1100 3434 Ecclesiae.

12 3455 45 3522 tn
63 3465 238 3528 universim
264 3456 491 3528 subordinatio
516 3465 686 3548 potestatis
709 3463 899 3550 temporalis
923 3465 984 3529 sub
1009 3467 1100 3552 spiri·

13 3557 68 3621 nali
88 3560 324 3647 exprimitur.³)

63 3766 77 3824 ¹³
95 3765 131 3820 De
149 3765 253 3820 consid.
272 3765 302 3818 L.
322 3765 369 3821 IV.
389 3782 411 3821 c.
430 3768 455 3820 3.

62 3843 140 3914 ¹)Ep.
158 3849 214 3902 256
234 3846 269 3900 sd
288 3846 362 3900 Dom.
383 3846 446 3914 Pap.
470 3846 630 3915 Eugenium.

61 3924 79 3983 ἣ
95 3925 133 3980 Eu
150 3928 261 3982 ratione
279 3927 366 3981 vertit
377 3926 498 3982 Molitor:
518 3927 593 3982 Nsoh
606 3928 654 3981 der
667 3927 802 3996 Weisung
813 3926 861 3980 des
873 3926 1015 3994 Prissters,
1034 3929 1099 3984 oder

12 4001 44 4052 ¹1¹1
58 4005 141 4062 dessen
158 4007 423 4075 stillschweigender
440 4007 600 4076 Zulsssung.
620 4005 650 4062 L.
670 4025 691 4062 c
710 4024 735 4077 p,
755 4007 798 4062 87.
821 4037 851 4046 -
871 4007 967 4062 Perin:
987 4007 1053 4062 Suus
1071 4009 1098 4062 la

12 4075 110 4139 &urion
127 4095 154 4142 et
172 4087 201 4142 ls
220 4087 392 4154 dependente
410 4089 446 4142 du
465 4089 563 4156 pretre.
595 4087 659 4142 Lois
677 4087 731 4142 chr.
750 4087 782 4144 L.
800 4087 838 4144 11.
859 4089 899 4145 oh.
917 4089 943 4143 4.
963 4088 1004 4144 ed.
1024 4089 1048 4142 2.
1062 4119 1096 4130 -

12 4153 194 4230 Henmrotner:
214 4168 292 4222 Nsoh
305 4168 365 4222 dem
378 4167 479 4222 Willen
499 4167 649 4239 (voluntas)
669 4167 715 4224 des
733 4167 874 4234 Priesters,
893 4168 949 4222 und
967 4185 996 4222 so
1014 4168 1097 4238 lunge

12 4251 31 4288 u
45 4257 65 4295 es
80 4245 172 4304 duldet.
198 4248 303 4303 Kirche
322 4248 377 4302 und
395 4249 482 4303 Stant.
507 4248 534 4302 S.
553 4248 614 4303 301.
635 4279 666 4290 -
687 4248 778 4303 Tosti:
803 4247 921 4304 Secundo
946 4247 1056 4306 l’ordine
1082 4264 1097 4303 e

49 4341 170 4399 Jrsgnnnn,
185 4349 375 4389 Dissertnttonsr.
390 4349 506 4390 Tom.V1.
920 4355 937 4394 t)
