3000 4838
372 425 412 480 De
430 424 585 480 haeresibus
604 431 632 481 et
651 427 850 482 controversiis.
1140 425 1175 479 79

73 586 118 628 nec
130 588 195 630 csse
210 571 401 633 necessaria
416 567 614 635 Christianis
638 593 732 636 sacra
746 571 820 636 loca
833 570 877 635 ad
896 570 1070 651 orandum,
1095 591 1172 655 quo·
1211 609 1214 624 ·

74 663 142 727 uiam
163 685 268 750 aeque
286 667 320 729 in
337 667 476 731 taberna
499 671 589 733 acin
606 668 755 751 ecclesia,
781 671 815 734 in
837 669 907 732 foro
932 678 965 732 et
987 665 1173 752 intemplo,

71 769 129 824 ute
141 760 243 826 altare
267 762 323 828 vel
338 775 415 828 ante
431 764 599 830 stabulum
623 768 798 831 invocatus
814 768 908 830 Deus
931 764 1035 847 audit,
1060 775 1094 829 et
1116 784 1172 828 eos

70 861 113 944 qn·
134 871 302 926 merentur
318 863 465 929 exaudit.
488 901 532 911 -
556 863 707 929 Tertium
724 865 907 951 capitulum
932 884 1046 928 cruces
1062 883 1173 926 sacras

69 957 212 1044 confringi
245 962 410 1047 praecipit
442 971 474 1026 et
497 962 666 1044 succendi,
699 965 778 1049 quia
809 964 936 1048 species
967 959 1024 1025 illa
1046 959 1101 1025 vel
1124 961 1172 1024 in·

69 1063 284 1137 manentum,
309 1080 373 1144 quo
391 1057 542 1124 Christus
565 1069 635 1124 tam
659 1060 730 1124 dire
754 1067 869 1141 tortus,
897 1069 965 1124 tam
994 1056 1174 1122 crudeliter

65 1155 174 1218 occisus
204 1165 266 1239 est,
300 1175 367 1220 non
397 1156 599 1241 adoratione,
630 1179 697 1222 non
721 1159 944 1239 veneratione,
978 1155 1031 1220 vel
1060 1155 1173 1241 aliqua

63 1250 289 1336 supplicatione
314 1254 416 1339 digna
439 1265 505 1337 est3
537 1255 595 1320 sed
620 1256 663 1320 ad
685 1255 845 1321 ultionem
869 1263 1107 1319 tormentorum
1139 1261 1173 1316 et

63 1351 158 1413 mortis
190 1351 275 1436 ejus,
308 1355 399 1417 omni
432 1353 594 1418 dedecore
622 1353 881 1434 dehonestanda,
915 1351 1035 1437 gladiis
1063 1352 1170 1414 conci·

61 1443 164 1528 denda,
199 1447 339 1532 ignibus
375 1451 609 1516 succendenda
637 1461 695 1516 est.
719 1489 764 1499 -
789 1450 954 1531 Quartum
987 1447 1170 1535 capitulum

61 1563 115 1608 non
137 1545 245 1611 solum
270 1549 444 1612 veritatem
469 1551 616 1635 corporis
647 1559 680 1614 et
709 1551 881 1634 sanguinis
904 1548 1042 1613 Domini
1066 1547 1170 1632 quoti-

63 1639 106 1705 die
121 1654 153 1708 et
165 1647 328 1710 continue
348 1669 408 1732 per
423 1658 668 1713 sacramentum
685 1650 719 1714 in
736 1648 876 1713 ecclesia
889 1646 1037 1712 oblatum
1061 1653 1171 1730 negat,

60 1737 106 1802 sed
126 1745 263 1808 omnino
288 1742 371 1808 illud
395 1744 479 1811 nihil
503 1768 584 1828 esse,
609 1768 715 1832 neque
740 1746 812 1810 Deo
837 1745 946 1810 offerri
971 1742 1091 1808 debere
1115 1742 1170 1807 de-

59 1839 156 1904 cernit.
169 1877 214 1888 —
232 1840 396 1922 Quintum
412 1843 594 1930 capitulum
610 1844 784 1926 sacrificia,
802 1845 976 1925 orationes,
992 1840 1168 1925 eleemosy-

59 1948 157 2001 uasat
178 1938 313 2024 reliqua
335 1939 424 2005 bona
447 1963 506 2028 pro
532 1941 698 2007 defunctis
721 1940 876 2007 fidelibus
903 1964 924 2008 a
951 1940 1040 2005 vivis
1066 1939 1169 2003 fideli-

58 2027 106 2096 hus
126 2034 217 2100 iacta
244 2037 388 2120 deridet,
420 2061 482 2104 nec
506 2062 546 2104 ea
569 2038 715 2126 aliquem
738 2049 943 2105 mortuorum
966 2036 1020 2102 vel
1044 2039 1079 2102 in
1103 2059 1169 2102 mo·

59 2126 117 2194 dico
138 2155 239 2219 posse
256 2135 387 2230 juvare¹
403 2137 576 2202 affirmat.“

132 2232 205 2299 100.
259 2233 335 2314 Qua
351 2237 478 2300 ratione
493 2237 556 2322 ipsi
574 2235 733 2300 doctrinis
754 2255 854 2319 opera
870 2233 1170 2298 accommodabant

63 2325 140 2390 refert
163 2331 258 2394 idem
279 2332 397 2397 Petrus
420 2332 585 2399 scribens:
610 2333 846 2412 „Proeoeoiatia
860 2332 998 2396 scelestis
1021 2331 1170 2418 operibus

62 2419 234 2492 cleritatem
258 2429 431 2511 verborum,
455 2443 486 2496 et
503 2431 681 2518 profundis
703 2433 739 2494 in
761 2430 945 2515 relipiooem
967 2431 1060 2512 odiis,
1085 2431 1170 2516 quod

61 2519 94 2580 ‘tl
113 2529 255 2609 copitarc
279 2529 379 2594 scelos
395 2529 520 2615 fuerat,
545 2532 667 2617 iooipne
689 2539 818 2594 nostrae
831 2528 916 2612 fidei
936 2526 1045 2592 tollere
1068 2539 1168 2594 atten-

58 2623 142 2688 tone„
194 2623 397 2698 Quodnam
418 2627 627 2713 factumest,
660 2626 787 2713 quando
812 2625 856 2690 ud
885 2625 1065 2690 inauditam
1089 2626 1168 2690 dioi-

57 2717 152 2786 litatio
174 2725 408 2804 conmendare,
433 2750 546 2811 mapno
570 2727 609 2790 dc
632 2725 775 2790 crucibus
798 2745 909 2811 appara
931 2725 1094 2805 iruhnecto,
1123 2725 1196 2808 ἐφ’

56 2835 110 2878 uem
123 2822 312 2903 immisistis,
333 2848 450 2910 pyr-om
457 2824 599 2910 fecistis,
623 2845 735 2888 carnea
749 2822 891 2902 comiciis,
916 2833 945 2886 et
960 2823 1030 2908 ipso
1042 2823 1168 2908 passio-

56 2913 96 2976 ’ῑίε
110 2917 288 2985 dominicae
312 2922 364 2987 die
373 2923 559 3010 paschalem
579 2922 771 3002 dominicam
778 2920 999 3007 praecedente,
1024 2920 1169 2984 invitatis

52 3013 162 3091 Pullt‘oe
186 3019 235 3082 od
259 3019 354 3084 talem
378 3032 463 3086 esum
481 3021 625 3108 populis,
651 3020 837 3084 comedistis.
846 3019 869 3102 1)
884 3055 928 3065 -
943 3017 1038 3082 Haec
1052 3016 1167 3081 viden-

55 3124 99 3172 tnr
128 3115 247 3181 referri
278 3117 320 3182 ad
355 3141 394 3184 ea
425 3141 510 3205 quae
547 3117 743 3183 acciderunt
771 3118 842 3203 ipso
881 3114 936 3179 die
966 3114 1169 3178 Parascevcs

55 3212 120 3274 anni
140 3215 230 3279 1124
253 3216 344 3302 apud
369 3239 394 3283 s.
410 3216 591 3301 Aegidium
617 3223 652 3298 (s.
676 3213 805 3296 Gilles).
840 3211 906 3279 Sed
930 3211 1054 3292 fideles,
1078 3213 1167 3276 Petri

56 3305 213 3391 impietate
246 3316 446 3400 exasperati,
480 3324 559 3378 tunc
590 3315 699 3398 ipsum
723 3308 991 3376 haeresiarcham
1022 3329 1167 3395 compre·

57 3399 234 3475 henderunt
262 3433 303 3476 ac
326 3413 536 3498 projecerunt
559 3413 593 3476 in
618 3409 712 3476 illum
734 3429 862 3495 rogum.
909 3407 1020 3493 Atque
1049 3410 1095 3471 ita
1119 3408 1166 3470 in·

56 3497 122 3566 felix
144 3505 247 3572 homo
271 3511 378 3594 periit.
405 3547 443 3558 -
470 3509 636 3574 Henricus
659 3518 771 3572 autem
794 3505 859 3589 ille,
884 3507 942 3591 qui
965 3504 1063 3592 paulo
1087 3515 1164 3569 ante
1196 3518 1311 3559 semem

56 3595 137 3666 Petro
166 3627 202 3669 se
221 3607 392 3691 junxerat,
423 3608 633 3673 continuavit
655 3607 775 3690 impias
799 3605 871 3690 ejus
895 3603 1062 3667 doctrinas
1092 3623 1164 3688 pro·
1180 3581 1331 3684 wfflss‘*

56 3714 174 3783 Pagus.
227 3704 312 3786 „Sed
344 3715 417 3792 post
446 3727 564 3790 rogum
588 3706 677 3770 Petri
706 3703 748 3768 de
770 3703 878 3782 Bruis,
910 3700 1026 3766 scribit
1047 3701 1165 3766 Petrus

56 3793 264 3884 Venerabilis,
289 3824 353 3889 quo
370 3802 460 3890 apud
485 3826 510 3868 s.
527 3801 708 3887 Aegidium
732 3799 821 3864 zelus
844 3798 992 3863 fidelium
1014 3798 1166 3862 flammas

57 3889 233 3962 dominicae
256 3902 364 3965 crucis
386 3901 430 3966 ab
454 3922 493 3965 eo
517 3922 703 3982 succensas,
729 3920 804 3962 eum
820 3896 1062 3963 concremando
1078 3896 1166 3962 ultus

57 4004 105 4072 ²⁸¹,
127 4048 135 4063 .
159 4047 168 4062 .
194 4051 202 4065 .
229 3998 343 4065 haeres
366 4001 534 4086 nequitiae
557 3999 629 4085 ejus
651 3999 828 4080 Henricus,
862 4018 938 4061 cum
960 3996 1073 4061 nescio
1097 3996 1166 4081 qui-

58 4087 109 4155 bus
129 4093 204 4160 aliia
230 4095 413 4163 doctrinam
430 4097 630 4162 diabolicam
646 4117 715 4162 non
732 4095 868 4182 quidem
892 4093 1085 4158 emendavit
1108 4093 1164 4158 sed

62 4183 258 4197 'Q—

119 4211 353 4280 hhcpwh
