2828 4842
354 447 395 502 De
413 445 518 502 haeresi
536 446 734 516 Albigensium.
1056 447 1110 502 set

30 589 373 676 sitsuccessurum),
399 592 447 654 vir
471 592 568 654 armis
591 591 835 669 strenuissimus,
858 590 922 674 fide
946 590 1109 655 devotissi-

29 711 78 766 ros,
98 714 132 752 ac
153 691 222 753 totis
242 689 366 754 uiribus
387 689 539 775 persequi
571 687 759 752 desiderans
788 689 977 753 haereticam
997 689 1110 775 praui·

28 799 100 858 taem,
129 788 160 849 ia
176 789 353 873 principem
381 796 411 849 et
433 786 593 850 domiuum
626 796 728 849 terrae
758 787 860 872 ipsius
893 784 932 850 de
956 785 1111 849 communi

25 881 123 946 smalio
145 895 189 948 est
210 883 344 963 electus,·
371 889 459 973 eujus
484 895 634 968 quantum
666 885 707 948 sit
731 884 923 948 desiderium
955 885 1040 947 circa
1062 905 1109 946 re·

21 981 170 1064 peraridum
196 985 231 1046 in
256 981 409 1068 partibus
439 977 506 1044 illis
538 981 700 1046 Ecclesiae
729 983 794 1046 Dei
824 992 957 1060 statum,
989 1003 1028 1044 ec
1054 982 1110 1044 boc

23 1079 148 1142 silenter
178 1091 323 1167 apparet,
357 1080 505 1164 quoniam
529 1082 602 1168 jam
630 1081 697 1165 ipse
722 1079 890 1166 disposuit,
922 1090 957 1144 ut
980 1079 1018 1142 dc
1044 1089 1110 1141 toto

22 1185 83 1238 unu
101 1200 188 1261 quam
209 1177 326 1240 ibidem
349 1176 473 1240 dederit
494 1179 525 1240 ei
538 1177 635 1260 Deus,
659 1177 798 1242 decimae
814 1178 1020 1264 etprimitias
1043 1199 1111 1240 cum

21 1273 167 1359 inrepitete
190 1275 328 1340 ecclesiis
352 1274 558 1361 solascort)

84 1391 131 1454 2'l.
162 1389 325 1471 Quamvis
354 1411 433 1454 vero
466 1387 548 1454 haec
579 1390 747 1477 expeditio
779 1401 894 1454 eontra
924 1389 1107 1454 haereticos
1126 1391 1271 1495 'wlff

20 1483 88 1550 brevi
108 1498 250 1574 tempore
280 1487 410 1551 felicem
439 1491 567 1552 exitum
591 1487 753 1568 habuerit,
784 1499 893 1552 tamen
920 1487 1107 1552 nullatenus
1149 1467 1262 1558 sinii-a..

19 1583 106 1647 eidem
129 1585 272 1650 haeresis
295 1585 462 1649 destructa
486 1597 550 1667 est3
575 1589 621 1650 ita
638 1593 726 1650 enim
742 1587 873 1650 firmata
897 1596 967 1650 erat
985 1589 1019 1650 in
1043 1585 1108 1650 illis
1197 1625 1199 1632 ,

18 1681 187 1764 regionibus,
211 1705 350 1768 quarum
368 1682 497 1748 incolae
513 1705 634 1769 magna
649 1695 742 1770 parte
758 1686 788 1748 ei
805 1683 931 1748 addicti
948 1697 1042 1749 erant
1056 1683 1110 1748 vel

17 1777 104 1842 saltem
127 1783 156 1844 ei
181 1781 348 1862 favebant,
381 1793 418 1845 ut
441 1782 618 1868 perplura
643 1783 805 1847 decennia
828 1781 940 1846 adhuc
963 1803 1109 1848 necessa·

17 1877 79 1938 nuni
100 1877 197 1942 fuerit
221 1901 294 1944 eam
319 1880 438 1944 mediis
462 1879 617 1944 omnibus
634 1880 811 1945 debellare.
833 1919 876 1927 —
891 1879 1110 1963 Raymundus

16 1971 184 2059 Tolosanus,
217 1981 278 2043 etsi
302 1980 509 2064 specietenus
534 2001 568 2042 se
593 1978 793 2042 catholicum
827 1979 992 2062 professus
1016 1991 1109 2059 esset,

15 2083 99 2136 tamen
130 2096 196 2139 non
230 2076 355 2140 destitit
387 2076 563 2140 haereticis
595 2077 679 2141 clam
712 2078 859 2140 favorem
887 2085 1055 2160 praestare
1079 2084 1112 2139 et

14 2187 53 2230 eos
73 2193 262 2238 conservare
291 2177 325 2238 in
349 2175 512 2239 territorio
537 2197 612 2254 su03
649 2176 828 2260 crucigeris
852 2194 930 2237 vero
963 2173 1111 2237 struebat

13 2265 136 2333 insidias.
182 2270 329 2336 Monitus
352 2297 372 2337 a
396 2272 513 2357 legatis
532 2273 713 2352 Pontificis,
739 2282 776 2335 ut
800 2293 839 2334 ea
863 2293 947 2356 quae
971 2292 1110 2356 spopon-

14 2361 85 2428 derat
102 2371 289 2433 executioni
307 2370 490 2448 mandaret,
515 2370 598 2434 nihil
616 2371 735 2434 effecit.
775 2369 986 2454 Quapropter
1001 2368 1110 2433 denuo

13 2468 293 2530 excommunicatus
308 2468 380 2549 luit,
406 2480 438 2532 et
454 2467 569 2532 Simon
586 2468 627 2532 de
643 2467 833 2532 Monteforti
850 2469 881 2531 ei
895 2467 1034 2552 aliisque
1051 2465 1110 2531 Oo-

14 2561 122 2626 nitibus
135 2564 282 2629 haeresis
296 2565 483 2630 fautoribus
494 2564 618 2631 bellum
631 2564 750 2648 intulit,
764 2565 919 2630 Pontifex
934 2586 1012 2628 vero
1028 2565 1110 2650 ejus-

14 2677 58 2740 que
78 2659 172 2744 legati
204 2663 371 2750 principes
403 2664 607 2750 populosque
640 2663 819 2728 catholicos
844 2663 886 2727 ad
910 2661 1033 2726 bellum
1058 2686 1106 2727 sa-

14 2775 81 2822 rnrm
94 2762 354 2826 continuandum
369 2773 602 2828 evocaverunt.
644 2761 731 2828 Satis
745 2761 886 2826 arduum
903 2761 967 2826 fuit
982 2760 1111 2826 Simoni

14 2853 73 2920 llud
94 2857 227 2924 bellum.
275 2860 370 2924 Multi
388 2863 476 2924 enim
502 2862 721 2945 crucesignati
746 2861 878 2924 nonnisi
895 2881 955 2944 per
971 2869 1110 2923 statutas

14 2953 208 3038 qnadraginta
239 2957 311 3022 dies
334 2957 458 3022 vexilla
488 2980 581 3022 sacra
613 2957 846 3044 sequebantur,
880 2955 1008 3021 incolae
1031 2979 1109 3021 vero

13 3047 117 3116 Galliae
140 3054 368 3120 meridionalis
392 3055 556 3120 obstinate
587 3055 795 3134 resistebant,
827 3065 896 3118 tum
921 3054 1010 3140 quod
1034 3054 1109 3118 hae-

12 3153 58 3212 resi
73 3153 177 3217 inlecti
196 3163 316 3234 essent,
331 3163 402 3217 tum
419 3153 507 3240 quod
525 3155 671 3218 Francos
688 3151 960 3238 septentrionales
985 3174 1110 3216 eorum·

12 3267 58 3328 qne
89 3250 347 3314 dominationem
379 3251 479 3317 valde
518 3274 635 3316 exosos
672 3251 841 3315 haberent.
901 3249 980 3313 Post
1015 3249 1111 3334 plura

13 3346 111 3426 purelia
133 3347 250 3413 Simon
275 3349 316 3412 de
340 3349 529 3413 Monteforti
554 3371 710 3432 magnam
735 3361 895 3412 terrarum
919 3348 1110 3432 Raymundi

14 3457 122 3526 partem,
146 3461 179 3510 et
204 3467 291 3510 anno
318 3448 403 3510 1214
428 3449 533 3533 ipsam
558 3449 728 3511 civitatem
745 3446 898 3510 Tolosam
922 3449 1110 3532 occupavit.

12 3535 110 3607 Eorum
133 3546 283 3608 omnium
308 3567 393 3630 quae
425 3548 586 3631 crucigeri
620 3554 853 3630 expugnarant
888 3547 1050 3629 possessio
1075 3547 1110 3609 in

14 3641 112 3716 synodo
142 3641 443 3726 Montepessulana,
479 3667 519 3708 ac
551 3645 628 3708 dein
659 3642 702 3706 ab
734 3643 929 3707 Innocentio
954 3642 1003 3706 III
1036 3652 1069 3706 et
1090 3665 1111 3706 a

15 3729 134 3802 Concilio
166 3739 386 3803 Lateranensi
410 3739 469 3816 IV,
503 3742 633 3805 firmata
663 3741 726 3804 fuit
756 3739 893 3806 Simoni.
941 3741 1112 3804 Venerunt

15 3835 119 3912 quidem
144 3838 286 3902 Romam
311 3837 591 3922 RaymundusVl
612 3849 643 3902 et
669 3861 778 3902 comes
803 3839 991 3920 Fuxiensis,
1015 3848 1053 3902 ut
1076 3861 1109 3901 se

69 4067 83 4120 ¹1
102 4067 177 4122 Brevi
199 4075 265 4122 ante
283 4069 373 4122 Simon
393 4069 424 4122 de
444 4069 602 4122 Monteforti
625 4085 748 4123 reversus
777 4073 837 4122 erat
862 4083 895 4121 ex
913 4067 1033 4124 Oriente.
1062 4066 1110 4120 ubi

16 4155 85 4197 entra
100 4149 244 4202 &resonos
264 4157 451 4216 pugnaverat3
471 4149 588 4202 habebat
607 4164 637 4202 eo
657 4157 775 4216 tempore
793 4148 939 4216 sexaginta
958 4163 1050 4204 annos,

69 4231 86 4288 ²)
103 4229 163 4296 lipp.
185 4231 216 4283 L.
237 4229 300 4282 XII.
320 4245 361 4296 ep.
384 4229 441 4284 108.

56 4333 182 4384 inagnnnnn,
197 4337 387 4376 Dissertationes.
403 4339 466 4378 Toni.
479 4339 504 4377 V.
950 4327 985 4378 22
