2902 4848
404 463 446 518 De
464 463 582 518 Concilio
600 463 759 521 Basileonsi.
1089 465 1142 520 853

40 617 157 692 tenpore
185 607 373 694 praedictae
404 607 617 674 inchoationis
646 630 723 674 suae
758 608 894 693 leqitime
925 610 1142 674 continuatum

32 705 122 789 fuisse
143 716 173 769 et
195 728 271 786 esse,
297 705 607 792 prosecutionemque
634 728 758 792 semper
779 706 935 786 tamnes,
960 709 1144 771 continuari

38 825 68 864 ac
82 803 328 888 prosecutionem
357 801 470 866 labere
500 802 611 866 debere
640 803 684 868 ad
700 804 873 890 praedicta
896 815 926 868 et
943 805 1142 891 pertinentia

37 901 72 962 cd
92 924 137 980 ca,
163 900 301 988 perinde
325 924 363 963 ac
386 902 416 964 si
436 898 529 964 nulla
551 901 718 966 dissolutio
734 901 831 987 facta
845 901 977 988 fuisset,
1002 903 1140 987 quinimo

32 997 203 1083 praefatam
235 994 473 1062 dissolutionem
502 998 630 1062 irritam
660 1008 690 1062 et
720 1001 848 1064 inanem
878 999 916 1064 de
939 1022 1090 1065 comensu
1112 1009 1143 1062 et

34 1119 151 1161 osssmu
174 1094 273 1160 simili
294 1095 504 1174 declarantes,
528 1098 631 1181 ipsum
655 1119 779 1160 sacrum
800 1098 945 1184 ponsrode
969 1097 1142 1164 Concilium

31 1193 203 1258 Basileonse
220 1215 315 1280 pure,
339 1193 525 1279 simpliciter
548 1203 578 1258 et
601 1217 670 1260 mun
693 1193 803 1280 effectu
826 1221 863 1260 ac
879 1199 964 1260 omisi
978 1196 1141 1260 devotione

27 1295 237 1378 prosequimur
259 1303 289 1356 et
305 1293 459 1380 prosequi
480 1293 681 1374 intendimus,
706 1295 755 1356 ita
779 1305 892 1372 tomen,
916 1295 1000 1380 quod
1017 1295 1142 1380 praesi-

30 1390 128 1456 demes
149 1391 253 1456 nostri
274 1389 320 1455 ad
331 1390 482 1476 praefati
500 1389 636 1458 Consilii
653 1391 909 1477 praesidentiam
931 1393 1142 1456 admittantur

29 1513 88 1552 cum
109 1489 231 1574 effectu,
256 1511 293 1552 ac
316 1489 423 1552 omnia
446 1499 476 1552 et
498 1487 626 1574 sinqula
642 1499 752 1553 sonmo
763 1513 946 1575 personam,
971 1491 1140 1554 arroterita-

28 1599 78 1650 tem
101 1598 131 1651 et
154 1587 332 1651 libertatem
354 1596 496 1650 rsosuam
519 1597 549 1650 et
572 1584 665 1650 Sedis
688 1587 893 1672 Apostolicae
922 1613 959 1652 oc
981 1588 1140 1652 reserabi-

27 1684 96 1748 lium
110 1685 258 1770 fratrum
286 1695 465 1748 nostrorum
490 1681 522 1748 S.
546 1685 637 1748 Rom.
662 1682 822 1748 Ecclesim
848 1685 1080 1764 Cardinalium,
1111 1697 1142 1749 et

25 1781 154 1848 oliorum
177 1805 434 1869 quorumcumque
457 1781 548 1845 nolis
571 1782 810 1846 adhaerentium
833 1786 869 1847 in
888 1785 972 1848 dicto
1000 1781 1139 1848 Concilio

18 1880 106 1964 sacta
129 1892 161 1946 et
182 1891 271 1966 qesta
289 1902 351 1964 per
374 1879 490 1942 dictum
515 1877 698 1961 Concilium,
717 1881 813 1965 prius
835 1883 962 1946 omnino
987 1880 1141 1945 tollantur

24 1991 50 2042 ct
69 1983 103 2044 in
121 1979 300 2067 pristinum
323 1987 440 2042 statum
463 1977 666 2041 reducantur.
715 1977 803 2042 Dein
828 1990 892 2044 tres
914 1979 1040 2044 litteras
1064 1971 1138 2064 npo'-

24 2076 149 2142 stolices
173 2086 203 2140 et
224 2074 380 2161 quidquid
398 2097 459 2160 per
481 2097 540 2138 nos
562 2085 620 2138 aut
641 2086 749 2138 nostro
772 2079 896 2140 nornine
920 2080 955 2141 in
973 2077 1139 2167 praejudi-

22 2177 94 2238 cium
135 2185 194 2239 aut
232 2173 467 2257 deroqationem
496 2171 663 2257 praedicti
696 2170 833 2238 Concilii
855 2176 1050 2241 Basileonsis
1087 2199 1141 2240 seu

20 2285 127 2338 contra
151 2278 219 2364 ejus
244 2273 465 2336 anctoritatem
480 2271 609 2356 factum
632 2280 688 2334 out
712 2282 903 2338 attentatum
917 2296 971 2338 seu
987 2284 1141 2338 assutum

19 2384 68 2450 est,
93 2392 270 2448 cassamus,
293 2390 483 2445 revocamus,
507 2369 672 2432 irritamus
696 2379 726 2432 et
750 2370 963 2448 annullamus,
987 2369 1094 2435 nullas
1110 2382 1140 2434 et

18 2471 127 2536 irritas
149 2468 260 2554 fuisse
283 2477 313 2529 et
336 2487 401 2530 esse
425 2465 633 2530 declaramus.
680 2467 759 2530 Item
780 2490 960 2532 revocamus
983 2491 1139 2553 quoscum

17 2589 68 2650 que
81 2589 256 2654 processus
270 2586 529 2650 quarumcumque
545 2587 758 2642 censurarum,
768 2566 997 2650 privationum,
1012 2579 1073 2633 etc.
1088 2623 1093 2633 .
1109 2617 1138 2633 ..

17 2688 50 2726 ac
61 2667 174 2730 omnio
198 2665 233 2728 in
244 2664 418 2748 pristinum
441 2671 567 2742 statum,
589 2662 722 2747 perinde
747 2685 785 2726 ac
799 2663 828 2726 si
842 2685 906 2726 non
929 2676 1137 2744 emanassent,

14 2787 77 2826 cum
102 2761 261 2828 clausulis
284 2761 473 2845 opportunis
495 2760 698 2824 restituimus.
706 2759 732 2844 ¹)

105 2862 161 2926 14.
208 2859 282 2922 Hoc
313 2860 414 2944 igitur
444 2857 575 2922 decreto
600 2858 743 2940 Eugenii
774 2859 851 2923 dein
876 2861 1022 2925 seditiosi
1048 2863 1306 2947 prae-⁰b¹⁰“²¹¹‘¹⁸·

13 2959 98 3024 eules
130 2956 341 3024 Basileonses
380 2979 419 3020 ec
451 2965 564 3040 postes
596 2957 681 3020 verii
713 2956 897 3021 adver-serii
933 2961 1139 3022 auctoritatis

13 3057 209 3140 pontificiae
240 3055 384 3118 maxime
416 3051 633 3130 ebusinam,
671 3053 749 3118 inde
783 3055 969 3134 inferentes,
1006 3055 1139 3120 decreta

10 3154 257 3220 Basileonsium
289 3163 323 3215 et
355 3153 621 3237 superioritatem
652 3150 792 3218 Concilii
826 3175 926 3238 supra
957 3154 1081 3240 Papum
1118 3177 1138 3218 n

11 3252 180 3317 Pontifice
210 3253 324 3334 agnita
347 3271 426 3316 esse.
476 3249 569 3330 Quos
591 3251 715 3334 optime
740 3250 812 3335 jam
837 3251 892 3315 iilo
922 3265 1067 3338 tempore
1092 3275 1138 3316 re·

9 3351 136 3415 sutsvit
162 3348 310 3413 loannes
333 3370 353 3411 e
376 3347 629 3412 Turreoremetc
653 3346 694 3413 0.
719 3346 753 3412 S.
778 3348 831 3428 D.‚
857 3351 912 3435 qui
939 3351 1007 3436 ipss
1031 3349 1138 3415 adfuit

10 3450 43 3512 in
60 3446 220 3514 Concilio
241 3444 423 3510 Basileenei
447 3468 487 3510 ec
503 3445 675 3510 Pontificis
698 3448 928 3512 auctoritatem
952 3450 1055 3512 tuitus
1078 3460 1136 3516 est.

8 3545 107 3626 Quae
135 3544 347 3610 observande
364 3554 542 3608 occumunt
559 3543 603 3608 ed
616 3542 779 3628 quosdam
796 3557 918 3630 puncta
930 3547 1136 3614 reducemus.

8 3645 152 3730 Itaque:
178 3643 416 3707 l⁰Auotoritee
441 3641 563 3706 decreti
585 3641 728 3724 Eugenii
753 3664 812 3727 per
826 3665 861 3708 sc
884 3644 983 3710 valde
1006 3645 1138 3710 infirme

7 3753 54 3806 est
92 3765 149 3825 so,
190 3739 277 3826 quod
303 3741 457 3805 Pontifici
496 3741 592 3824 gravi
631 3750 720 3804 metu
744 3763 784 3804 ac
808 3751 930 3808 terrore
960 3765 1135 3810 excussum

7 3841 121 3908 fuerit.
163 3837 286 3904 emtis
309 3850 355 3903 est
377 3839 551 3924 responsio,
575 3837 691 3904 scribit
714 3839 976 3924 Turrecromate,
1000 3845 1137 3907 menime

7 3943 33 4004 si
55 3963 143 4004 uera
165 3948 249 4016 sunt,
272 3960 351 4022 quae
369 3930 548 4021 opimitas
568 3959 701 4021 moqnae
720 3937 894 4023 probitatis
917 3950 946 4003 et
968 3941 1137 4026 paritatis

7 4041 84 4102 ciris
122 4037 214 4101 diota
245 4047 317 4098 runt
349 4035 383 4097 in
416 4036 517 4111 curia,
548 4031 693 4098 uidelicet
725 4035 809 4120 quod
833 4036 1007 4122 praefatae
1031 4036 1136 4102 bullae

82 4251 105 4318 ¹)
130 4247 223 4302 Inbbe
242 4246 306 4303 XII.
326 4246 387 4302 528.

54 4351 210 4398 sanemur,
225 4347 415 4386 ussermanni..
431 4347 495 4385 rom.
510 4345 547 4385 vi.
976 4333 1012 4390 23
