2822 4838
143 632 273 673 huncenttl

161 687 254 728 minuo.

295 487 349 542 266
562 486 662 542 XXVL
683 487 723 542 De
741 485 907 540 Pontificem
926 483 1079 539 innocentii
1097 483 1150 537 ΙΙΙ.

295 631 437 717 ipecmnu
470 631 657 718 praedictae
693 631 866 694 tententiae
902 629 1059 692 curaverit
1091 627 1307 714 promulpnre.

297 731 384 794 licet
411 731 511 815 icitur
533 753 574 794 eae
597 730 702 794 enueie
719 729 908 815 praemieeie
930 749 994 792 uon
1017 726 1176 791 videretur
1198 725 1286 790 dieta
1303 722 1406 810 petitu

295 828 506 907 admittenda,
530 830 605 914 quin
630 839 734 892 tumen
756 825 811 890 ubi
834 837 880 889 eet
892 825 1060 888 multitudo
1084 826 1120 890 in
1134 845 1242 900 cama,
1256 821 1406 885 detrnleu·

295 927 370 991 dum
392 938 438 991 eet
462 925 586 1012 aliquid
608 925 778 1003 teneritati,
800 935 836 989 ut
850 923 1024 1013 majoribus
1046 923 1142 988 mulie
1160 920 1318 988 sanandis
1339 919 1406 981 enri-

296 1035 347 1090 tue
369 1027 494 1090 sincera
516 1024 690 1104 rubuerint,
713 1025 748 1087 in
772 1045 807 1086 co
832 1022 876 1086 cd
893 1023 1080 1108 petitionem
1097 1021 1337 1108 praedictorum
1358 1017 1406 1078 Ar·

295 1125 485 1210 cleiepiccepi
505 1124 776 1210 etldpieccporum
797 1122 935 1206 pretinm
958 1120 997 1184 de
1021 1121 1175 1184 communi
1186 1117 1328 1200 fratrum
1350 1135 1406 1176 noe·

296 1232 417 1285 uorum
443 1221 576 1285 coneilio
609 1223 758 1286 ducimur
772 1219 973 1306 faciendam,
1005 1241 1045 1281 etc
1068 1241 1127 1304 quo
1151 1216 1303 1280 uidebant
1324 1215 1406 1298 impe-

296 1318 437 1383 dimenta
461 1341 614 1407 enpreeea
636 1321 784 1405 nuperius
801 1319 981 1404 provenire.
1013 1315 1242 1381 Relaeauimue
1266 1334 1339 1398 erpo
1356 1331 1406 1372 non

294 1417 331 1479 in
355 1426 461 1495 totum,
484 1417 541 1480 eed
563 1420 598 1482 iu
614 1441 680 1481 unc
701 1427 796 1502 parte
820 1414 1012 1480 solummodo
1036 1413 1248 1489 interdictum,
1272 1435 1330 1474 uec
1348 1429 1406 1495 per*

292 1524 400 1600 petuo,
432 1515 487 1579 ced
516 1517 561 1579 cd
594 1526 722 1602 tempus,
756 1513 907 1600 quamdiu
936 1513 1058 1577 ecilicet
1089 1512 1181 1577 nobie
1203 1508 1368 1597 placuerit
1388 1525 1406 1566 et

295 1612 467 1678 uiderimus
490 1614 651 1701 cupedire,
676 1622 711 1675 ut
728 1611 897 1698 probemur
920 1611 1047 1674 interim
1071 1611 1212 1695 spirituc,
1238 1607 1268 1670 ei
1291 1627 1332 1668 eae
1354 1604 1406 1666 Dec

296 1712 370 1791 tint,
388 1722 417 1774 et
429 1736 481 1790 un,
499 1712 595 1797 (sicut
609 1711 708 1774 iidem
721 1710 987 1796 Arelliepiccopue
1001 1719 1031 1772 et
1047 1708 1201 1796 Epiecopi
1211 1709 1406 1782 asteterunt„

296 1819 428 1894 epercta
457 1809 533 1873 iude
563 1809 690 1873 utilitas
719 1818 916 1894 sequentum
954 1809 999 1870 eie
1022 1805 1178 1885 uidelicet,
1210 1815 1247 1868 ut
1268 1805 1307 1865 ire
1330 1819 1406 1883 reque

295 1907 367 1992 ipro
398 1907 509 1970 diuina
540 1906 733 1970 celebrentur
756 1906 874 1993 officia,
903 1905 959 1970 red
982 1904 1196 1969 decedentium
1218 1921 1356 1986 corpere
1377 1917 1403 1958 ee

291 2001 444 2090 pulturue
474 2003 704 2068 ecclesiasticae
737 2027 802 2068 nou
833 2003 1016 2068 tradantur.
1049 2050 1057 2067 .
1083 2051 1091 2066 .
1118 2057 1124 2068 .
1159 2000 1201 2066 Ut
1223 2009 1329 2062 auum
1362 2015 1406 2056 not

296 2103 453 2166 remittere
478 2125 627 2188 poenam,
665 2103 720 2167 ced
750 2112 938 2166 commutare
959 2103 1071 2188 potine
1094 2099 1269 2174 videamur,
1309 2095 1406 2158 dictem

296 2219 398 2285 repem
421 2199 642 2283 Leyioneueem
674 2201 704 2264 e't
732 2212 936 2265 memoratam
954 2199 1063 2284 filiam
1094 2200 1178 2294 repit
1204 2191 1364 2261 Caetellne
1385 2212 1406 2250 u

297 2318 402 2360 cmuee
419 2296 622 2384 principalee
645 2320 751 2362 eorum
774 2298 975 2363 conciliarios
998 2309 1029 2361 et
1041 2297 1195 2383 sautcree
1217 2285 1406 2358 excommuui

297 2395 433 2459 cationie
447 2396 624 2460 miravimus
637 2397 793 2462 sententia
808 2396 976 2476 innodare,
995 2395 1194 2474 mandentes,
1210 2402 1244 2456 ut
1262 2391 1308 2456 cd
1322 2409 1405 2477 quam

297 2516 425 2579 cumque
447 2495 614 2572 civitatem,
639 2495 802 2582 oppidum,
826 2493 998 2559 ueluillam
1020 2493 1211 2567 devenerint,
1235 2485 1347 2554 nullus
1368 2483 1405 2548 ili

298 2591 368 2655 dem
391 2593 437 2655 eie
456 2591 679 2677 praecentilue
699 2603 886 2678 praeeumat
909 2592 1018 2678 officia
1041 2588 1240 2669 celebrare.¹)

327 2813 339 2820 .
387 2724 441 2791 49.
488 2725 542 2789 Ex
574 2724 667 2789 hisce
690 2724 801 2808 colligi
831 2735 947 2811 potest,
984 2723 1105 2812 quibus
1128 2723 1307 2811 principiis
1330 2720 1405 2800 Iunc

299 2824 428 2886 centius
447 2823 500 2886 111
523 2824 558 2886 iu
582 2821 718 2888 ferendo
743 2823 929 2904 interdicto,
954 2834 987 2888 et
1010 2825 1044 2888 in
1067 2819 1252 2887 relexende
1277 2841 1321 2883 ex
1336 2809 1405 2903 perti

299 2919 462 3004 ejusmodi
485 2942 593 3006 poene
617 2920 803 2986 duceretur.
852 2922 888 2986 1⁰
919 2920 1050 3002 Statuit,
1082 2921 1124 2986 nb
1157 2919 1278 3004 grevia
1302 2916 1404 2980 motin

299 3018 415 3081 merito
440 3017 615 3083 interdicto
639 3021 794 3084 territorii
818 3040 933 3103 regum
965 3021 1105 3084 crimine
1136 3017 1259 3104 puniri,
1295 3036 1362 3100 quc
1390 3011 1404 3074 it

298 3136 333 3178 re
357 3116 508 3202 exemplo
533 3118 651 3181 nititur
673 3139 697 3184 e.
722 3115 924 3202 Scripturae,
948 3139 1051 3204 quum
1076 3116 1118 3181 ob
1144 3113 1288 3181 Devidie
1314 3129 1404 3198 pecca

298 3223 370 3276 tum
396 3226 487 3300 peste
512 3214 653 3300 populus
667 3214 853 3299 flagellatus
868 3217 920 3280 sit.
955 3214 1122 3280 Videlicet
1137 3216 1224 3278 inter
1239 3213 1404 3299 principe-n

299 3319 332 3374 et
368 3310 527 3396 populum
567 3323 660 3378 tenta
699 3322 748 3378 est
787 3315 961 3395 connexio,
1002 3323 1038 3378 ut
1068 3336 1128 3400 per
1158 3311 1296 3377 modum
1329 3309 1403 3372 uniu

299 3419 499 3495 spectentur.
546 3410 706 3497 Princeps
730 3423 780 3476 eet
802 3410 915 3498 populi
941 3421 1060 3496 ceput3
1092 3413 1119 3476 ie
1153 3411 1299 3475 adeum
1325 3405 1403 3472 velut

300 3507 453 3592 pertinet,
478 3509 623 3573 maxime
642 3510 743 3594 juxte
766 3519 888 3574 etatum
913 3531 1023 3575 rerum
1048 3512 1083 3574 in
1099 3509 1209 3574 medio
1226 3530 1330 3588 eev03
1354 3503 1403 3592 suit

300 3604 446 3670 diturum
469 3627 601 3692 quoque
625 3607 686 3671 sub
710 3607 887 3671 interdicto
903 3609 1084 3694 positorum
1101 3604 1315 3671 incommode
1330 3599 1403 3681 sacili

299 3725 411 3788 regem
435 3703 626 3788 adigebant,
652 3715 688 3768 ut
703 3704 768 3769 Dei
792 3715 825 3770 et
839 3705 1010 3770 Ecclesiae
1032 3704 1162 3790 legibue
1185 3703 1359 3790 pereret.¹)
1380 3733 1402 3746 -

374 3937 395 4004 ¹)
414 3935 525 3990 Ibidem.
1401 3933 1402 3982 t

374 4027 395 4091 ¹)
414 4026 487 4080 Bene
506 4025 540 4080 ed
559 4039 615 4078 rem
634 4023 750 4077 Humer:
780 4025 877 4092 „Cette
896 4029 998 4095 epoque
1017 4025 1181 4080 concidereit
1199 4024 1225 4080 le
1243 4025 1337 4094 prince
1355 3995 1402 4113 etl

300 4105 397 4175 peuple
416 4122 515 4160 comme
533 4121 571 4159 nn
591 4111 652 4159 tout
670 4105 852 4171 indissoluble,
885 4113 915 4162 et
942 4107 980 4162 lec
1009 4105 1105 4174 peones
1133 4107 1166 4161 de
1195 4105 1250 4161 l’uu
1269 4119 1367 4160 comme
1384 4099 1401 4152 lt

300 4187 396 4256 ptchte
414 4187 448 4242 de
466 4185 570 4252 l‘eutre,
598 4185 637 4240 les
666 4189 760 4240 vertue
779 4186 812 4241 de
830 4185 884 4241 l’uu
904 4203 1005 4242 comme
1033 4187 1071 4241 les
1090 4193 1184 4242 vertue
1203 4187 1237 4241 de
1255 4185 1366 4247 l’eutre;
1392 4191 1401 4234 t

301 4265 366 4323 c’eet
386 4267 455 4322 cinei
474 4281 526 4334 que
544 4267 571 4321 ln
589 4267 647 4320 tite
665 4271 694 4320 et
712 4265 751 4318 lee
770 4267 901 4322 membres
920 4267 1082 4332 receveient,
1101 4283 1164 4321 sens
1183 4269 1242 4321 ttre
1261 4267 1366 4323 divites.
1382 4261 1401 4316 lt
