2836 4848
278 439 331 492 402
469 435 599 492 XXVIII.
620 437 661 490 De
678 441 754 490 statu
772 436 912 492 societatis
931 435 1022 490 christ.
1041 449 1111 490 saec.
1131 435 1209 496 XIH,

278 580 481 666 peditionem
506 601 634 644 sacram
659 580 693 642 in
718 577 890 644 Orientem
922 589 1002 644 tunc
1032 580 1210 663 suscipere,
1243 601 1282 643 ac
1311 601 1397 663 prac-

278 678 426 742 textibus
450 688 482 742 et
505 677 703 762 ambagibus
727 698 801 741 eam
825 680 944 742 iterum
969 676 1102 741 differre
1119 678 1212 741 nisus
1229 689 1287 741 est.
1316 677 1398 762 Ipso.

278 784 409 861 praeter
432 776 634 840 valetudinis
659 775 883 840 conditionem
906 775 988 840 alias
1017 775 1118 838 fuisse
1142 777 1287 840 rationes
1310 776 1400 840 diflu-

278 874 374 938 rendi
398 872 532 954 bellum,
563 874 647 937 forte
670 874 781 938 innuit
812 875 846 938 in
878 872 1016 959 epistola
1049 872 1093 936 ad
1123 875 1292 958 principes
1324 873 1399 936 datr'r

278 971 443 1037 scribens:
471 972 571 1052 „Viso
596 980 629 1034 et
652 972 799 1055 inspecto
823 979 910 1036 statu
933 992 1094 1056 personae
1117 979 1259 1052 nostrae,
1284 983 1314 1034 et
1338 975 1402 1056 qni.

278 1069 411 1134 buslibet
443 1071 688 1134 circamstoctc'ie
717 1069 892 1156 iodapotis,
923 1067 1161 1133 consulendum
1191 1068 1233 1132 de
1264 1071 1403 1132 transitu

278 1167 469 1250 (consilarii)
495 1190 561 1232 non
585 1167 805 1246 viderunt.“¹)
859 1165 925 1232 Sed
948 1189 1065 1252 reapse
1088 1176 1219 1252 tempus
1244 1165 1337 1246 illud,
1363 1167 1404 1230 ob

278 1265 461 1330 divisiones
484 1267 673 1351 principum
697 1264 939 1330 Saracenorum
968 1268 1001 1330 in
1026 1264 1173 1344 Oriente,
1197 1264 1403 1350 expeditioni

279 1366 425 1429 maxime
462 1373 684 1450 opportunum
717 1363 842 1429 fuisset.
875 1403 918 1412 -—
948 1365 1001 1428 De
1036 1363 1135 1427 modo
1166 1362 1288 1446 agendi
1323 1363 1416 1430 Gress

278 1463 362 1546 gorii
387 1461 437 1524 IX
462 1460 633 1525 Pontificis
665 1462 700 1524 iu
729 1461 977 1546 Imperatorem,
1009 1463 1140 1524 varium
1171 1460 1234 1524 fuit
1260 1461 1336 1545 jem
1370 1483 1416 1530 ca

278 1569 386 1624 aetate
405 1559 584 1644 judicium,
609 1581 648 1622 ac
671 1560 892 1623 recentiorum
916 1580 1047 1645 quoque
1064 1568 1236 1623 auctorum
1261 1567 1314 1621 est
1338 1579 1407 1621 sen·

278 1659 382 1722 tentia
414 1657 549 1722 discors.
605 1655 669 1720 Sed
701 1655 764 1720 hac
797 1656 837 1720 de
870 1658 1063 1742 quaestione
1095 1657 1232 1720 inferius
1255 1678 1406 1740 agemus.

279 1768 453 1842 postquam
479 1766 660 1819 eventuum
684 1757 802 1820 seriem
826 1754 1111 1840 perlustravimus.

371 1855 421 1918 14.
454 1852 675 1938 Subsequenti
708 1855 810 1936 igitur
832 1875 920 1918 anno
947 1853 1032 1917 1228
1063 1855 1097 1916 in
1123 1850 1235 1916 Coena
1266 1852 1417 1926 Dominit

139 1941 160 2030 ζ
172 1940 199 1968 ⁰²
219 1941 241 2031 ἰ
279 1950 459 2036 Gregorius
474 1951 525 2016 IX
538 1953 916 2016 excommunicationem
934 1954 969 2016 in
984 1951 1193 2015 Fridericum
1209 1951 1241 2014 Π
1262 1951 1409 2016 redinte-

279 2053 398 2136 gravit,
427 2051 596 2135 sacrisque
620 2049 793 2113 interdixit
822 2048 954 2114 lucain
979 2048 1101 2135 quibus
1124 2049 1152 2111 is
1175 2059 1301 2133 ageret.
1351 2050 1409 2112 Ra·

279 2147 426 2212 tionibus
451 2149 602 2232 superius
630 2148 700 2232 jam
724 2146 871 2231 prolatis,
904 2149 937 2210 in
970 2145 1109 2233 epistola
1140 2145 1218 2210 data
1247 2145 1293 2211 ad
1320 2169 1410 2232 prae·

280 2244 366 2309 sules
391 2244 533 2330 Apuliae
569 2243 679 2308 adhuc
704 2244 786 2308 alias
809 2244 973 2330 adjungit,
1007 2241 1164 2307 videlicet
1186 2244 1276 2330 quod
1304 2243 1410 2330 Impe-

279 2353 368 2409 rator
383 2343 670 2429 archiepiscopum
687 2343 904 2406 Tarentinum
929 2341 971 2405 ad
997 2340 1108 2405 sedem
1133 2364 1226 2406 suam
1246 2343 1411 2408 accedere

280 2442 505 2528 populumque
522 2463 618 2506 suum
631 2442 767 2504 visitare
786 2440 976 2526 impediret5
994 2439 1082 2526 quod
1094 2438 1308 2525 Templarios
1324 2443 1411 2526 equi·

279 2553 327 2606 tes
352 2542 458 2620 bonis,
483 2560 568 2626 quae
593 2539 626 2601 in
652 2559 753 2620 regno
778 2539 848 2623 ejus
873 2537 1053 2618 habebant,
1078 2537 1201 2623 injuste
1215 2537 1411 2623 spoliassct;

279 2639 367 2725 quod
393 2637 590 2702 concordiae
613 2636 702 2720 leges
726 2659 802 2701 cum
828 2635 956 2701 Comite
975 2635 1150 2702 Celenensi
1174 2647 1207 2700 ct
1229 2638 1412 2722 Raynatro

280 2737 321 2800 de
346 2737 476 2800 Aversa
500 2737 609 2816 initas,
633 2757 693 2820 pro
718 2757 858 2820 quarum
883 2735 1113 2800 observatione
1130 2735 1283 2799 Romana
1309 2738 1413 2802 eccle·

279 2836 328 2898 sia
351 2833 393 2897 ad
419 2835 489 2920 ejus
513 2855 626 2918 preces
650 2833 873 2918 fidejusserat,
896 2856 1029 2898 servare
1053 2843 1294 2916 contemneret3
1323 2837 1413 2922 quod

281 2935 433 2998 comitem
448 2933 639 3016 Rogerium,
664 2933 929 3016 crucesignatum
955 2943 987 2996 et
1011 2931 1072 2996 sub
1090 2935 1297 3018 protectione
1315 2933 1413 2998 Sedis

281 3031 493 3116 Apostolicae
518 3033 743 3112 constitutum,
769 3032 927 3095 comitatu
942 3030 1082 3116 aliisque
1097 3031 1192 3094 terris
1207 3030 1339 3115 injuste
1354 3035 1413 3118 pri·

280 3139 400 3212 vasset,
425 3130 561 3216 ejusque
584 3127 652 3192 filio
677 3130 711 3192 in
736 3127 886 3192 custodia
902 3137 1039 3209 retento,
1064 3127 1247 3192 secundum
1265 3129 1413 3214 Aposto-

279 3229 379 3293 licnm
413 3228 608 3292 mandatum
638 3226 825 3290 libertatem
854 3225 993 3290 reddere
1021 3236 1197 3290 recusaret.
1222 3263 1266 3274 -·
1293 3227 1412 3308 Vides,

279 3329 477 3410 gravissima
510 3326 611 3390 fuisse
636 3326 771 3407 motiva,
803 3323 846 3389 ob
870 3347 955 3410 quae
980 3323 1162 3407 Gregorius
1185 3322 1236 3387 lx
1260 3323 1412 3390 Fridcri·

281 3448 355 3490 cum
381 3425 415 3490 ΙΙ
439 3424 762 3504 excommunicavit;
794 3433 942 3487 attamen
965 3423 1037 3508 ejus
1060 3421 1307 3508 depositionem
1335 3437 1412 3488 tunc

282 3523 429 3589 nondum
458 3523 612 3587 Pontifex
643 3522 881 3607 pronuntiavit,
914 3542 976 3585 nec
1000 3518 1151 3584 subditos
1174 3519 1412 3604 ejuramento

281 3621 450 3686 fidelitatis
474 3620 581 3685 solvit.

373 3720 423 3784 15.
464 3719 654 3783 Fridericus
684 3719 867 3803 Imperator
907 3719 1039 3781 iuterim
1071 3716 1250 3780 acerrimas
1281 3714 1413 3780 litteras

281 3829 395 3882 contra
420 3815 618 3901 Gregorium
651 3815 706 3880 die
730 3816 768 3880 6ῃ
792 3815 989 3880 Decembris
1015 3815 1098 3879 1227
1133 3813 1223 3876 misit
1251 3813 1299 3877 ad
1326 3818 1412 3900 prin·

281 3918 371 4002 cipes
405 3915 617 3997 christianos,
651 3914 771 4000 quibus
799 3912 948 3979 refellere
977 3911 1147 3978 nitebatur
1176 3915 1411 3978 accusationes

284 4061 359 4069 ---—
406 4062 459 4067 —

355 4147 375 4279 ’ἶ
396 4145 482 4214 Epist.
502 4144 632 4200 Fritlerici
651 4144 775 4198 LXXIX.
801 4145 835 4198 ed
859 4143 1000 4198 universos
1025 4141 1243 4210 crucesignatos.
1273 4159 1318 4212 sp¹
1340 4146 1411 4198 Mar.

282 4237 345 4282 tene
376 4269 382 4282 .
403 4243 424 4280 c.
