2964 4838
505 455 659 512 Alexander
677 455 725 516 Vl.
1124 453 1178 508 445

52 623 135 687 quse
158 602 193 665 in
216 599 376 666 hocloco
400 601 490 667 facta
510 610 719 680 asserentum
744 601 806 664 iata
830 619 897 664 non
921 597 1018 662 modo
1043 619 1093 674 re,
1118 595 1177 661 sed
1221 597 1331 648 ΒΜ·

52 698 271 785 appellatione
312 720 444 786 quoqne
489 698 628 782 indigna
668 707 745 762 sunt
784 696 889 782 gradu
935 717 1034 781 quem
1073 705 1177 758 tenes.

52 797 172 876 Mariti,
197 807 315 882 patres,
343 796 460 862 iratres
484 806 516 860 et
540 796 779 880 consanguinei
803 793 989 880 puellarum
1013 813 1099 880 quae
1122 791 1179 856 ad·

51 905 162 972 erant,
198 903 235 959 nt
257 893 394 958 liberior
416 904 503 960 esset
525 893 622 958 vobis
647 891 844 977 voluptsndi
869 891 1028 973 facultas,
1064 890 1106 954 ab
1131 891 1179 954 in-

1228 659 1266 698 Pll
1279 660 1311 699 11.

50 1011 162 1075 gressu
198 985 479 1077 prohibebantur,
519 1013 581 1056 vos
615 989 676 1056 soli
712 1011 789 1056 cum
832 991 948 1074 paucis
988 989 1182 1054 domesticis
1300 1023 1301 1026 ¹

50 1099 199 1153 auctores
236 1088 485 1174 hortatoresque
517 1088 712 1154 chorearum
752 1088 862 1152 eretis.
917 1087 1052 1152 Dicitur
1089 1109 1180 1152 nnnc

50 1186 138 1250 nulla
163 1186 204 1252 de
228 1209 263 1250 re
286 1186 353 1252 alia
377 1207 447 1252 esse
473 1189 506 1252 in
532 1188 668 1252 civitate
693 1185 832 1252 Senensi
857 1207 1062 1266 sermonem,
1088 1207 1179 1270 prae·

49 1295 197 1370 terquam
230 1286 412 1350 vanitatem
436 1296 528 1350 tuam
559 1285 602 1350 ab
634 1283 789 1348 omnibns
820 1283 967 1358 irrideri3
1003 1282 1059 1348 hic
1090 1291 1179 1348 certe

49 1384 81 1446 in
106 1381 246 1463 balneis,
271 1383 328 1447 ubi
355 1382 655 1450 ecclesiasticorum
680 1391 713 1446 et
734 1381 953 1446 saecularium
970 1405 1037 1446 non
1054 1401 1180 1468 parvus

47 1489 95 1546 est
129 1501 307 1562 numerus,
344 1479 436 1566 vulgi
468 1501 503 1546 ee
535 1480 659 1546 fabula.
782 1477 984 1544 Valentinos
1017 1477 1178 1544 ecclesiae

47 1600 179 1663 praees,
215 1577 280 1658 fili,
316 1600 401 1665 quae
433 1580 519 1643 inter
551 1579 777 1663 Hispanorum
810 1576 966 1642 ecclesiae
996 1579 1179 1664 praecipua

47 1685 109 1756 est3
136 1674 352 1761 Apostolicae
375 1678 477 1740 etiam
498 1675 718 1742 cancellariae
729 1675 877 1758 regimen
894 1685 996 1754 tanes,
1021 1674 1178 1762 qnodque

46 1774 169 1838 factum
194 1785 288 1837 tunm
313 1773 609 1859 reprehensibilius
633 1772 723 1856 facit,
747 1772 790 1836 ad
816 1772 990 1838 consilinm
1008 1773 1179 1838 Romanae

47 1870 141 1936 Sedis
166 1873 252 1938 inter
267 1871 463 1938 Cardinalss
489 1893 564 1937 cum
583 1869 746 1936 Pontifiee
771 1869 882 1944 sedea;
907 1873 933 1936 ai
951 1869 1069 1956 puellis
1086 1868 1178 1934 blan-

47 1969 119 2050 diri,
144 1969 273 2034 fructus
296 1971 470 2050 missitare,
496 1970 576 2034 hinc
602 1967 681 2034 inde
702 1970 822 2032 vinnm
844 1977 1091 2054 praegustatum
1117 1966 1176 2047 illi,

46 2089 146 2152 quam
172 2067 292 2152 diligas
308 2068 448 2148 mittere,
473 2069 577 2134 effuso
602 2066 711 2130 studio
727 2085 826 2130 omne
845 2089 951 2150 genus
965 2065 1174 2150 voluptatum

46 2187 102 2250 per
126 2175 233 2232 totum
258 2165 346 2230 diem
371 2177 536 2250 spectare,
561 2166 706 2251 deniqne
730 2176 766 2229 ut
789 2165 861 2230 lieri
885 2167 997 2230 omnia
1020 2164 1180 2229 licentius

45 2264 189 2348 possint,
226 2263 361 2328 maritos
384 2259 514 2328 illarum
546 2263 742 2344 excludere,
777 2261 938 2347 gradibus
960 2264 1027 2326 tuis
1055 2283 1174 2327 conve·

46 2362 115 2424 nire
131 2359 301 2440 videntur,
317 2359 378 2424 tibi
396 2361 459 2444 ipsi
471 2360 696 2447 judicandum
711 2360 940 2446 relinquimus.
959 2413 967 2428 .
985 2407 992 2425 .
1011 2411 1018 2425 .
1044 2358 1173 2440 Quodsi

45 2458 293 2524 excusationem
325 2455 448 2541 allegas
479 2461 614 2540 aetatis,
652 2479 717 2524 non
749 2468 799 2523 est
822 2481 861 2522 ea
884 2458 946 2524 tibi
972 2459 1043 2544 jam
1072 2468 1178 2537 aetas,

44 2565 79 2618 ut
109 2577 179 2619 non
210 2554 393 2640 intelligas,
431 2565 592 2643 qnantum
624 2579 707 2620 onus
739 2557 885 2640 dignitas
913 2569 970 2620 tua
1001 2558 1173 2622 sustineat.

44 2653 125 2718 Esse
158 2652 482 2738 irreprehensibilem
508 2653 719 2720 Cardinalem
749 2662 893 2740 eportet,
930 2656 1019 2720 vitae
1044 2675 1173 2719 morum

44 2750 188 2816 salutare
210 2750 412 2836 exemplum,
437 2751 532 2838 cnjus
556 2773 697 2838 persona
714 2753 863 2817 omnium
888 2773 954 2817 non
973 2752 1079 2817 solnm
1104 2755 1178 2817 ani-

44 2851 120 2932 mia,
154 2849 213 2914 aed
237 2847 342 2914 oculis
366 2849 465 2914 debet
487 2851 660 2916 inservire.
785 2848 1047 2936 circumspectio
1072 2851 1179 2935 igitur·

44 2955 98 3012 tna
123 2948 165 3010 iis
189 2946 396 3012 vanitatibus
420 2947 556 3012 modum
581 2949 748 3034 imponet,
784 2948 981 3032 dignitatem
1006 2969 1100 3012 suam
1124 2969 1172 3012 re-

44 3047 183 3128 cogitet,
220 3067 281 3110 nec
313 3044 395 3110 velit
424 3047 510 3110 inter
535 3046 680 3133 juvenes
710 3058 743 3110 ct
774 3045 985 3110 mulierculas
1016 3048 1178 3110 amatorie

43 3162 164 3208 nomen
189 3152 318 3208 tenere:
344 3144 370 3206 si
396 3145 485 3208 enirn
509 3143 593 3210 haec
616 3166 730 3210 rursus
753 3145 954 3226 acciderent,
979 3165 1178 3230 cogeremur

43 3240 230 3320 ostendere,
255 3240 353 3306 nobis
375 3243 492 3307 invitia
516 3253 549 3306 et
573 3241 763 3308 dolentibus
787 3265 826 3307 ea
849 3241 1027 3324 accidisse,
1063 3264 1177 3328 neque

43 3338 113 3402 sine
129 3337 250 3402 rubore
266 3349 323 3402 tuo
345 3359 414 3404 esse
430 3350 542 3406 nostra
558 3340 804 3406 animadversio
820 3350 940 3426 posset.
978 3341 1027 3404 Te
1041 3362 1178 3425 semper

43 3435 221 3500 dileximus
245 3448 278 3501 et
300 3447 459 3524 tanquam
484 3461 570 3520 cnm,
596 3441 631 3504 in
656 3460 720 3525 qno
743 3440 918 3523 gravitatis
942 3447 975 3502 et
989 3437 1177 3502 modestiae

43 3536 187 3619 speciem
212 3535 376 3616 vidimus,
413 3535 552 3620 dignum
584 3548 696 3602 nocua
725 3537 931 3622 protectione
960 3537 1175 3620 putavimus:

44 3633 136 3716 velia,
145 3634 382 3719 utopinioncm
391 3634 478 3700 hanc
487 3643 671 3700 etmentem
681 3636 823 3698 retinere
832 3633 890 3698 diu
900 3634 1174 3719 pessimus,qu0d

44 3729 88 3794 nil
112 3741 279 3816 praestare
312 3730 430 3798 melius
454 3733 591 3817 poterit,
627 3754 729 3819 quam
752 3733 943 3817 graviorum
968 3752 1097 3796 morum
1121 3755 1169 3796 aa·

45 3831 203 3914 sumpti03
243 3831 324 3895 anni
358 3833 408 3896 tui
442 3833 498 3916 qni
535 3832 775 3898 correctionem
810 3828 921 3894 adhuc
959 3828 1174 3914 pollicentur„

44 3924 178 4007 iaciunt,
203 3935 240 3989 nt
257 3936 394 4012 paterne
409 3937 441 3992 te
457 3931 683 3996 moneamue.“
724 3928 801 3992 Dat.
816 3927 963 4010 Petrioli,
988 3928 1055 3993 XII
1073 3929 1093 3994 J
1097 3929 1173 3993 unii

44 4021 250 4110 rronnxq
284 4093 288 4104 ,

117 4237 137 4305 ¹)
156 4236 290 4305 Raynald
310 4237 344 4292 ad
362 4253 387 4292 a
409 4239 479 4294 14⁶0
497 4253 523 4294 n.
543 4238 586 4292 ³1.
605 4239 649 4296 32.
