2832 4844
294 431 348 484 458
492 429 622 484 XXVIII.
642 431 682 483 De
700 435 777 484 statu
795 429 933 483 societatis
952 429 1043 483 christ
1063 444 1131 483 saec
1150 429 1228 484 XIII.

290 584 422 654 rentur3
447 583 614 637 caeterum
640 571 835 637 intendebat
858 575 928 658 ipse
952 595 1090 658 regnum
1109 572 1337 638 administrare
1359 597 1406 636 us·

291 693 354 756 que
378 671 420 734 ad
437 679 577 735 aetatem
603 670 749 735 adultam
766 669 957 752 Conradini,
983 670 1266 757 quemadmodum
1289 672 1321 735 id
1336 683 1408 734 ante

290 768 414 832 fecerat
443 769 657 832 Innocentius
681 768 749 847 III,
780 791 882 854 quum
914 768 1104 832 Fridericus
1128 769 1161 832 II
1193 770 1304 835 adhuc
1332 791 1409 856 puer

291 875 385 933 esset.
410 905 453 914 -
478 866 671 932 Manfredus
695 867 857 930 Friderici
883 867 917 928 II
940 865 1029 929 filius
1054 875 1132 930 tunc
1157 890 1233 931 cum
1258 869 1408 933 Innocen-

291 965 336 1028 tio
353 964 402 1027 IV
427 966 503 1048 egit,
528 974 628 1050 atque
644 987 663 1027 1
680 965 850 1044 Pontifice,
876 963 1051 1046 Anagniae
1067 963 1121 1028 die
1136 965 1197 1028 27ο
1213 965 1411 1050 Septembris

291 1085 321 1129 a.
350 1064 443 1143 1254,
469 1064 516 1125 1111
542 1063 613 1147 ejus
632 1063 776 1126 vicarius
800 1083 859 1147 pro
874 1061 971 1125 ltalia
995 1061 1203 1127 meridionali
1220 1065 1411 1128 constitutus

291 1159 365 1225 fuit.
412 1159 477 1225 Sed
501 1159 694 1224 Manfredus
719 1181 797 1223 mox
821 1162 855 1222 in
879 1159 1111 1223 Innocentium
1133 1161 1182 1224 IV
1207 1185 1242 1225 se
1267 1161 1409 1225 hostilem

292 1281 332 1321 ac
356 1257 511 1323 rebellem
536 1258 680 1322 ostendit
704 1273 745 1340 et,
778 1259 927 1320 exercitu
952 1257 1192 1323 Saracenorum
1218 1271 1344 1326 coacto,
1369 1283 1408 1320 ro·

292 1357 365 1442 pias
389 1357 560 1421 Pontificis
585 1379 760 1441 aggressus
784 1366 842 1421 est.

383 1455 434 1519 86.
460 1455 654 1522 Innocentio
681 1456 734 1519 die
761 1456 797 1517 7⁰
812 1455 1008 1519 Decembris
1030 1477 1059 1520 a.
1076 1457 1161 1520 1254
1176 1456 1335 1520 defuncto
1352 1478 1411 1517 sur·

293 1553 391 1615 cessit
422 1552 608 1616 Aleaeaadcr
632 1555 690 1618 IV.
747 1551 816 1617 Sub
847 1555 917 1638 ipso
950 1553 1143 1619 Manfredus
1176 1558 1211 1620 in
1241 1554 1411 1618 rebellione

293 1673 353 1714 sua
376 1652 529 1736 perstitit,
561 1673 730 1738 quumque
754 1673 868 1715 rumor
891 1650 933 1714 de
957 1662 1062 1717 morte
1087 1651 1269 1717 Conradini
1296 1675 1412 1738 perere-

293 1747 427 1829 buisset,
453 1747 506 1811 die
533 1750 591 1812 11⁰
615 1749 758 1832 Augusti
783 1770 812 1812 a.
841 1749 925 1813 1258
957 1750 1113 1814 Panormi
1142 1773 1253 1836 regem
1288 1749 1412 1816 Siciliae

294 1867 328 1910 sc
352 1849 501 1910 coronari
533 1848 620 1911 fecit.
669 1846 803 1910 Exinde
834 1845 1078 1912 Gibellinorum
1103 1849 1218 1913 Italiae
1250 1861 1364 1935 partes
1385 1862 1412 1908 nt

294 1943 362 2008 dux
388 1965 500 2006 eorum
533 1947 767 2031 propugnavit,
802 1943 1029 2030 ditionemque
1060 1947 1323 2011 ecclesiasticam
1355 1967 1413 2030 gra-

294 2042 380 2104 viter
403 2043 540 2106 vexavit
563 2052 597 2107 et
619 2043 744 2106 Romae
768 2042 884 2106 turbas
908 2042 1002 2125 fovit,
1029 2047 1074 2108 ita
1099 2057 1135 2108 ut
1158 2046 1356 2110 Alexander
1377 2041 1413 2106 ll'

295 2138 715 2205 UrbediscedensViterbii
726 2140 947 2224 Anagniacve
956 2142 1100 2207 residere
1112 2153 1296 2227 cogeretur.
1314 2143 1413 2222 Quum

295 2239 364 2322 ipse
389 2237 442 2301 die
467 2239 526 2302 21ο
550 2239 630 2323 Maji
656 2240 736 2302 anni
764 2238 845 2302 1261
874 2238 1019 2318 obiisset,
1048 2239 1168 2305 Sedem
1193 2240 1412 2326 Apostolicarn

294 2335 445 2399 ascendit
473 2337 618 2401 Urbanus
641 2337 700 2419 IV,
726 2334 852 2400 Gallus.
908 2335 942 2400 Is
966 2338 1101 2423 quidem
1135 2337 1248 2402 multIs
1283 2333 1414 2400 difficul-

295 2432 418 2497 tatibus
443 2457 584 2519 pressus,
611 2433 821 2497 concordiam
839 2455 914 2497 cum
931 2434 1104 2500 Manfredo
1129 2439 1213 2500 inire
1238 2457 1309 2500 non
1337 2457 1413 2498 recu·

296 2543 406 2612 sasset,
432 2532 611 2596 dummodo
627 2531 743 2596 honori
768 2542 801 2595 et
825 2531 980 2616 dignitati
1001 2531 1096 2596 Sedis
1114 2533 1331 2620 Apostolicae
1348 2535 1415 2594 satis

298 2630 474 2713 providere
498 2632 667 2715 potuisset.
719 2629 784 2693 Sed
817 2629 1011 2693 Manfredus
1041 2634 1415 2697 excommunicationem

164 2753 267 2782 oneror
297 2725 340 2790 ab
365 2726 556 2792 Alexandro
581 2730 614 2792 in
639 2751 673 2791 se
697 2725 798 2791 latam
814 2749 982 2811 spernens,
1007 2729 1116 2814 ipsum
1140 2729 1343 2794 Pontificem
1367 2729 1415 2796 On

194 2881 230 2908 ,g
296 2822 364 2887 beti
382 2836 564 2889 morantem
590 2827 624 2889 in
648 2847 742 2888 suam
760 2825 907 2909 redigere
924 2825 1108 2890 conabatur
1128 2837 1341 2912 potestatem.
1365 2845 1415 2951 urg

295 2943 418 3008 aequas
441 2925 533 3010 pacis
558 2923 765 2987 conditiones
797 2925 826 2986 ei
852 2922 1021 2989 offerebat.
1071 2923 1167 2989 Tunc
1193 2925 1355 2990 Urbanus
1377 2919 1413 2985 ll'

295 3041 432 3105 regnum
459 3020 602 3102 Siciliae,
627 3031 742 3106 utpote
767 3020 862 3084 Sedis
887 3020 1099 3105 Apostolicae
1123 3023 1272 3102 feudum,
1306 3019 1414 3087 obtulit

298 3117 412 3183 Carolo
437 3119 659 3204 Aadcpoeeaei
681 3118 846 3183 Ludovici
866 3117 915 3182 IX
934 3119 1038 3200 fratri,
1063 3141 1161 3205 quem
1177 3120 1323 3185 Romani
1350 3139 1414 3204 quo·

295 3218 403 3302 quein
417 3216 608 3283 Senatorem
626 3238 721 3280 suum
734 3217 912 3302 elegerant.
938 3216 1084 3297 Carolus,
1102 3239 1200 3303 quem
1214 3229 1248 3281 et
1259 3215 1414 3304 regnandi

293 3313 414 3400 cupido
430 3326 462 3379 et
473 3317 633 3380 Beatricis
649 3317 762 3378 uxoris
776 3315 914 3379 ambitio
926 3313 1156 3380 vehementius
1170 3317 1354 3383 excitabat.
1369 3319 1408 3378 in·

294 3414 446 3476 vitationi
461 3412 818 3498 Pontifieisacquievit.
837 3413 949 3492 Quum
963 3435 1042 3476 vero
1058 3437 1081 3478 s.
1097 3413 1296 3480 Lurlovicus
1309 3417 1411 3498 IXpa·

294 3533 366 3575 rum
385 3533 524 3598 pronum
542 3514 576 3575 in
594 3513 680 3577 istud
699 3514 868 3594 negotium
892 3533 926 3576 se
948 3513 1130 3596 praeberet,
1147 3513 1308 3578 Urbanus
1326 3513 1370 3578 IV
1387 3513 1410 3572 ei

295 3610 448 3688 ostendit,
474 3609 665 3687 Conradini,
690 3609 731 3674 ob
750 3609 910 3673 Friderici
929 3610 963 3673 II
986 3612 1040 3674 avi
1057 3611 1160 3696 ipsius
1186 3611 1410 3696 proditionem.

295 3707 386 3773 nulla
397 3730 467 3772 esse
477 3711 510 3772 in
528 3708 675 3772 Siciliam
685 3709 773 3794 jura,
794 3729 900 3793 neque
918 3707 1087 3772 Edmundi
1107 3709 1207 3794 Angli
1220 3711 1302 3794 jura
1321 3708 1411 3773 subsi-

296 3817 390 3886 stere,
402 3828 503 3892 quum
516 3808 543 3870 is
554 3805 701 3870 oblatum
714 3827 854 3888 regnum
865 3805 927 3870 sibi
942 3806 1114 3870 vindicare
1128 3807 1341 3892 neglexisset.
1358 3805 1409 3870 Ed·

296 3903 440 3968 mundus
463 3927 578 3990 reapse
603 3925 681 3968 mox
705 3907 793 3968 omni
814 3905 883 3988 juri
907 3906 1121 3970 renuntiavit.
1169 3907 1221 3968 Ita
1248 3907 1351 3990 igitur
1371 3903 1408 3963 Si-

296 4000 392 4066 ciliae
416 4025 555 4088 regnum
579 4025 608 4067 1.
630 4003 713 4067 1263
739 4005 772 4065 iu
799 4001 954 4066 Carolum
980 4003 1261 4086 Andegavensem
1287 3995 1413 4068 translsss

296 4111 365 4164 tum
390 4101 465 4180 11111;
491 4101 702 4165 confirmavit
717 4101 870 4165 Pontifex
894 4101 1005 4179 etiarn,
1031 4103 1184 4187 quamvis
1208 4103 1326 4178 invite,
1350 4103 1410 4184 ejus

297 4198 490 4263 electionem
515 4200 548 4263 in
574 4199 765 4262 Senatorcm
791 4197 1024 4278 Romanorum,
1052 4201 1148 4264 certis
1172 4199 1409 4264 conditionibus
