2850 4834
450 386 664 454 Templariorum
683 393 782 442 reatus.
1130 388 1182 440 149

66 554 189 596 necesse
204 533 288 594 foret
304 531 451 593 maxima
468 530 606 594 infamia
623 530 819 614 adspergere
844 532 1034 593 universam
1059 530 1179 595 hierar-

64 629 168 694 chiam
182 628 363 692 Ecclesiae.
411 627 485 691 Hoc
509 629 543 690 iu
569 626 661 690 bivio
688 629 739 690 vir
762 627 915 692 cordatus
939 638 972 691 et
996 626 1080 691 bene
1105 650 1179 691 cou-

61 727 161 791 sullus
191 748 257 790 non
290 724 441 788 haerebit
472 747 605 810 anceps,
639 747 703 809 quo
735 747 769 788 se
796 735 911 790 vertat.
936 765 979 773 —
1004 725 1180 790 Caeterum

59 825 173 889 solutio
197 824 401 910 quaestionis
425 823 466 887 de
478 823 609 909 justitia
624 822 814 887 abolitionis
830 823 1095 908 Templariorum
1113 846 1179 887 non

59 946 104 986 ex
129 925 167 986 iis
197 921 343 1008 petenda
374 929 431 1001 est,
464 943 549 1005 quae
582 931 674 1004 gesta
699 931 777 985 sunt
799 944 818 984 a
841 921 1066 985 tribunalibus
1095 923 1181 1004 regis

57 1034 91 1084 et
121 1020 161 1084 ab
193 1021 244 1102 iis,
278 1019 335 1106 qni
364 1021 629 1103 suppressionem
663 1018 762 1104 hujus
791 1018 928 1084 Ordinis
961 1018 1179 1104 appetebant3

57 1119 116 1183 sed
138 1140 181 1182 ex
204 1119 245 1182 iis
268 1139 354 1203 quae
378 1120 590 1182 continentur
613 1118 647 1181 in
672 1119 754 1181 actis
772 1118 926 1203 judicum
946 1129 978 1182 et
992 1117 1181 1203 praesulum

54 1216 367 1297 ecclesiasticorum,
399 1238 418 1278 a
452 1214 573 1301 quibus
596 1214 732 1280 abolitio
756 1215 1021 1300 Templariorum
1046 1215 1181 1279 demum

55 1315 190 1378 decreta
215 1324 274 1378 est.
308 1313 381 1393 Quo
398 1311 591 1397 diligentius
616 1335 693 1377 vero
718 1312 774 1377 illa
797 1325 882 1395 acta,
908 1313 1180 1378 Constitutiones-

52 1410 362 1498 queOlementisV
388 1411 633 1490 examinantur,
659 1433 696 1474 eo
721 1411 841 1475 clarius
860 1412 932 1498 jam
957 1411 1070 1496 liquet,
1090 1413 1180 1497 juste

52 1525 86 1572 et
117 1509 300 1594 prudenter
332 1510 437 1592 egisse
470 1509 676 1590 Pontificem,
710 1511 766 1595 qui
799 1509 894 1573 Bulla
931 1509 999 1574 Vooe
1029 1512 1064 1573 in
1096 1508 1182 1574 coelo

53 1605 220 1672 Ordinem
246 1605 455 1670 diffamatum
482 1605 656 1686 sustulitl)

129 1811 149 1880 ¹)
170 1809 206 1864 V.
227 1809 330 1864 Civilia
353 1809 446 1864 eattol.
470 1809 547 1866 1866.
572 1809 627 1866 Ser.
647 1809 695 1866 VI.
719 1809 780 1866 Vol.
799 1809 877 1866 VIII.
903 1827 928 1879 p.
948 1813 1009 1870 278.
1036 1841 1068 1852 -
1097 1812 1184 1879 Quae-

50 1891 156 1944 stiones
176 1906 246 1956 quas
265 1889 409 1958 tetigimus
437 1889 524 1944 fusius
544 1890 708 1944 evolvuntur
732 1891 760 1944 in
786 1891 975 1958 disquisitione
1006 1897 1100 1945 nostra
1127 1892 1183 1959 jam

49 1971 155 2024 citata:
176 1969 339 2024 ClemeusV
358 1970 414 2024 uud
433 1970 476 2024 die
495 1970 662 2040 Aufhebung
681 1971 727 2024 des
739 1971 969 2039 Templerordeus,
989 1972 1022 2026 V.
1042 1971 1184 2026 Eiuwitrle

50 2051 106 2103 und
127 2049 323 2104 abweiehends
343 2049 501 2116 Ansichteu
521 2051 538 2105 l.
558 2067 580 2108 c.
599 2067 642 2119 pp.
662 2052 713 2106 581
733 2067 789 2118 sqq.
