2916 4842
381 490 421 545 De
440 490 594 545 haeresibus
613 497 642 545 et
660 491 859 546 renumeratis.
1145 492 1179 548 91

79 654 173 697 senem
195 635 299 698 fuisse
322 634 427 720 liquet
449 633 538 716 inde,
570 634 658 720 quod
683 634 746 698 sibi
770 633 916 719 applicat
937 634 1041 699 verba
1065 658 1089 701 s.
1114 635 1181 700 Au·

77 733 195 816 grntinii
219 732 263 797 ad
288 733 548 818 Hieronymum:
581 731 731 806 Quamuis
749 732 915 819 pulchrius
939 735 981 796 sit
1004 755 1106 797 serrem
1129 733 1182 798 do·

76 853 129 892 cere
149 853 241 915 pacm
266 830 395 915 discere,
425 833 502 895 milri
524 842 628 896 tomen
650 831 743 896 nulla
765 841 855 895 aetus
878 831 950 895 aera
974 841 1020 895 est
1043 833 1087 896 ad
1118 833 1181 896 dia-

76 928 197 992 rendum.
233 927 384 1014 Epistola
406 929 518 994 autem
542 929 626 994 haec
649 931 738 994 circa
761 951 886 993 annum
905 928 991 993 1120
1015 929 1069 994 vel
1085 931 1180 994 initio

74 1027 140 1090 anni
174 1023 258 1090 1121
296 1029 418 1112 scriptu
448 1013 507 1108 est',
543 1036 721 1114 antequam
752 1026 900 1112 synodus
934 1025 1181 1092 suessionensis
1298 1059 1301 1064 ¹

74 1123 211 1204 (allel)
235 1123 423 1208 haberetur,
448 1127 483 1190 in
507 1147 574 1212 qua
594 1124 775 1190 Abaelardi
798 1125 884 1189 liber
907 1124 1084 1191 damnatus
1107 1126 1179 1193 fuit.

72 1217 126 1284 Sed
142 1222 213 1307 jam
238 1221 281 1287 de
304 1223 375 1308 ipso
399 1222 588 1288 Abaelardo
613 1225 770 1290 convenit
793 1233 830 1286 ut
852 1245 999 1308 agamus.

149 1363 220 1430 116.
269 1363 382 1428 Petrus
405 1363 622 1443 Abaelardus,
648 1365 726 1429 inde
750 1387 769 1428 a
793 1373 852 1428 sus
875 1375 981 1429 aetate
1006 1387 1110 1452 usque
1134 1365 1177 1430 ad
1194 1417 1214 1457 Α

71 1467 204 1544 tempora
227 1471 339 1526 nostra
370 1462 485 1527 famosi
510 1464 653 1527 nominis
678 1464 739 1544 vir,
771 1484 858 1526 anno
885 1462 971 1526 1079
1003 1475 1100 1528 natus
1128 1474 1178 1528 est

71 1557 98 1619 in
128 1560 243 1623 minori
269 1559 452 1640 Britannia,
486 1559 576 1624 haud
605 1559 720 1646 procul
750 1583 770 1624 a
793 1559 998 1625 Nannetensi
1029 1560 1112 1626 urbe
1143 1563 1179 1627 in

72 1655 178 1739 oppido
210 1656 300 1742 quod
337 1657 501 1722 Palatium
545 1657 737 1738 vocabatur,
774 1657 975 1742 Berengario
1009 1668 1043 1723 et
1073 1659 1181 1724 Lucia

72 1752 250 1836 parentibus
273 1755 337 1840 piis
360 1765 459 1841 atque
483 1753 661 1820 nobilibus.
696 1756 835 1840 Ingenio
860 1755 903 1819 ad
926 1755 1052 1821 litteras
1072 1757 1181 1822 addis·

72 1851 178 1915 tendas
202 1851 361 1917 facillimo
385 1853 565 1940 praeditus,
591 1851 718 1934 acutus,
743 1854 779 1918 in
804 1853 1004 1940 disputando
1030 1857 1180 1919 versatis·

72 1948 169 2030 simus,
194 1951 313 2035 spiritu
330 1962 442 2015 autem
458 1951 615 2032 liberiori,
632 1951 674 2016 ad
694 1951 876 2016 moliendas
893 1975 944 2016 res
961 1973 1065 2017 novas
1081 1952 1180 2017 valde

72 2046 206 2130 proclivi,
242 2048 286 2113 ad
309 2047 531 2114 humilitatem
545 2049 727 2114 admodum
749 2049 875 2132 dificili,
900 2049 1030 2115 saeculo
1059 2049 1180 2115 duode-

73 2145 145 2208 cimo
174 2169 294 2229 graves
318 2147 502 2212 simultates
532 2159 565 2212 et
595 2150 837 2212 controversias
873 2150 1042 2212 excitavit.
1090 2148 1180 2213 Post·

74 2263 159 2326 qnam
183 2243 263 2308 inde
292 2267 312 2308 a
337 2248 448 2332 pueris
471 2247 506 2309 in
530 2247 704 2331 provincia
728 2245 830 2310 natali
863 2247 973 2310 varias
996 2245 1180 2310 litterarum

74 2351 99 2401 et
111 2340 336 2427 philosophiae
360 2343 489 2408 scholas
506 2366 627 2429 magna
652 2367 728 2408 cum
751 2344 1179 2430 aviditate'frequentasset,

74 2441 153 2503 venit
173 2440 328 2506 Parisios.
370 2431 427 2507 lbi
461 2441 522 2506 sub
554 2443 712 2528 auspiciis
742 2441 899 2508 Gulielmi
931 2439 1179 2527 Campellensis,

74 2545 140 2601 tnnc
161 2537 390 2604 archidiaconi
415 2541 611 2605 Parisiensis
635 2550 669 2604 et
690 2538 920 2626 philosophiae
943 2541 1180 2625 peripateticae

74 2637 251 2719 professoris
287 2637 436 2714 celebris,
471 2641 505 2703 in
529 2637 740 2725 philosophia
765 2640 811 2703 ita
835 2638 984 2724 profecit,
1020 2646 1181 2723 utsupra

73 2734 299 2800 commilitones
323 2739 498 2824 ipsumque
522 2738 717 2821 magistrum
740 2758 835 2801 suurn
861 2736 956 2801 brevi
972 2735 1180 2822 exsplendes-

71 2843 154 2897 ceret.
200 2833 276 2898 Non
310 2834 413 2899 multo
455 2844 530 2922 post
564 2855 607 2898 ex
636 2833 793 2899 auditore
840 2833 1027 2899 scholarum
1063 2855 1181 2919 regens

3 2985 4 3020 ,
71 2931 179 3012 evasit3
211 2931 325 2996 adhuc
348 2931 540 2996 adolescens
563 2931 744 3014 Meloduni,
774 2932 852 2996 dein
878 2931 1033 3013 Corbolii‚
1067 2941 1180 3018 postea

3 3105 4 3112 ἵ
70 3025 191 3093 Parisiis
215 3029 347 3095 scholas
372 3031 525 3113 instituit,
550 3028 680 3115 sibique
696 3029 936 3114 amplissimum
955 3051 1075 3095 nomen
1100 3031 1181 3094 artie

69 3123 251 3191 dialecticae
274 3130 464 3218 magisterio
489 3128 627 3214 peperit.
662 3127 741 3191 Post
754 3126 848 3208 haec,
873 3129 1067 3192 intermissis
1090 3126 1181 3192 bien·

3 3275 4 3280 ,
70 3225 114 3287 ηἰο
127 3225 354 3313 philosophiae
371 3224 676 3310 exercitationibus,
701 3224 897 3290 Anselmum
909 3224 1179 3307 Laudunensem,

71 3325 251 3406 nagistrum
277 3346 315 3388 eo
339 3335 487 3412 tempore
512 3322 675 3388 celebrem
709 3324 744 3387 in
768 3321 867 3387 rebus
890 3321 1093 3406 theologicis,
1123 3345 1180 3387 au-

70 3417 151 3485 divit
198 3421 332 3487 Deinde
347 3421 512 3487 Lauduno
539 3421 651 3486 relicto
669 3421 768 3485 rediit
783 3420 937 3502 Parisios,
959 3420 1016 3484 ubi
1034 3443 1059 3486 s.
1072 3419 1180 3506 Scrip-

70 3528 150 3582 tnrae
172 3520 427 3605 expositionem,
455 3521 609 3584 Lauduni
629 3521 701 3606 jam
725 3519 845 3584 audaci
863 3520 1180 3605 temeritateincep·

70 3627 137 3696 tam,
172 3627 366 3702 prosecutus
396 3629 454 3684 est.
502 3617 694 3682 Simultates
725 3627 836 3682 autem
868 3616 1067 3702 multiplices
1098 3639 1181 3704 quas

73 3709 131 3775 istis
159 3717 254 3779 annis
293 3714 409 3779 habuit
446 3737 522 3779 oum
559 3716 725 3800 magistris
755 3716 833 3796 suis,
873 3713 1081 3779 Abaelardus
1108 3716 1179 3801 ipse

3 3855 4 3858 ,
74 3807 101 3869 in
123 3810 264 3875 Historia
288 3811 505 3876 calamitatum
537 3834 671 3876 suarum
700 3812 868 3894 describit,
893 3812 1039 3898 dumque
1072 3815 1181 3899 carpit

75 3910 230 3990 magistros
254 3933 435 3998 corumque
459 3911 618 3996 ineptiam
643 3920 742 3996 atque
766 3910 940 3992 invidiam,
966 3911 1045 3974 satis
1069 3910 1181 3996 prodit

77 4021 273 4091 permagnam
297 4009 399 4072 fuisse
423 4007 599 4093 superbam
624 4009 695 4094 ejus
719 4007 945 4090 ambitionem,
955 4011 976 4092 ¹)

103 4355 113 4363 ·
138 4271 155 4334 ζ1
172 4271 202 4328 V.
221 4273 310 4341 Opera
329 4273 473 4328 abaelardi
493 4272 580 4342 Epist
601 4276 625 4329 1.
640 4301 673 4314 -
686 4272 853 4328 Abeelardns
871 4272 1052 4328 rationalistis
1070 4278 1099 4328 et
1117 4273 1180 4328 aliis

1229 1353 1311 1398 Petrus

1215 1418 1343 1463 baehrdns.
