2822 4838
286 429 338 484 322
447 427 564 484 XXVII.
583 427 624 481 De
643 427 746 483 haeres.
766 428 933 494 repressione
952 443 983 481 ac
1001 427 1035 481 de
1053 427 1250 482 Decretalibns.

285 570 545 653 conscisccbant,
580 571 633 636 vel
664 594 684 634 a
714 571 910 656 propinquis
939 569 1070 635 adhoc
1098 569 1333 654 adigebantur,
1363 591 1403 632 ne

285 669 520 734 consolamenti
545 669 681 750 fructus,
706 670 776 732 vita
800 670 984 754 superstite,
1009 669 1200 732 amitterent
1223 689 1282 752 per
1294 688 1394 751 pecca·

286 779 367 832 tum.
413 767 588 853 Ejusmodi
612 766 815 833 abstinentia
839 765 988 830 ciborum
1014 789 1080 852 qua
1104 777 1243 830 mortem
1267 765 1395 829 adduce·

285 865 377 947 bant,
402 866 525 930 eadat-o
549 863 731 930 dicebatur.
759 863 905 944 Quidam
922 866 1022 928 etiam
1039 875 1112 950 post
1129 863 1396 929 consolamentum

286 975 455 1051 receptum
480 965 638 1047 martyrio
663 964 765 1025 vitam
790 961 887 1026 finire
911 951 1103 1026 nitebantur
1132 985 1172 1026 ae
1197 960 1250 1025 vel
1274 962 1397 1024 suffoca-

286 1061 417 1142 bantur,
442 1061 494 1124 vel
519 1070 649 1146 sumpto
674 1081 803 1124 veneno
836 1082 871 1124 se
896 1058 1105 1138 occidebant,
1137 1071 1170 1124 et
1193 1059 1256 1124 hoc
1281 1065 1403 1146 quoqne]

287 1181 366 1224 casu
391 1169 427 1222 ut
441 1170 601 1244 martyres
618 1158 668 1222 vel
688 1158 889 1222 confessores
907 1157 1126 1222 habebantur.
1140 1196 1184 1205 -
1200 1158 1335 1222 Praeter
1358 1158 1403 1244 do

288 1259 410 1322 ctrinas
439 1259 635 1343 praecipuas
669 1255 905 1334 Catharorum,
937 1279 1021 1342 quas
1051 1259 1289 1336 recensuimus,
1323 1253 1400 1341 apud

287 1353 533 1419 multitudinem
573 1365 725 1440 receptae
764 1365 858 1418 erant
893 1354 1034 1419 fabellae
1065 1355 1180 1418 variae
1214 1357 1348 1441 ineptae
1378 1363 1403 1416 et

287 1463 410 1538 turpes.
465 1451 521 1516 Sic
548 1454 665 1518 Petrus
698 1453 739 1517 de
769 1451 910 1539 Cernajo
944 1457 985 1536 (c.
1012 1451 1058 1538 2.)
1082 1453 1218 1518 scribit:
1256 1453 1403 1517 Dicebam

287 1552 383 1613 etiam
406 1552 440 1613 ia
464 1563 580 1614 secreto
604 1575 671 1630 suo,
700 1551 784 1636 quod
811 1549 958 1616 Christus
986 1552 1040 1637 qui
1062 1562 1158 1615 uaeas
1189 1563 1234 1615 est
1263 1552 1300 1614 im
1324 1549 1403 1622 Bello

288 1648 384 1712 lehem
408 1650 550 1712 terrestri
573 1660 603 1712 et
624 1647 746 1712 visibili
775 1657 805 1712 et
827 1651 863 1712 ia
887 1648 1091 1712 Hierusalem
1122 1649 1290 1731 merificus
1313 1647 1403 1712 matu

279 1746 361 1833 fuit,
387 1747 523 1830 siquod
546 1748 658 1810 Maria
683 1747 881 1832 Mapdalemu
897 1747 968 1832 fait
991 1751 1058 1836 ejus
1082 1746 1265 1824 concubina,
1291 1757 1321 1808 st
1347 1751 1403 1831 ipat

279 1846 352 1931 fait
373 1841 486 1908 mulier·
509 1847 544 1908 ia
568 1845 727 1910 adulterio
752 1843 946 1929 deprehensa
970 1845 1008 1908 de
1028 1869 1091 1930 qua
1115 1843 1230 1930 lepitur
1251 1847 1286 1907 ia
1315 1846 1403 1907 Eram

287 1941 368 2028 pelio
393 1993 400 2007 .
421 1997 426 2008 .
444 1993 451 2007 .
476 1944 554 2008 Item
571 1943 717 2007 dicebant
733 1944 893 2022 baeretici,
919 1943 1031 2006 bouum
1045 1945 1148 2006 Deum
1172 1941 1255 2006 daos
1271 1941 1403 2008 ltubairst

287 2063 412 2119 amores,
441 2039 563 2106 Collum
587 2053 616 2104 et
644 2039 796 2119 Cole’bum,
831 2053 861 2104 et
884 2064 924 2104 em
952 2043 1032 2126 ipsis
1050 2041 1143 2124 filios
1171 2051 1201 2104 et
1222 2039 1318 2122 filius
1345 2061 1403 2126 pro

289 2161 420 2203 measse.

147 2312 254 2352 anemae
383 2287 435 2352 10.
460 2289 517 2353 lsti
542 2291 643 2374 igitur
668 2287 803 2354 Cathari
829 2299 964 2353 externo
997 2289 1094 2353 modo
1126 2287 1316 2353 Ecclesiam
1349 2287 1403 2351 inti

128 2375 272 2426 9‘⁰¹'¹²⁸¹‘¹⁰·
292 2385 462 2469 tabantur,
494 2387 564 2472 ejus
597 2389 696 2450 etiam
729 2387 825 2466 feste,
860 2387 1103 2471 significatione
1134 2409 1247 2451 eorum
1280 2399 1403 2460 mutata]

290 2483 549 2566 conservabant,
590 2483 703 2548 dolosa
726 2506 804 2548 vero
830 2483 1010 2569 hypocrisi,
1035 2483 1093 2547 ubi
1119 2483 1354 2564 conveniebat,
1379 2495 1403 2548 st

291 2581 495 2646 occultantes
529 2583 612 2646 ritus
636 2580 815 2646 catholicos
840 2591 999 2666 exparte
1032 2581 1221 2667 servabant,
1253 2593 1286 2647 et
1320 2581 1403 2652 ecs-lu

292 2681 357 2745 sias
379 2679 644 2765 frequentabant.
680 2679 745 2744 Sed
761 2681 865 2763 signis
881 2679 1019 2743 occultis
1045 2682 1131 2744 inter
1153 2703 1239 2744 sese
1263 2701 1403 2764 agnosce

292 2778 382 2842 bant.
427 2779 550 2862 Magno
575 2789 686 2841 autern
710 2779 828 2841 ardore
855 2777 1018 2842 haeresim
1052 2801 1145 2842 suam
1177 2779 1403 2864 propagabant

292 2886 325 2940 et
355 2877 496 2940 decursu
527 2877 684 2960 temporis
715 2877 748 2938 in
781 2875 892 2939 multis
923 2877 1116 2961 regionibus
1147 2897 1350 2960 permagnas
1374 2885 1403 2938 so

292 2976 427 3037 cietates
450 2975 672 3054 efformarent,
706 2975 751 3037 ita
775 2985 812 3036 ut
835 2973 1005 3038 Ecclesiae
1037 2972 1221 3037 catholicae
1253 2985 1285 3037 et
1321 2975 1403 3040 socii

292 3074 352 3136 tati
387 3070 588 3135 christianae
628 3092 757 3136 summa
795 3070 943 3157 pericula
982 3082 1183 3135 crearentur.
1234 3071 1313 3136 Jam
1355 3083 1403 3146 sao]

293 3168 367 3233 culo
392 3168 461 3233 XII
493 3167 660 3232 scrihebat
690 3167 879 3233 Gulielmus
902 3169 1142 3252 Neuhrigensis
1173 3170 1215 3233 de
1247 3167 1403 3233 Catharis

293 3267 486 3352 Iieyioaibas
504 3266 658 3353 plurimis
680 3269 768 3330 virus
792 3289 867 3330 suae
879 3267 1038 3353 perfidiae
1053 3267 1253 3352 infuderunt.
1296 3267 1403 3354 Quippe

292 3367 327 3428 in
352 3363 517 3428 latissimis
545 3361 685 3443 Galliae,
710 3365 904 3450 Hispaniae,
928 3365 1045 3428 Italiae
1073 3363 1325 3450 Germaniaeque
1346 3377 1403 3450 pro

292 3463 407 3526 uiaoiie
430 3471 494 3524 tam
517 3461 609 3525 multi
631 3463 688 3525 hac
706 3471 797 3547 peste
821 3463 934 3548 infecti
963 3486 1028 3526 esse
1058 3463 1217 3542 diruatur,
1251 3473 1287 3525 ut
1318 3483 1403 3525 secar

294 3560 368 3623 dum
386 3561 575 3647 prophetam
600 3559 664 3644 (ps.
691 3559 769 3646 138)
800 3559 1007 3647 multiplicati
1036 3583 1101 3624 esse
1133 3583 1228 3646 super
1259 3583 1403 3624 aetram-ut

295 3678 411 3720 urenae
435 3655 648 3742 videam-urs)
673 3657 717 3720 Et
740 3656 903 3722 Echertus
927 3657 1125 3721 monachus:
1161 3659 1212 3721 Ita
1232 3681 1294 3744 per
1317 3675 1403 3738 omres

295 3767 399 3819 terras
421 3752 631 3840 multiplicati
653 3765 735 3832 suat,
767 3765 802 3818 ot
829 3756 951 3839 prande
977 3755 1156 3841 periculum
1181 3756 1336 3841 patiatur
1370 3757 1403 3818 hl

294 3851 390 3916 clesiu
414 3853 477 3915 Dei
504 3877 524 3916 α
550 3876 663 3916 ueneno
683 3855 820 3940 pessimo
845 3855 928 3938 quod
950 3855 1085 3938 tradique
1109 3854 1261 3918 adversus
1284 3877 1354 3916 eunt
1382 3859 1403 3942 ‘l

298 4206 311 4260 Ι
341 4129 388 4260 Μ’)
411 4129 448 4181 De
469 4127 546 4181 rebus
565 4126 691 4196 anglicis,
715 4127 756 4184 erl.
776 4127 880 4190 Picard‚
907 4127 992 4180 Paris.
1007 4128 1083 4182 retu.
1104 4143 1128 4194 p.
1150 4129 1209 4182 lob.
1229 4127 1281 4195 Ap.
1301 4123 1403 4184 Schrnil
