2840 4840
272 465 278 494 ι
305 437 340 490 92
520 436 620 490 XXXI.
639 436 680 490 De
699 435 846 490 abolitione
864 435 973 490 Ordinis
992 435 1212 506 Templariorum.

304 590 577 665 perpetraverant
600 578 640 642 de
666 579 719 643 die
745 581 779 643 in
804 578 893 642 diem
918 578 1044 642 desua
1059 581 1128 643 vita
1153 603 1243 646 more
1268 588 1404 668 navigan·

303 679 386 741 tium
401 699 435 741 ss
448 677 670 763 desperarent,
689 676 731 740 ad
743 678 889 740 invicem
899 687 1035 762 peccata
1051 700 1111 742 sua
1126 680 1267 745 confessi
1282 683 1403 747 fuerunt.

140 771 281 875 ulduidilli
306 775 371 855 Qui
394 775 528 861 quidem
542 775 750 860 Templarius
774 773 838 838 sibi
853 775 964 838 extitit
980 774 1149 840 confessus
1168 778 1287 844 multos
1302 803 1417 868 errores

284 865 416 936 'contra
442 873 551 937 Deum
584 883 615 936 et
645 870 829 958 periculum
866 873 997 936 animae
1033 895 1112 936 suae
1142 885 1243 961 atque
1267 880 1417 941 unitatem¹

303 971 380 1035 fidei
421 970 613 1050 catholicae,
653 971 742 1056 quod
781 971 815 1034 in
850 971 999 1054 ingressu
1024 973 1074 1034 sui
1108 971 1235 1038 ordinis
1260 987 1291 1040 et
1315 989 1417 1060 postea

302 1069 454 1156 pluribus
478 1069 609 1134 vicibus
639 1071 988 1147 communicasset,
1022 1091 1162 1155 quorum
1187 1072 1417 1150 maleficiorum,

304 1169 447 1252 speeiem
472 1168 704 1253 perordinem
729 1169 929 1232 enarravit.“
978 1167 1040 1230 His
1064 1167 1187 1232 auditis
1212 1192 1309 1254 porro
1332 1170 1406 1256 Squi-

304 1287 366 1328 nus
390 1264 640 1330 denuntiatione
663 1265 928 1349 Templariorum
954 1266 1101 1350 speravit
1133 1289 1167 1329 se
1199 1269 1305 1332 vitam
1335 1291 1417 1350 scion}

226 1423 229 1432 ,
304 1361 509 1427 salvaturum
543 1373 575 1427 et
606 1363 791 1427 libertatem
824 1363 1036 1427 obtenturum
1069 1385 1149 1428 esse.
1198 1365 1299 1430 Unde
1329 1369 1417 1448 magi-3

304 1460 460 1524 stratibus
501 1460 641 1544 „obtulit
675 1483 779 1525 unum
815 1483 972 1546 magnum
1008 1460 1132 1524 factum
1172 1465 1243 1548 regi
1269 1455 1417 1528 Francius

303 1555 451 1621 revelare
475 1559 515 1622 de
540 1579 604 1644 quo
630 1559 739 1644 plures
764 1559 923 1623 utilitates
956 1561 1027 1643 ipse
1059 1581 1118 1622 rex
1143 1559 1270 1626 habere
1294 1572 1417 1647 poterat

305 1677 404 1740 quam
439 1657 465 1719 si
497 1657 538 1720 de
572 1679 657 1721 novo
682 1659 867 1743 acquireret
891 1679 994 1722 iunctm
1019 1661 1190 1740 regnum.“
1242 1657 1326 1722 Cum
1351 1659 1417 1740 resq

305 1751 386 1817 uulli
411 1763 542 1838 praeter
565 1777 674 1839 regern
700 1777 769 1818 rem
802 1757 898 1818 istam
933 1757 1180 1818 communicare
1204 1756 1316 1836 vellet,
1335 1753 1417 1841 jussu}

305 1851 451 1937 Philippi
476 1851 620 1916 Parisios
652 1854 772 1916 missus
796 1862 854 1918 est.
905 1851 1010 1932 ,Cum
1043 1863 1156 1937 postea
1190 1855 1262 1938 ipse
1287 1853 1412 1940 Squinus

300 1951 399 2035 juxta
423 1951 617 2015 mandatum
641 1953 728 2034 regis
752 1952 861 2015 eidem
884 1953 954 2036 regi
978 1952 1115 2014 Parisiis
1138 1951 1257 2016 suisset
1283 1945 1417 2040 praesenq

305 2058 402 2128 tatus,
428 2051 537 2134 ipsum
561 2052 664 2113 traxit
686 2049 729 2113 ad
754 2060 881 2135 partem
906 2048 947 2112 ob
965 2050 1050 2112 scire
1075 2051 1250 2114 veritatem
1276 2051 1317 2114 de
1341 2059 1417 2135 prae-l

307 2147 425 2226 missis,
449 2149 646 2233 promittens
669 2147 732 2212 sibi
757 2149 967 2212 securitatem
993 2149 1139 2233 corporis
1162 2159 1195 2211 et
1218 2148 1413 2212 commodum

306 2247 332 2307 si
358 2244 412 2308 ille
437 2267 521 2332 quae
546 2245 679 2309 dicebat
704 2247 877 2308 veritatem
902 2247 1119 2310 continerent.
1162 2243 1317 2332 Cumque
1339 2244 1413 2329 Squi·

307 2365 369 2406 nus
382 2342 622 2407 confessionem
648 2343 728 2406 dicti
742 2341 921 2428 Templarii
940 2353 1109 2428 apostatae
1125 2344 1350 2428 perordinem
1366 2341 1414 2405 sibi

306 2439 514 2525 explicasset,
551 2440 723 2504 confestim
760 2442 830 2525 ipss
864 2463 923 2505 rex
961 2440 1089 2526 aliquos
1113 2439 1324 2526 Templarios
1357 2439 1415 2524 capi

305 2538 395 2619 fecit,
420 2550 452 2601 et
474 2560 574 2623 super
597 2538 660 2603 hoc
684 2561 759 2602 cum
785 2540 832 2602 eis
857 2540 1124 2604 informationem
1150 2539 1219 2603 fieri
1237 2541 1328 2604 feeit.
1357 2539 1415 2617 Qua

307 2637 395 2700 lacta
419 2647 451 2700 et
475 2659 574 2722 super
596 2638 787 2722 praemissis
811 2640 951 2702 veritate
975 2638 1136 2721 reperta‚“
1163 2636 1343 2723 Philippus
1360 2637 1390 2721 ja

309 2733 444 2798 ulterius
468 2756 658 2820 processum
683 2745 797 2800 contra
821 2735 1028 2821 Templorios
1051 2738 1212 2801 instruere
1238 2751 1273 2800 et
1298 2736 1415 2802 Ordini¹

307 2834 561 2896 exstinctionem
586 2833 734 2898 obtinere
759 2844 897 2897 conatus
921 2836 1010 2914 est.¹)
1416 2837 1417 2840 ’

397 2930 587 3017 Philippum
612 2941 722 2994 tamen
740 2951 806 2995 non
824 2953 906 3016 puro
920 2931 988 2995 zelo
1005 2932 1183 3016 religionis,
1208 2933 1268 2998 sed
1288 2933 1403 2998 maxim

306 3029 380 3092 aliis
419 3032 552 3094 motivis
592 3041 716 3094 motum
756 3029 858 3094 fuisse
897 3029 938 3094 ad
978 3030 1190 3094 insectandos
1213 3029 1409 3116 Templario*

307 3127 455 3214 plerique
478 3129 654 3214 scriptores
682 3130 896 3192 conveniunt.
943 3129 1130 3214 Permagna
1162 3131 1315 3214 potentia
1347 3127 1398 3190 illu

307 3224 444 3291 Ordinis
468 3225 620 3290 militaris
644 3225 756 3290 miultis
780 3227 965 3312 privilegiis
988 3227 1137 3312 insigniti
1154 3229 1236 3312 rogi,
1261 3227 1403 3294 absoluta

307 3323 524 3388 dominationi
557 3323 714 3408 inhianti,
747 3334 834 3388 certe
867 3325 1052 3409 periculosa
1076 3324 1255 3390 videbatur
1280 3339 1313 3389 et
1337 3321 1415 3387 ralis

307 3422 436 3486 infensa
472 3433 558 3502 orat3
599 3445 660 3487 nec
702 3424 811 3488 minus
844 3445 918 3487 eum
954 3423 1037 3487 forte
1069 3421 1262 3488 alliciebant
1296 3423 1404 3488 divitia

306 3519 581 3604 Templariorum,
614 3519 735 3605 quibus
767 3523 838 3607 ipse
861 3543 921 3584 rex
951 3531 1083 3608 propter
1115 3523 1293 3606 pecuniam
1321 3533 1403 3584 mutu

1392 2449 1417 2828 Q

382 3821 400 3884 ¹)
420 3821 471 3888 Ap.
490 3819 630 3874 Bolutium
655 3821 737 3874 Vitae
764 3819 900 3888 Paparum
928 3821 1171 3886 Aveniorrensium,
1203 3823 1231 3875 in
1259 3821 1329 3875 l'ita
1355 3819 1417 3892 sent

307 3902 453 3956 Clementis
472 3901 504 3964 V,
533 3901 606 3956 Tom.
627 3901 649 3954 l.
669 3917 693 3968 p,
709 3901 743 3954 99
790 3901 876 3956 Simili
896 3902 954 3957 iere
973 3902 1079 3957 ratione
1098 3917 1140 3956 res
1159 3907 1294 3954 narratur
1313 3917 1347 3968 op
1375 3895 1417 3974 llll,

307 3982 362 4035 loni
381 3981 412 4037 L.
430 3981 507 4034 vili.
526 3997 547 4034 c,
567 3982 602 4035 92
642 3981 792 4035 Secundum
812 3981 898 4049 ipsum
911 3981 1080 4050 ‘templarius
1093 3982 1139 4036 ille
1152 3979 1346 4036 nominabatur
1356 3980 1417 4043 Sati*

307 4078 366 4125 uus,
386 4069 413 4116 et
432 4061 509 4115 Prior
529 4067 588 4114 erat
607 4062 707 4115 lioutis
726 4059 850 4114 Falconis
870 4061 898 4116 in
918 4063 1028 4130 regione
1047 4061 1189 4119 Tolosaua.
1217 4061 1289 4115 alter
1308 4039 1417 4128 captia-ol

307 4141 394 4195 italus
414 4149 474 4196 erat
492 4141 599 4196 nomine
618 4141 702 4206 Notio,
722 4141 861 4196 Florentia
880 4142 1016 4196 oriundus.
1054 4141 1105 4196 Sed
1124 4141 1304 4210 praeferenda
1323 4139 1417 4212 videtui

308 4221 406 4275 relatio
425 4222 520 4275 altera.
559 4219 613 4274 Cir.
634 4221 793 4290 Christophe
812 4222 829 4278 l.
849 4237 870 4277 o.
890 4221 921 4275 T.
941 4221 963 4277 1.
982 4236 1008 4289 p.
1027 4223 1088 4277 250.
1108 4229 1173 4275 nota
1193 4224 1217 4275 1.
1416 4229 1417 4276 l
