2902 4848
446 469 486 524 De
506 468 612 536 Synodo
632 466 800 521 Florentius.
1138 466 1192 521 305

56 615 148 702 quod
176 633 235 700 pro
257 614 323 676 ritu
351 612 600 676 ordinationum
618 613 652 676 in
670 613 743 695 ipso
760 589 902 674 Decreta
927 608 1190 674 commendatur.

56 713 233 798 Eugeniua
257 711 306 775 IV
331 710 372 774 de
397 711 605 795 porrectione
629 729 785 772 vasorum
810 707 966 793 loquitur,
1003 709 1083 793 quia
1107 706 1191 772 desi·

56 809 210 892 derabat,
243 819 280 872 ut
309 806 518 873 othneretur
539 809 640 872 etlam
665 805 776 892 quoad
800 804 889 870 hanc
912 808 1084 870 materiam
1110 806 1190 870 inte·

54 917 212 994 grantem
236 916 270 970 et
293 905 513 970 accessoriam
538 904 754 969 conformitas
770 923 847 966 cum
862 903 1016 968 Ecclesia
1027 903 1190 987 Romana,

57 1015 163 1091 utque
188 1003 328 1068 Armeni
353 1003 444 1066 bunc
468 1005 569 1066 ritum
594 1003 810 1087 susciperent.
847 1001 1000 1068 Profecto
1017 1001 1191 1086 Eugenius

57 1123 246 1189 omnesque
284 1101 396 1165 Latini
434 1101 658 1174 armenorum
697 1101 869 1185 episcopos
908 1109 941 1164 et
980 1099 1191 1185 presbyteros

57 1201 235 1266 habebant
257 1210 295 1263 ut
318 1198 431 1263 valide
455 1198 635 1278 ordinatos,
665 1199 821 1283 quamvis
843 1200 1009 1282 porrectio
1033 1218 1190 1264 vasorum

55 1298 170 1365 locum
196 1317 261 1362 non
287 1295 474 1378 babuiaeet3
508 1296 561 1360 vel
586 1317 627 1360 ex
652 1295 715 1359 hoc
740 1317 805 1359 uno
830 1295 970 1359 evidens
995 1305 1053 1377 est,
1078 1295 1190 1360 Ponti·

57 1397 159 1461 flcem
184 1416 251 1459 non
276 1393 461 1458 intendisse
485 1393 714 1460 definitionem
740 1393 818 1456 fidei
844 1395 1055 1474 constituere,
1086 1414 1191 1478 quum

57 1495 236 1558 materiam
261 1491 400 1558 Ordinis
424 1491 571 1577 praefato
598 1491 695 1555 modo
720 1490 857 1555 indicat.
867 1490 892 1577 ²)

151 1597 652 1662 connumerationem
679 1597 850 1683 Coptoram
873 1599 997 1683 pariter
1020 1596 1063 1663 ab
1085 1598 1240 1682 Euge-n
1204 1609 1265 1650 um
1251 1608 1366 1711 accita

54 1699 116 1762 nio
141 1696 222 1760 IV
214 1719 248 1760 ιιι
273 1695 423 1760 Concilio
449 1695 642 1760 Florentino
667 1696 785 1760 effecta
809 1704 935 1762 eat.—
973 1683 1281 1760 adveneruntru

55 1794 219 1859 videlicet
251 1817 281 1858 a.
318 1793 404 1858 1440
437 1794 642 1858 Florentiam
674 1793 774 1876 legati
809 1794 951 1859 Joaunis
978 1793 1193 1860 Patriarchae

52 1891 334 1958 Jacobitarum
326 1913 359 1956 ιιι
392 1894 560 1977 Aegypto
609 1893 642 1955 Is
673 1891 716 1956 ab
746 1893 899 1977 Eugenio
930 1892 972 1957 ad
1005 1892 1193 1957 Concilium

55 1991 233 2070 invitatus,
258 1990 301 2054 ad
318 1989 400 2054 illud
418 1989 594 2073 delegavit
604 1989 774 2054 Andream
789 1989 958 2072 abbatem,
983 1993 1040 2076 qui
1057 1991 1194 2054 nomine

52 2087 276 2154 Patriarcbaa
296 2093 333 2152 ct
357 2089 505 2151 omnium
532 2091 588 2174 qui
613 2090 741 2151 erant
732 2111 766 2153 ιιι
791 2089 863 2173 ejus
886 2089 1078 2153 obedientia
1101 2089 1193 2151 auio·

53 2208 137 2252 nem
163 2207 238 2248 cum
264 2184 350 2249 Sede
374 2185 568 2270 Apostolica
596 2197 628 2250 ct
653 2186 804 2250 Ecclesia
829 2187 979 2252 Romana
1002 2185 1194 2272 postularet.

52 2286 99 2350 In
113 2283 297 2348 litterarum
311 2303 393 2369 quas
410 2285 500 2347 misit
513 2285 731 2369 inscriptione
742 2285 813 2370 jam
830 2287 1010 2369 primatum
1024 2286 1195 2350 Romanae

51 2381 158 2446 Sedis
182 2382 317 2444 omnino
342 2383 504 2464 agnoscit,
529 2381 680 2467 adeoque
705 2383 848 2463 dixeris,
873 2387 1115 2468 separationem
1139 2405 1192 2446 ne·

52 2501 229 2566 quaquam
265 2479 463 2564 completam
505 2480 615 2545 luisse.
670 2479 726 2545 Sic
760 2481 848 2544 enlm
883 2480 1016 2545 scribit:
1049 2481 1194 2544 Jounnes

51 2577 189 2642 liamilis
211 2599 319 2641 serias
342 2599 503 2640 servorum
525 2575 656 2655 Christi,
680 2579 825 2641 minister
842 2577 935 2643 Sedis
958 2582 1062 2644 sancti
1078 2581 1194 2655 Marci,

52 2697 194 2761 mappae
211 2674 330 2739 seilicet
345 2674 567 2738 Aleaandriae
584 2687 614 2739 et
629 2676 726 2738 totins
742 2677 887 2762 Aepypts',
914 2677 1044 2765 Libyae,
1068 2679 1195 2742 Aetliio·

46 2777 153 2862 piae,
178 2771 388 2860 Pentapoleos
412 2771 637 2852 occidentalis,
666 2771 818 2859 Africae,
849 2777 1003 2862 totiusque
1021 2777 1193 2862 praedica-

55 2873 160 2938 tionis
185 2869 335 2958 Apostoli
357 2871 482 2955 Morci,
516 2871 643 2935 bomilia
666 2872 738 2934 dieo
760 2873 795 2934 in
819 2874 885 2936 sais
905 2876 1063 2959 peccatis,
1088 2877 1195 2960 petita

45 2971 155 3059 prius
176 2969 272 3032 asaia
296 2979 326 3032 st
349 2969 547 3032 absolutione
572 2969 612 3032 ab
636 2969 707 3054 ipso
730 2969 879 3048 Domino,
903 2993 999 3056 usqae
1023 2971 1067 3035 nd
1090 2983 1195 3035 terrae

45 3067 274 3158 pavimentata
298 3089 404 3130 coram
419 3079 457 3145 te,
475 3069 652 3157 justissime
677 3078 706 3130 et
721 3070 917 3132 sanctissime
932 3071 1039 3148 Pater,
1063 3070 1194 3147 inclino,

45 3165 216 3255 perfectio
239 3165 428 3244 sacerdotii,
449 3173 565 3251 pastor
588 3166 721 3250 optime,
755 3167 928 3230 honestatis
952 3191 990 3231 oe
1013 3170 1197 3232 sanctitatis

47 3266 219 3353 princeps,
242 3263 386 3350 piissime
410 3264 522 3326 doctor
546 3285 662 3341 eoram,
690 3265 746 3348 pai
766 3265 801 3325 in
824 3265 877 3326 oio
900 3265 991 3353 bajas
1012 3267 1194 3352 persp-tna·

54 3363 159 3428 tionis
182 3361 342 3440 incedant,
366 3363 422 3445 qni
445 3361 550 3425 stadio
574 3383 611 3424 nc
635 3363 805 3424 sanctitate
827 3364 960 3426 coeteris
979 3364 1065 3426 υἰαιιι
1080 3363 1195 3429 solatis

53 3460 211 3540 ostendis,
236 3459 361 3523 domine
385 3461 509 3545 Eapsni
527 3481 621 3547 papa
644 3481 776 3544 mcpaua
799 3459 888 3524 erbis
903 3463 1033 3540 Romus,
1057 3463 1195 3526 omniane

54 3558 262 3624 ecelesiarum
278 3559 525 3622 christianornm
541 3556 713 3644 apostolice
727 3569 849 3644 pastor,
867 3561 1054 3645 prinicipnm
1073 3557 1197 3624 Christi

53 3656 183 3720 sedicem
206 3657 316 3738 unice,
348 3657 526 3720 immunde
545 3667 679 3743 petram
711 3681 749 3720 cc
773 3658 970 3720 sacerdotum
991 3659 1142 3744 princeps
1166 3669 1197 3721 et

53 3755 178 3818 medice
202 3753 421 3840 lanquentium
444 3753 667 3839 animarem.²)
713 3753 794 3818 Illae
818 3754 949 3818 litterae
973 3755 1027 3820 die
1051 3757 1112 3820 31⁰
1128 3755 1195 3818 Au·

54 3853 147 3935 gusti
183 3872 243 3936 per
277 3849 448 3916 Andream
484 3851 629 3936 legatum
669 3852 838 3917 othbitae
873 3854 1008 3918 fuerunt
1042 3855 1196 3940 Eugenio

53 3951 182 4036 Papae,
208 3970 319 4014 coram
337 3949 573 4014 (lardinaIIbus
597 3959 629 4013 et
645 3949 839 4014 doctoribus
855 3973 987 4015 sacrum
1006 3949 1195 4015 Concilium

112 4105 279 4112 --..„--—---‹

135 4171 156 4243 ¹)
177 4172 233 4226 Cir.
253 4171 468 4240 Heraenrothea
488 4172 638 4240 Antijanua
657 4190 683 4242 p.
703 4173 747 4230 59.

134 4252 157 4324 ¹)
175 4253 210 4308 V.
230 4251 322 4307 Labbe
341 4252 420 4307 XIII.
443 4254 518 4308 1201.
