2814 4848
142 2911 306 2952 Asomertones

144 2975 167 3014 iu
182 2975 304 3015 eruelstos.

307 476 361 532 362
469 475 585 530 XXVII.
604 475 644 529 De
663 475 764 532 haeres.
785 478 950 544 repressione
969 493 1001 531 ne
1019 478 1052 532 de
1070 477 1266 534 Decretslibus.

310 643 376 684 non
400 633 478 684 sunt
500 618 775 705 reprehendendi,
800 621 858 685 sed
882 620 1053 686 laudandi.
1089 620 1236 704 Regulee
1260 631 1402 686 autema

310 740 444 783 normae
468 740 526 803 pro
551 717 614 781 hoe
637 706 768 802 negotio
792 741 811 782 a
834 718 1054 784 Pontificibus
1078 721 1297 800 constitutae,
1325 721 1402 806 justo

310 827 424 898 erent,
461 839 563 903 quum
606 815 826 880 incolumitati
865 819 1110 898 innocentium,
1155 820 1353 881 correctioni
1386 841 1402 880 r

310 937 415 996 orum,
439 915 657 980 moderamini
682 935 875 999 poenorum,
899 916 1032 979 testium
1057 915 1239 996 securitati,
1265 927 1342 1002 epte
1365 939 1402 1001 pn

310 1014 489 1078 videretur.
553 1013 664 1093 Quum
704 1012 871 1098 praesules
906 1013 1113 1099 inquisitioni
1149 1012 1402 1077 administrando

311 1135 377 1177 uon
402 1112 601 1192 sufficerent,
626 1121 659 1174 et
682 1133 922 1198 nonnunquam
946 1109 1002 1175 elii
1020 1111 1232 1197 inquisitores
1258 1113 1359 1176 nimis
1381 1111 1402 1174 d

310 1210 398 1274 sides
423 1221 532 1274 essent
547 1207 601 1272 vel
618 1211 821 1294 corruptioni
842 1210 945 1290 obvii,
970 1209 1151 1293 Gregorius
1167 1208 1218 1272 IX
1243 1233 1334 1274 suno
1353 1211 1402 1273 1‘23

310 1309 481 1392 negotium
505 1307 729 1392 inquisitionis
753 1309 919 1372 commisit
941 1307 1184 1386 Dominioeuis‚
1217 1307 1344 1392 quibus
1366 1329 1402 1393 pe

311 1407 373 1471 sim
397 1409 497 1470 etiem
523 1406 738 1470 Franciseeui
764 1407 875 1492 juncti
905 1415 990 1470 sunt.
1046 1404 1097 1468 Ae
1120 1403 1215 1469 multi
1241 1407 1309 1469 viri
1334 1427 1402 1468 sano

311 1503 374 1568 boo
398 1505 507 1568 officio
533 1505 696 1589 perfuncti
730 1513 821 1584 sunt,
853 1502 1022 1588 multoque
1050 1523 1109 1587 pro
1143 1501 1208 1566 lide
1241 1503 1402 1568 discrimir

311 1601 452 1666 subiere.
497 1601 685 1667 identidem
710 1601 845 1688 quidem
869 1601 910 1666 de
934 1602 1038 1665 nimio
1063 1601 1367 1666 Dominioenorum
1395 1625 1402 1663 ι

311 1721 389 1784 gore
413 1712 629 1787 conquestum
653 1701 726 1782 fuit,
751 1699 931 1785 odiumque
959 1699 1022 1763 sibi
1049 1699 1260 1783 inquisitores
1289 1701 1402 1764 concis

311 1808 398 1876 runt,
423 1799 470 1861 ite
493 1809 531 1861 ut
554 1797 720 1862 interdum
737 1797 877 1863 Romani
894 1795 1074 1862 Pontifices
1097 1799 1355 1862 intervenirent.
1389 1795 1400 1858 l

312 1915 399 1958 enno
439 1896 524 1960 1237
558 1895 738 1981 Gregorius
769 1896 821 1961 lx
856 1895 1105 1981 inquisitionem
1137 1895 1400 1960 Dominioenoru

312 2015 371 2080 pro
394 1995 531 2076 regione
553 1993 718 2058 Toloseno
741 1993 783 2057 sd
807 2003 939 2078 tempus
962 1991 1144 2076 suspendit.
1201 1991 1268 2058 Sed
1298 2003 1336 2056 ut
1353 1989 1402 2077 jud

313 2092 402 2154 oium
427 2091 468 2155 de
493 2091 635 2176 querelis
658 2091 767 2177 quoed
793 2093 933 2155 nimium
959 2091 1192 2176 inquisitorum
1216 2093 1402 2175 rigoremn

313 2189 572 2274 imprudentiam
596 2191 730 2268 feretur,
755 2200 947 2254 accuratum
964 2209 1075 2252 rerum
1089 2189 1270 2273 requiritur
1289 2191 1402 2253 exsme

313 2285 403 2372 quod
427 2289 597 2352 instituere
622 2287 779 2352 hocloco
803 2309 870 2352 non
885 2296 994 2352 vocnt.
1035 2285 1147 2365 Quum
1164 2285 1323 2350 homines
1337 2281 1402 2368 esse

313 2386 533 2470 inquisitores,
569 2386 639 2449 fieri
665 2389 781 2470 potuit,
814 2395 851 2448 ut
873 2385 1001 2470 sliquid
1024 2383 1163 2448 humani
1195 2385 1230 2448 in
1253 2407 1320 2450 suo
1344 2369 1402 2448 edri

313 2484 507 2547 nistrstione
532 2482 770 2569 peterentur-¹);
800 2505 861 2547 nee
885 2493 997 2548 temen
1020 2480 1119 2546 fusile
1157 2482 1327 2567 ejusmodi
1351 2503 1401 2545 eoo

312 2579 497 2645 sationibus
516 2581 802 2666 acquiescendum
827 2591 886 2647 est.
917 2579 1093 2644 Caeterum
1112 2603 1174 2666 per
1190 2581 1343 2644 metuens
1366 2575 1401 2642 tnl

315 2688 509 2758 evenerunt,
535 2701 638 2765 quum
656 2702 719 2766 per
734 2702 766 2742 so
790 2679 983 2743 Institutum
1006 2677 1237 2764 Inquisitiouis
1260 2677 1401 2763 prudent

315 2774 511 2861 dispositum
536 2787 629 2842 esset.

399 2901 459 2983 ¹57.
491 2900 586 2980 Quae
611 2901 765 2964 crucietis
789 2899 994 2986 objiciuntur
1024 2919 1091 2962 non
1116 2907 1192 2962 sunt
1214 2901 1315 2982 tenti,
1347 2883 1401 2970 utl

316 2997 374 3062 diu
387 2999 555 3063 immorari
569 2999 756 3062 conveniet.
782 2997 894 3062 Duees
906 2997 1030 3083 passim
1042 2995 1131 3081 apud
1144 2971 1401 3060 Innocentiuml

312 3099 460 3162 secuseti
485 3099 586 3179 fuere,
620 3096 709 3182 quod
732 3095 832 3160 avide
863 3117 982 3158 manus
1014 3092 1232 3157 extenderent
1264 3095 1370 3158 etism
1397 3117 1400 3156 r

313 3197 478 3260 territoria
495 3215 668 3280 procerum
686 3193 934 3272 catholicorum,
953 3200 989 3254 ut
1003 3193 1044 3255 iis
1061 3191 1326 3256 dominarentur.
1362 3191 1400 3254 Pu

312 3293 396 3358 tifex
419 3293 571 3379 pluribus
594 3290 742 3377 litteris²)
767 3290 802 3354 id
825 3288 982 3370 inhibuit,
1007 3297 1040 3352 et
1056 3289 1195 3368 curavit,
1220 3309 1264 3352 ne
1279 3289 1349 3353 tale
1363 3311 1400 3374 qu

312 3393 384 3456 fieri
415 3402 536 3477 posset.
588 3389 689 3454 Haud
722 3389 842 3452 mirum
874 3397 933 3466 est,
967 3386 1137 3452 Simonem
1165 3385 1319 3472 aliosque
1344 3387 1400 3450 duo

313 3511 378 3554 non
411 3489 557 3553 caruisse
589 3487 774 3552 ambitione
804 3495 837 3550 et
869 3484 1017 3550 habendi
1048 3483 1217 3570 cupidine,
1248 3479 1400 3570 praesenti

387 3775 407 3841 ¹)
429 3773 587 3842 Exemplum
605 3771 683 3826 nimii
701 3769 800 3839 rigoris
819 3776 848 3824 et
866 3768 1064 3837 imprudentiae
1091 3767 1208 3822 hebetur
1236 3767 1266 3822 in
1295 3769 1345 3827 eis.
1373 3781 1399 3832 qn

313 3857 437 3911 iecerunt
464 3871 487 3908 e
510 3855 576 3907 1231
597 3861 626 3908 et
644 3849 827 3919 sequentibus»
843 3850 922 3904 ennis
941 3850 1075 3918 Magister
1093 3849 1231 3904 Conredns
1256 3849 1290 3904 de
1311 3849 1399 3904 limbo

313 3942 342 3990 et
360 3935 469 4002 quidem
487 3934 552 3988 sosii
570 3934 637 4002 ejus,
665 3939 697 3986 ut
714 3931 847 3986 heeresim
865 3931 895 3985 in
914 3929 1060 3984 Germanis
1078 3929 1254 3985 debellsrent
1292 3929 1346 3983 Sed
1373 3941 1399 3982 so

313 4017 413 4070 derunt
431 4015 485 4068 ists
512 4029 543 4068 eo
572 4013 641 4080 qnod
669 4011 815 4076 Conredns,
843 4009 887 4064 vir
904 4010 1078 4077 ooeteroqnin
1096 4009 1275 4079 dignissimus
1294 4019 1325 4064 et
1343 4021 1399 4062 sero

313 4097 418 4150 virtute
437 4095 533 4156 clerus,
558 4095 655 4149 indolis
673 4101 745 4148 esset
763 4090 902 4160 rigidioris
920 4091 1061 4157 zelumque
1084 4089 1197 4144 heberet
1221 4105 1275 4144 uon
1294 4083 1399 4144 seonnll

313 4176 462 4230 scientiam.
501 4174 557 4230 Cir.
577 4175 694 4229 Keltner
712 4173 729 4228 l.
749 4189 770 4226 e.
790 4173 818 4225 C.
839 4171 915 4224 Vlll.
1398 4169 1399 4212 l

386 4257 409 4325 s)
429 4254 469 4310 Oi.
489 4254 520 4310 L.
540 4255 599 4310 XV.
619 4271 660 4322 op.
680 4255 741 4308 212.
761 4252 822 4306 213.
