2964 4838
533 485 634 540 Paulas
652 483 690 538 11.
1118 486 1171 542 tat

54 636 228 722 provinciis
246 635 318 718 jam
342 632 488 710 amissis,
521 627 687 713 Georgius
710 647 787 692 cum
810 627 972 693 Pontifice
997 627 1038 692 de
1062 649 1174 694 recon-

54 733 214 797 ciliatione
238 731 403 811 tractavit,
428 728 486 793 sed
510 725 610 792 rebus
633 723 781 790 nondum
804 727 994 810 compositis
1017 735 1088 790 tnm
1104 728 1175 812 ipse

52 841 116 895 tum
139 828 297 894 Pontifex
328 827 491 892 obierunt
539 823 633 888 Idem
666 822 823 886 Pontifex
854 822 1002 888 Jubilaei
1032 825 1174 908 gratiam

51 929 90 993 ad
119 947 286 1014 quemque
316 945 443 990 annum
468 923 668 1007 vigesimum
700 923 854 1006 quintum
883 921 1050 1001 extendit,
1085 920 1174 986 bona

51 1025 270 1090 ecclesiastica
293 1022 431 1086 alienari
465 1030 524 1086 aut
546 1019 633 1084 ultra
656 1020 837 1084 triennium
860 1017 961 1082 locari
985 1019 1173 1104 prohibuit3

50 1126 137 1188 cavit
160 1124 271 1205 etiam,
296 1143 338 1185 ne
361 1119 461 1204 legati
474 1116 658 1204 Apostolici
682 1126 740 1182 aut
763 1117 1013 1200 provinciarum
1038 1117 1173 1182 ditionis

50 1220 236 1307 pontificiae
245 1229 388 1284 rectores
399 1238 538 1281 munera
547 1216 747 1299 acciperent.
762 1212 914 1278 Electum
924 1213 1173 1280 Antiochenam

49 1319 263 1384 Maroniticae
286 1317 432 1381 nationis
455 1311 685 1379 Patriarcham
721 1311 948 1393 confirmavit,
984 1335 1024 1376 ac
1048 1315 1173 1397 petenti

48 1417 133 1480 misit
165 1414 407 1499 expositionem
444 1411 523 1476 fidei
562 1409 747 1475 catholicae
785 1407 827 1472 de
866 1409 964 1474 Smae
999 1409 1173 1476 Trinitatis

47 1524 78 1577 et
99 1512 345 1578 incarnationis
375 1511 543 1594 mysterio.
592 1506 753 1572 Officium
776 1506 1076 1590 Abbrcviatorum,
1107 1531 1173 1594 quo

46 1613 178 1675 nomine
202 1607 466 1691 designabantur
498 1608 555 1692 qui
580 1605 699 1670 brevia
721 1604 894 1690 pontificia
917 1605 1172 1691 componebant,

45 1708 228 1794 abrogavit,
254 1705 380 1787 volens,
406 1716 443 1768 ut
458 1702 671 1789 Apostolicae
688 1701 784 1766 Sedis
799 1704 926 1786 gratiae
940 1705 1043 1787 gratis
1058 1725 1172 1768 conca·

45 1806 210 1872 deventur.
248 1803 399 1868 Mortuus
413 1812 462 1866 est
474 1801 631 1867 Pontifex
644 1798 821 1886 apoplexia
837 1800 891 1865 die
903 1801 964 1866 26⁰
975 1801 997 1866 J
1000 1801 1058 1866 ulii
1075 1802 1171 1869 1471.

132 1955 186 2021 20.
220 1953 384 2034 Quamvis
400 1950 522 2016 Paulus
538 1951 572 2015 II
597 1951 781 2016 Ecclesiam
806 1951 1001 2036 dignissime
1018 1951 1172 2017 videatur
1196 1991 1202 2001 ·
1258 1973 1284 2002 ¹⁸
1301 1973 1331 2065 :vt-¹

43 2053 263 2136 gubernasse,
300 2059 332 2114 et
363 2049 434 2136 ejus
459 2049 592 2114 utilitati
624 2072 663 2114 ac
686 2049 773 2113 bono
806 2049 945 2114 sollicite
976 2035 1267 2136 providisse,¹¹⁰⁸u‡

44 2171 176 2214 severos
209 2147 426 2213 nihilominus
462 2147 581 2212 habuit
613 2169 774 2212 censores.
829 2145 901 2211 Etsi
936 2157 1046 2213 autem
1081 2147 1172 2213 nulla

43 2249 212 2312 accusatio
236 2245 371 2330 gravior
395 2245 573 2309 subsistere
590 2245 753 2328 videatur,
778 2255 889 2308 tamen
914 2244 1064 2330 pluribus
1081 2246 1171 2312 haud

41 2357 154 2432 gratus
186 2344 288 2408 fuisse
313 2343 447 2407 videtur
468 2341 609 2425 Paulus,
646 2365 711 2430 qua
735 2343 777 2406 de
801 2365 835 2407 rc
862 2345 932 2427 jam
965 2366 1072 2429 pauca
1097 2345 1171 2409 sub·

37 2445 186 2528 jicimus.
233 2441 381 2506 Jacobus
401 2437 590 2504 Cardinalis
612 2440 797 2527 Papiensis,
822 2443 877 2527 qui
904 2443 943 2504 iis
967 2443 1172 2528 temporibus

42 2541 181 2606 vivebat
210 2552 243 2604 et
268 2539 401 2603 virtutis
424 2536 523 2602 laude
555 2536 741 2620 florebat,¹)
772 2540 918 2602 maxime
952 2539 984 2604 in
1011 2539 1113 2604 Paulo
1137 2539 1172 2606 Il

40 2637 273 2725 reprehendit,
309 2635 398 2723 quod
422 2635 511 2720 leges
536 2637 568 2699 in
595 2631 755 2700 Conclavi
780 2646 919 2701 statutas
949 2635 1170 2723 abrogaverit,

40 2748 70 2799 et
94 2734 220 2816 subdit,
247 2757 321 2798 cum
349 2731 561 2815 Cardinales,
587 2743 623 2796 ut
647 2733 892 2800 subscriberent
916 2733 1047 2821 placitis
1070 2738 1170 2801 etiam

39 2855 102 2898 non
130 2833 292 2916 cognitis,
328 2833 448 2918 partim
474 2829 646 2896 induxisse
678 2828 867 2914 blanditiis,
903 2835 1023 2919 partim
1047 2845 1170 2898 terrore

39 2927 252 3018 compulisse,
276 2941 395 3012 ratum,
420 2928 645 3015 pontificalem
671 2931 900 2994 auctoritatem
926 2928 1025 2995 nullis
1041 2931 1171 3016 legibus

37 3027 77 3090 ab
111 3025 314 3091 electoribus
349 3027 383 3091 in
408 3037 585 3110 angustum
619 3049 689 3092 esse
714 3027 985 3095 contrahendam.
1032 3031 1070 3094 In
1104 3025 1169 3116 qno

38 3137 168 3190 tantam
194 3125 262 3188 vim
287 3149 307 3187 a
330 3123 434 3189 Paulo
458 3123 646 3188 adhibitam
671 3127 733 3207 ait,
760 3138 795 3189 ut
819 3125 1031 3191 Cardinalem
1055 3128 1169 3192 Bessa·

36 3225 169 3287 rionem
194 3221 413 3306 refugientem
438 3223 473 3288 in
498 3222 689 3288 cubiculum
711 3245 811 3288 manu
836 3226 1020 3307 retraxerit,
1045 3233 1078 3289 et
1093 3248 1169 3290 ana·

37 3319 153 3384 thema
178 3318 243 3402 illi,
269 3323 302 3384 ni
328 3319 586 3405 chirographum
612 3323 733 3406 scripto
758 3342 823 3386 non
849 3322 994 3407 perlecto
1018 3321 1166 3406 adderet,

37 3419 223 3483 intentarit.
270 3417 347 3504 Ipse
363 3419 551 3483 Cardinalis
568 3419 742 3505 Papiensis
767 3421 861 3484 initio
887 3421 1021 3508 quidem
1038 3425 1167 3502 restitit,

35 3517 93 3582 sed
119 3517 257 3582 demum
273 3540 294 3581 a
309 3517 412 3582 Paulo
437 3541 471 3582 se
495 3541 612 3604 passus
636 3529 685 3582 est
700 3521 802 3598 vinci,
827 3541 980 3606 unusque
995 3519 1165 3585 Cardinali

35 3615 208 3701 Carvajal,
233 3613 416 3701 Hispanus,
442 3616 539 3681 homo
563 3617 786 3702 grandaevus,
812 3640 943 3704 semper
958 3617 1167 3682 subscribere

34 3715 159 3783 renuit.
209 3709 493 3799 „Subscripsimus
517 3736 650 3794 omncs,
675 3715 791 3779 scribit
816 3713 1005 3780 Cardinalis
1029 3713 1167 3802 Pupien-

33 3811 87 3892 sis,
114 3811 238 3896 partim
256 3809 439 3896 cupiditate
454 3812 736 3900 assequendorum
753 3835 839 3899 quac
857 3811 1021 3895 volumus,
1046 3814 1165 3900 partim

101 3989 251 4000 ..m—anau·-

108 4101 132 4172 ¹)
155 4101 271 4156 lacobus
291 4104 456 4168 Ammanati,
476 4082 557 4158 nattis
577 4119 601 4161 a.
623 4105 700 4169 1422,
721 4105 862 4172 episcopus
881 4105 1023 4173 Papiensis
1043 4123 1067 4160 a.
1088 4105 1165 4180 1460,

31 4183 94 4236 dein
112 4199 150 4315 p,
167 4181 232 4236 1461
255 4181 407 4236 Cardinalis
426 4189 534 4238 creatus
553 4193 602 4248 est,
622 4185 777 4251 Romaeque
797 4185 865 4239 obiit
884 4185 928 4240 dic
943 4187 989 4238 10⁰
1001 4186 1166 4254 Septembris

32 4277 55 4317 a.
76 4265 110 4316 14
154 4303 160 4314 .
