2850 4834
323 477 374 533 190
536 480 652 534 XXXII.
672 481 713 535 De
731 481 908 538 Pontificibus
927 483 1067 538 avenione
1084 483 1259 539 commoratio.

322 631 359 686 ut
389 625 445 709 qui
477 647 497 687 a
530 624 647 708 majori
671 637 765 711 parte
788 626 912 691 electus
935 637 1022 692 esset
1043 649 1102 691 rex
1128 625 1310 699 haberetur3
1338 624 1406 688 unde

320 720 519 786 electoribus
544 725 690 787 maxime
715 724 805 788 cordi
841 745 911 789 esse
935 723 1118 806 debuisset,
1145 734 1182 788 ut
1202 725 1245 790 ad
1267 723 1406 787 unaninia

320 820 479 906 suffragia
517 823 741 907 pervenirent.
796 821 862 888 Sed
900 825 1070 909 principes
1107 822 1262 887 electores
1297 819 1327 884 id
1358 839 1405 882 non

321 928 479 983 curarunt
509 927 608 1006 atque
636 922 671 984 in
701 943 761 985 suo
791 924 1007 1007 perstiterunt
1038 943 1153 1002 sensu,
1187 929 1353 1004 neuterque
1377 937 1406 978 er

320 1016 432 1082 electis
456 1015 550 1082 alteri
575 1020 683 1083 cessit.
717 1019 769 1083 Ita
792 1020 917 1084 factum
941 1030 1000 1100 est,
1025 1029 1062 1082 nt
1084 1019 1200 1084 eodem
1224 1018 1278 1082 die
1300 1025 1407 1100 uterque

320 1117 474 1201 princeps
496 1119 530 1180 in
547 1137 659 1199 regem
674 1127 859 1182 sacraretur
875 1127 907 1182 et
924 1127 1146 1182 coronaretur.
1182 1117 1232 1182 Ac
1250 1115 1407 1180 Fridericus

320 1214 455 1301 quidem
471 1224 646 1281 coronatus
662 1225 711 1280 est
725 1215 768 1280 ab
790 1215 1039 1301 archiepiscopo
1056 1213 1256 1296 Coloniensi,
1279 1213 1329 1278 cui
1345 1233 1407 1275 coro·

320 1314 410 1377 natio
424 1311 642 1398 competebat,
663 1314 875 1396 sedBonnae,
901 1315 990 1401 quod
1006 1314 1167 1400 oppidum
1188 1313 1278 1378 baud
1292 1321 1354 1375 erat
1368 1307 1406 1371 uli

319 1413 396 1476 ritui
431 1413 647 1476 conveniens.
693 1413 907 1498 Aquisgrani,
939 1414 973 1476 in
1005 1415 1140 1478 civitate
1169 1410 1363 1477 coronationi
1381 1429 1407 1470 er

313 1511 391 1595 jure
415 1518 448 1573 et
471 1511 711 1574 cousuetudine
727 1510 901 1594 destinata,
927 1520 1074 1575 sacratus
1089 1521 1138 1575 est
1154 1509 1350 1586 Ludovicus,
1369 1503 1404 1566 sed

319 1607 361 1672 ab
394 1607 646 1694 archiepiscopo
679 1609 889 1693 Mogentino,
930 1611 983 1672 cui
1023 1610 1246 1673 coronationis
1278 1607 1331 1692 jus
1363 1625 1404 1666 non

319 1706 549 1771 conveniebat.
597 1707 651 1770 Ex
675 1706 766 1771 hisce
790 1707 894 1790 vides,
914 1707 993 1792 jure
1016 1709 1188 1792 utriusque
1211 1705 1363 1791 principis
1379 1697 1405 1760 al

318 1827 457 1890 regnum
473 1804 572 1868 valde
597 1805 700 1869 dubia
725 1806 835 1888 fuisse,
861 1805 1140 1892 difficultatesque
1156 1805 1319 1868 maximas
1334 1798 1405 1862 velut

317 1925 376 1990 per
400 1925 433 1966 se
458 1925 499 1966 ex
524 1902 587 1966 illis
611 1904 785 1968 eventibus
809 1906 1031 1968 scaturivisse.
1078 1907 1189 1988 Atque
1214 1923 1294 1965 mox
1316 1897 1405 1962 bellun

318 2003 515 2066 acerrimum
541 2004 627 2064 inter
651 2012 827 2088 utrumque
850 2004 1038 2088 principem
1061 2003 1131 2086 geri
1156 2011 1310 2086 coeptum
1333 2008 1378 2059 est.

151 2151 325 2234 Quum·
407 2136 460 2201 41.
508 2135 584 2200 Jam
620 2136 802 2200 videndum
835 2145 883 2200 est
913 2136 1019 2218 nobis,
1053 2159 1119 2221 qua
1149 2137 1279 2200 ratione
1310 2135 1340 2196 in
1365 2129 1405 2191 ln

170 2246 284 2288 luetis:-
320 2257 428 2298 rerum
446 2233 638 2299 discrimine
655 2235 741 2299 Pon
742 2235 810 2298 ifex
825 2237 939 2320 egerit
977 2235 1088 2314 Quum
1104 2245 1254 2318 tempore
1270 2227 1407 2295 electioni

319 2331 351 2397 S.
377 2331 480 2398 Sedes
510 2343 659 2414 vacaret,
693 2332 864 2415 electores,
898 2335 954 2418 qui
988 2331 1199 2396 Ludovicum
1236 2336 1407 2394 creaverant

318 2429 442 2496 litteras
459 2431 652 2495 direxerunt
666 2431 709 2496 ad
725 2431 850 2516 Papam
868 2433 1025 2496 futurum.
1050 2433 1256 2518 Eupropter,
1281 2425 1406 2490 scribunt

318 2529 493 2594 Sanctituti
521 2541 643 2592 vestrae
675 2539 739 2592 tum
769 2530 928 2594 humiliter
955 2553 1048 2616 qaum
1071 2529 1179 2592 deuote
1202 2539 1273 2591 coto
1296 2517 1408 2588 auctrici

317 2627 543 2742 aiipplt'qumua,
567 2639 602 2692 ut
625 2630 729 2714 ipsam
752 2629 879 2692 electam
901 2640 1042 2693 nostrum
1058 2631 1092 2692 iu
1107 2649 1210 2712 rupem
1226 2627 1407 2689 Romana-»i

314 2729 462 2814 putauit
493 2726 579 2790 alnis
610 2726 840 2813 amplectentes,
871 2749 983 2790 micaria
1006 2725 1200 2790 inunctionis
1225 2735 1256 2788 et
1279 2737 1406 2786 consecra

318 2827 412 2889 tiociis
444 2828 473 2888 ci
502 2825 692 2912 conserendo
724 2825 761 2888 de
792 2826 1003 2888 sacrosanctis
1034 2824 1179 2888 manibus
1210 2823 1322 2886 vestiis
1350 2811 1410 2878 sacri

317 2923 447 3010 Imperii
443 2923 615 2987 diadema
639 2924 812 3008 dipaemini
836 2923 902 2988 loco
926 2934 956 2986 et
979 2935 1115 3010 tempore
1130 2915 1382 3008 favorabiliter
1372 2931 1408 2973 tu·

311 3021 439 3108 partiri.
487 3020 667 3107 Postquam
692 3023 794 3106 igitur
816 3021 963 3087 loannes
987 3021 1090 3086 XXII
1118 3020 1277 3083 thronum
1301 3017 1407 3098 Aposto-

315 3118 416 3184 licum
441 3119 600 3202 escendit,
627 3141 704 3184 mox
721 3143 839 3184 causae
863 3121 916 3183 isti
941 3118 1197 3184 sollicitudinem
1223 3137 1316 3180 suam
1337 3109 1407 3174 debr

316 3218 375 3282 vit.
423 3217 535 3282 Facile
567 3229 677 3282 autem
713 3217 816 3296 vides,
856 3239 930 3282 eum
964 3213 1031 3280 fere
1062 3217 1163 3280 fuisse
1194 3215 1261 3278 hoc
1290 3223 1406 3294 tempor

315 3337 425 3378 rerum
443 3326 575 3398 statum,
601 3316 707 3402 qualis
722 3317 785 3380 fuit
802 3317 880 3380 dum
898 3316 959 3379 sub
975 3315 1170 3380 innocentio
1185 3313 1239 3377 Ill
1264 3309 1406 3393 Philippu

315 3409 446 3478 Suevus
471 3423 503 3478 et
527 3412 605 3480 Otto
630 3413 768 3480 Guelsus
793 3416 833 3481 de
857 3415 999 3501 Imperio
1024 3411 1280 3480 contendebant
1325 3411 1406 3489 Atqu!

316 3531 355 3574 ca
368 3513 541 3576 occasione
553 3513 587 3577 in
597 3513 764 3578 Decretali
775 3513 897 3578 celebri
918 3513 1132 3578 Vener-abilam
1142 3511 1351 3576 innocentius
1359 3519 1406 3589 ptr·

315 3610 429 3694 spicue
453 3609 734 3676 determinaverat
755 3615 930 3698 principia,
956 3612 1077 3698 quibus
1099 3611 1242 3676 Romani
1267 3599 1417 3672 Pontifici,

314 3867 340 3921 A
358 3867 440 3923 Petro
458 3869 624 3938 Mogontino
643 3885 675 3924 ac
693 3869 826 3924 Balduino
844 3869 999 3924 trevirensi
1017 3869 1178 3933 hudonem,
1196 3869 1232 3924 ab
1251 3869 1407 3924 Henrieotr
1372 3865 1407 3916 tr*
1416 3895 1417 3900 κ

316 3947 431 4002 leniensi
453 3957 483 4004 et
510 3949 647 4004 Friderico
672 3950 770 4006 comite
795 3949 922 4005 Palatino
954 3950 1107 4005 Fridericus
1132 3951 1225 4005 Anstr.
1254 3953 1349 4005 electu
1372 3952 1406 3996 et

314 4028 366 4082 Jns
391 4029 554 4096 reliquorum
578 4031 662 4084 trium
680 4031 826 4086 electorum
843 4031 946 4097 Boemi,
969 4031 1083 4085 Saxonis
1102 4035 1130 4085 et
1147 4023 1417 4108 ersnurgiut

314 4109 525 4164 controversiam
549 4110 710 4178 vocabatur;
736 4111 871 4166 Saxonum
896 4111 950 4166 dux
968 4111 1113 4176 Friderica
1137 4111 1252 4166 suemus
1270 4117 1299 4166 et
1314 4085 1417 4164 Breuit-

314 4187 443 4256 burgicus
471 4189 608 4244 Ludovico
638 4205 688 4245 sue
715 4190 850 4261 sutfragia
877 4191 1017 4248 dederunt
1060 4191 1114 4246 Cir.
1142 4191 1275 4262 Reynaid.
1302 4207 1324 4246 a
1350 4187 1406 4241 leit

314 4282 340 4324 n.
363 4267 395 4321 17
416 4283 473 4336 sqq.
1416 4295 1417 4364 q
