3000 4838
463 423 503 478 De
520 423 678 478 ltonarehia
695 422 793 478 Sicula.
1168 427 1205 480 47

75 590 130 632 ves
162 579 331 649 auctores,
363 569 399 632 in
422 589 561 654 eamque
593 567 790 631 sententiam
818 567 1000 632 etiamnum
1027 567 1073 633 cl.
1096 567 1203 634 Balan

75 665 297 752 propendit¹)
343 665 565 751 Praecipuum
589 673 701 728 textus
724 662 867 728 mutilati
889 675 1121 750 argumentum
1142 667 1307 731 Ba-Btwnss
1322 678 1372 730 opi·

75 768 187 830 ronias
212 762 295 828 inde
319 765 412 850 petit,
436 761 524 850 quod
549 761 654 848 plura,
679 763 815 848 quaein
831 761 990 828 relatione
1007 763 1204 830 Malaterrae
1271 741 1320 784 ¹¹⁰⁸

76 864 302 944 eontinentur,
334 861 522 949 quibusque
545 859 722 946 privilegia
752 881 909 924 concessa
939 863 1127 926 accuratius
1150 863 1204 927 de·

75 963 302 1025 terminantur
324 970 357 1024 et
378 960 633 1043 restringuntur,
658 958 693 1020 in
709 959 781 1044 ipso
798 957 988 1044 diplomate,
1014 962 1061 1024 uti
1085 971 1203 1044 exstat,

77 1082 140 1124 non
172 1058 355 1123 habentur.
401 1057 514 1122 Refert
537 1055 697 1120 videlicet
720 1055 912 1137 Malaterra,
940 1057 983 1122 ab
1009 1056 1146 1123 Urbano
1169 1059 1204 1124 II

78 1158 220 1242 Rogerio
252 1155 354 1240 legati
378 1157 470 1220 vices
493 1175 666 1219 concessas
689 1156 768 1218 esse'
783 1176 822 1218 ea
844 1154 1040 1234 discretione,
1073 1167 1109 1220 at
1131 1158 1205 1221 dam

79 1259 143 1342 ipse
167 1277 273 1319 eomes
296 1253 467 1332 aduixerit,
497 1249 547 1316 ael
570 1251 688 1338 aliquis
709 1251 879 1316 haeredum
902 1275 1029 1317 suorum
1058 1301 1066 1318 .
1092 1303 1099 1319 .
1126 1305 1133 1319 .
1163 1255 1204 1320 le·

79 1364 169 1438 patus
193 1351 282 1416 nlius
305 1375 326 1414 a
348 1352 496 1414 Romana
520 1348 601 1414 Sede
628 1351 710 1436 ipsis
738 1351 847 1414 inuitis
874 1351 983 1416 aulius
1012 1375 1205 1440 superporta-

81 1463 147 1515 tur:
174 1451 234 1515 sed
258 1450 289 1512 ri
310 1472 373 1535 aaa
396 1449 560 1512 Romanae
584 1445 732 1511 ecelesiae
748 1449 837 1536 juris
860 1451 1044 1534 exequenda
1064 1451 1204 1537 fuerint,

80 1548 232 1614 amatis
262 1545 296 1630 (l.
320 1543 542 1627 chartulariis)
578 1537 771 1608 bRomaaa
796 1543 876 1608 Sede
910 1546 946 1610 ia
976 1546 1122 1614 Siciliam
1156 1551 1206 1616 vel

86 1645 271 1712 Calabriam
301 1644 440 1722 directis,
466 1664 529 1730 per
551 1643 640 1729 ipsos
664 1641 907 1728 (chartularios)
932 1644 1064 1711 cenatio
1087 1649 1204 1734 episeo-

78 1767 190 1831 porum
213 1742 386 1807 ear-uadem
404 1741 643 1828 provinciamra
666 1741 841 1805 authentice
864 1741 1065 1826 definiantur.
1111 1746 1206 1812 Haec

84 1845 181 1926 igitur
205 1843 241 1906 in
267 1838 446 1926 diplomate
475 1841 596 1904 omissa
630 1861 700 1904 esse
731 1839 877 1903 advertit
898 1840 1072 1926 Beronius,
1107 1845 1204 1909 sicuti

86 1951 115 2002 et
135 1937 194 2002 illa
217 1959 304 2025 quae
328 1937 411 2001 dicit
433 1935 612 2002 Malaterre
636 1936 678 2001 de
701 1938 866 2023 episcopis
879 1938 1019 2003 Romam
1043 1940 1087 2004 ad
1110 1963 1205 2026 syno·

88 2037 159 2101 dum
193 2035 366 2100 mittendis
399 2056 458 2120 pro
490 2033 628 2100 arbitrio
661 2035 806 2119 Rogerii,
840 2037 907 2100 aiei
919 2035 1011 2122 forte
1034 2038 1073 2102 de
1097 2039 1205 2124 aliquo

89 2137 223 2219 iptorum
249 2136 285 2198 ia
307 2132 441 2197 coneilio
465 2131 620 2220 apeadum
643 2134 744 2197 sitia
767 2131 883 2198 Sicilia
912 2133 962 2199 oei
990 2137 1026 2200 ia
1053 2134 1207 2202 Calabria

91 2236 185 2314 (cum)
213 2233 248 2296 ia
270 2232 539 2319 praesentiusue
562 2231 737 2294 authentice
760 2231 888 2316 definiri
909 2234 1092 2318 nequiverit.
1140 2232 1205 2300 Ob·

93 2339 193 2394 servat
215 2328 391 2410 Batonius,
427 2326 522 2393 Sedis
552 2328 721 2394 Romanae
748 2328 827 2414 jura
857 2332 1007 2415 apprime
1040 2331 1205 2397 vindicari

94 2443 118 2490 et
158 2428 286 2491 servari
329 2426 422 2491 hisce
460 2425 637 2513 capitibus.
693 2427 766 2510 ,En
803 2426 898 2491 vides
935 2426 1047 2511 lector,
1086 2431 1205 2515 inquit,

95 2535 208 2611 quanta
232 2525 435 2589 subtraxerit
458 2533 490 2588 et
514 2526 629 2610 quanti
654 2526 812 2588 momenti
836 2535 1010 2608 veterator,
1044 2529 1206 2614 (quisquis

96 2625 183 2688 fuerit
205 2621 287 2706 ille),
311 2645 396 2709 quae
420 2623 447 2686 si
471 2623 507 2686 in
523 2622 634 2687 locum
650 2645 747 2687 suum
762 2625 987 2705 restituantur,
1013 2625 1205 2692 fientetiam

95 2723 212 2804 integra
244 2743 310 2784 una
345 2743 422 2785 cnm
455 2720 646 2806 Diplomate
678 2719 773 2786 Sedis
803 2721 1016 2807 Apostolicae
1041 2725 1134 2809 jura,
1174 2735 1207 2790 et

95 2817 212 2884 l'rbani
227 2819 339 2904 Papae
361 2817 530 2882 laudanda
553 2818 731 2905 prudentia
754 2821 825 2901 erit,
849 2819 937 2905 quod
962 2822 1009 2884 ita
1032 2820 1207 2886 indulserit

92 2919 212 3002 roganti
237 2916 360 2998 comiti,
395 2925 432 2978 ut
454 2925 566 2980 tamen
589 2915 733 2980 voluerit
754 2917 924 2982 Romanae
947 2917 1106 2984 eeclesiae
1124 2920 1206 3006 juri-

93 3013 147 3078 bus
169 3017 204 3079 in
227 3013 382 3078 omnibus
405 3035 476 3078 csse
499 3013 751 3101 consultum.“¹)

171 3167 227 3231 59.
273 3165 431 3229 Attamen
454 3164 534 3229 huic
557 3167 749 3248 sententiae,
773 3165 960 3230 mutilatum
984 3187 1024 3230 ae
1047 3166 1202 3232 falsatum
1212 3213 1363 3263 mmm

91 3283 155 3327 esse
178 3262 336 3349 diploma,
361 3273 555 3348 argumenta
579 3274 716 3327 externa
730 3261 821 3327 haud
837 3264 961 3329 favent.
1007 3263 1142 3330 Etenim
1165 3267 1201 3331 in
1224 3277 1357 3329 muana.

91 3363 186 3425 variis
210 3359 382 3426 codicibus
405 3363 640 3446 manuscriptis
664 3361 828 3425 Historiae
845 3359 972 3426 Siculae
995 3358 1201 3446 Malaterrae,

91 3469 155 3522 tum
178 3460 250 3545 ejus
273 3458 398 3542 relatio,
422 3469 493 3522 tum
521 3458 710 3545 diplomatis
734 3469 854 3542 textus,
879 3458 995 3524 eadem
1018 3462 1146 3525 ratione
1170 3484 1216 3526 se·

92 3555 227 3638 babent3
253 3557 342 3622 unde
355 3556 596 3621 falsificationis
609 3556 661 3620 vel
678 3555 895 3622 mutilationis
910 3560 1092 3642 suppositio
1107 3580 1205 3643 aegre

94 3653 214 3718 admitti
239 3657 352 3740 possit.
397 3654 574 3720 Praeterea
596 3676 676 3719 vero
701 3665 875 3720 contextus
902 3655 1092 3740 diplomatis
1114 3679 1135 3719 a
1157 3678 1205 3720 re·

96 3751 212 3834 galistis
235 3752 369 3839 quidem
394 3752 491 3817 modo
511 3751 685 3817 arbitrario
701 3763 734 3816 et
747 3753 934 3839 impudenti
949 3755 1205 3838 exaggeratione

99 3852 255 3934 expositus
277 3861 335 3934 est,
360 3861 397 3914 ut
420 3850 680 3916 dominationem
704 3861 896 3938 usurpatam
919 3848 1074 3936 gubernii
1098 3850 1205 3914 vindi·

167 4113 417 4182 ¹)Storiad'1talia
435 4115 468 4171 Τ.
486 4115 538 4170 ΠΙ.
557 4115 590 4174 L.
609 4115 699 4171 XXH.
718 4131 744 4172 u.
763 4114 838 4169 XIV.

166 4191 186 4261 ¹)
203 4195 243 4249 Ad
260 4211 285 4250 a.
304 4197 374 4252 1097
392 4211 420 4252 n.
438 4197 483 4252 45.
