2814 4840
302 500 319 555 4
577 499 661 554 xxx.
682 500 721 554 De
739 499 904 554 Pontificatu
923 499 1056 554 Bonifatii
1076 501 1153 554 vin.

303 643 411 706 dictus
437 641 624 728 Cajetauus,
656 645 713 729 qui
737 655 850 729 postea
875 644 938 708 fuit
960 643 1148 708 Bonifatius
1172 643 1266 708 VIII.
1313 644 1367 707 llic
1387 667 1399 705 ι

302 739 503 805 factionibus
526 739 668 826 politicis
692 741 826 828 quidcm
848 744 1012 822 remotior,
1036 741 1211 828 Gallisque
1235 741 1403 806 nullatcnus

303 839 460 914 infensus,
492 849 601 902 tamen
635 849 672 903 ut
701 839 962 926 independentia
994 838 1165 904 Ecclesiae
1200 841 1297 926 plane
1327 839 1403 904 salva

302 945 396 1016 essct,
422 937 555 1000 videtur
578 935 797 1017 adlaborasse,
823 949 855 1001 et
877 939 1060 1022 aegerrime
1081 937 1204 1019 tulisse,
1230 939 1317 1025 quod
1339 953 1403 1002 tenr-

303 1032 359 1097 diu
384 1033 500 1098 electio
525 1045 598 1120 prot
585 1033 779 1101 traheretur

132 1137 226 1180 consu
225 1141 290 1180 01'0·
391 1133 421 1197 4.
448 1131 593 1212 Quum
580 1153 651 1219 Jam
668 1134 770 1196 variis
790 1133 826 1196 in
847 1131 929 1197 locis
946 1129 1140 1197 Cardinales
1164 1133 1323 1198 conclave
1347 1155 1404 1196 ron

132 1215 170 1244 η
173 1205 257 1306 ἵζ’
228 1203 257 1242 ¹¹
258 1203 290 1242 δ’
302 1230 492 1311 stituissent,
518 1243 551 1294 et
565 1230 751 1296 schismatis
774 1227 850 1294 iere
858 1229 1011 1316 pericula
1024 1243 1233 1316 apparerent,
1258 1245 1404 1318 postremi

302 1346 414 1392 mense
432 1281 569 1394 Oclobri
586 1351 616 1393 a.
632 1329 717 1394 1293
731 1329 887 1394 Perusiae
911 1341 1155 1411 convenerunt,
1181 1329 1239 1394 sed
1255 1339 1290 1394 et
1304 1331 1349 1394 ibi
1362 1353 1404 1415 pcr

303 1424 412 1510 plures
442 1445 571 1491 menses
607 1425 772 1491 discordia
802 1425 843 1489 de
874 1423 1045 1490 Pontificis
1080 1423 1241 1491 electione
1278 1426 1404 1491 durarit.

302 1521 474 1587 Venerunt
502 1545 633 1611 quoque
657 1525 691 1588 in
714 1523 801 1588 hanc
826 1525 996 1588 civitatem
1025 1535 1173 1610 tempore
1196 1546 1301 1590 verno
1327 1523 1404 1588 Carr-

301 1618 352 1685 lus
376 1619 407 1685 II
440 1633 472 1686 et
495 1619 583 1687 filius
615 1621 686 1708 ejus
720 1621 857 1686 Carolus
881 1621 1050 1686 Martellus
1081 1622 1206 1688 electus
1229 1621 1404 1698 Hungarirc

301 1739 370 1793 rex,
397 1716 655 1808 Cardiualesque
672 1722 800 1785 monuit
817 1719 957 1785 Carolus
977 1743 1047 1801 rex,
1072 1729 1108 1784 ut
1132 1719 1329 1786 electionem
1353 1743 1404 1806 pcr-

302 1812 446 1884 licerent.
494 1817 696 1883 Benedictus
728 1827 838 1882 autem
864 1817 1186 1905 Cejetanus,·quum
1223 1821 1404 1904 perspiceret

302 1917 363 1998 (uti
380 1915 547 2002 existimo)
576 1919 647 2001 ipso
671 1915 801 1980 influxu
825 1917 911 2001 regis
935 1917 1095 1982 retardari
1121 1917 1330 1986 electionem,
1353 1939 1404 2000 ga-

303 2013 447 2078 vissimis
472 2013 583 2078 verbis
606 2013 792 2078 libertatem
819 2011 1047 2079 Cardinalium
1076 2033 1186 2080 coram
1211 2035 1250 2078 eo
1275 2014 1404 2078 viudicu-

302 2111 360 2192 vit,
394 2113 439 2176 ita
464 2121 500 2176 ut
524 2108 661 2175 Carolus
684 2113 787 2175 iratus
811 2111 1005 2178 discederet.
1052 2111 1126 2178 Hac
1150 2111 1191 2178 de
1215 2135 1251 2178 re
1276 2113 1404 2178 Platina:

301 2207 391 2271 Haec
421 2209 617 2272 incommoda
649 2206 782 2274 Carolus
805 2209 844 2273 II
864 2231 922 2273 rea
946 2209 1184 2297 Neapolitanus
1208 2215 1404 2299 prospicient

302 2331 317 2370 a
342 2305 547 2372 Narbonensi
565 2309 736 2394 prouincia
760 2307 923 2372 Perusiam
946 2312 1083 2388 ueniens,
1120 2307 1316 2374 Cardiaales
1342 2313 1404 2396 ipsi

302 2409 428 2493 saepius
452 2407 495 2470 ad
511 2405 710 2471 concordiam
734 2417 764 2469 et
784 2405 963 2472 electionem
978 2407 1138 2492 Pontificis
1162 2407 1353 2472 adhortatus
1368 2419 1403 2466 ut

303 2505 370 2569 Nec
394 2507 430 2568 id
452 2505 576 2592 qrtidcns
590 2504 704 2590 facere
725 2505 894 2568 destitisset
920 2507 966 2568 cir
982 2507 1125 2592 intepuit,
1149 2507 1214 2570 nisi
1237 2507 1356 2568 acriter·
1377 2527 1403 2566 ιι

297 2603 469 2688 predantes
494 2627 514 2666 a
538 2601 708 2666 Benedicta
737 2599 889 2692 chetano
918 2603 1032 2688 patrna
1054 2601 1237 2687 Anapnino,
1269 2603 1356 2690 pred
1377 2605 1403 2664 it

301 2701 415 2764 stando
440 2701 547 2764 acerbe
572 2701 703 2765 nimiam
725 2701 805 2786 ipsis
829 2697 1057 2765 Cardiaalibua
1080 2701 1142 2764 aim
1165 2697 1281 2786 afferre
1309 2694 1403 2766 rideri

303 2809 362 2876 tur,
387 2821 517 2884 pirorum
540 2795 620 2884 suffr
622 2797 697 2884 apia
722 2795 765 2860 tit
768 2821 822 2861 ero
846 2821 911 2861 esse
935 2795 1091 2862 deber-eat.
1100 2799 1124 2880 ¹)

389 2895 419 2960 5.
445 2896 523 2960 Post
546 2895 693 2960 diutinas
717 2895 850 2960 demum
875 2897 1102 2960 contentiones
1120 2893 1319 2960 Cardinales
1343 2897 1402 2964 ror

302 2993 422 3058 titiccm
448 3005 542 3058 extra
560 2991 743 3077 Collegium
768 2995 947 3081 quaesiere,
972 3016 1011 3057 ac
1034 3006 1170 3080 repente
1194 2995 1335 3059 mutatis
1358 2983 1402 3056 aul

302 3093 364 3156 mis
386 3093 521 3157 Petrum
547 3091 588 3156 de
612 3091 768 3156 Murrone
793 3093 974 3172 eremitam,
1000 3112 1107 3156 novae
1130 3090 1308 3176 religiosae
1333 3091 1401 3155 fami

302 3191 363 3255 liae
387 3195 484 3276 (quae
508 3199 624 3276 postea
641 3187 902 3254 Caelestinorum
928 3187 1017 3252 diota
1040 3189 1112 3276 est),
1138 3189 1299 3253 sectantis
1325 3187 1401 3270 s.Bl

300 3289 424 3354 nedicti
449 3289 600 3353 instituta
616 3286 849 3373 patriarcham,
875 3287 908 3351 in
932 3299 1058 3352 remota
1074 3287 1216 3373 Apuliae
1240 3281 1401 3353 solitudid

302 3385 499 3452 macerando
525 3389 653 3473 corpori
677 3409 716 3451 ac
739 3386 839 3451 rebus
863 3385 1060 3452 coelestibus
1083 3386 1355 3473 contemplandis
1378 3389 1400 3454 iu

374 3635 396 3703 ¹)
415 3636 482 3690 Vita
492 3635 594 3690 Nicolai
605 3635 671 3694 1v·
664 3649 692 3688 ιιι
702 3634 806 3690 fine-
819 3634 865 3688 Otr
883 3635 953 3692 Ptol.
964 3635 1029 3692 Luc.
1037 3635 1053 3689 I.
1063 3635 1187 3692 ιι...24ι
1194 3635 1237 3692 28
1249 3635 1400 3722 Ptolomaei

301 3715 535 3787 (Bartholomaeus
554 3714 678 3774 Fiadonit
697 3713 834 3780 Lucensis,
853 3725 934 3770 uatus
954 3732 978 3770 a.
995 3715 1071 3774 1236
1090 3715 1210 3770 ardicam
1220 3715 1265 3772 rr
1376 3717 1381 3728 '

301 3805 389 3851 torum
414 3796 464 3864 ing
466 3811 553 3849 rossus
579 3810 603 3847 a
628 3795 711 3859 1272,
733 3794 875 3848 historiam
898 3795 1108 3849 ecclesiasticam
1133 3793 1243 3864 scripsit
1269 3812 1288 3849 a
1317 3797 1381 3851 Ch'

300 3885 366 3931 usto
384 3875 564 3943 mouenda
586 3875 663 3930 1312.
699 3873 872 3940 Ptolomaeus
890 3874 1029 3943 epIsoopus
1047 3873 1221 3930 Torcellsnus
1246 3877 1381 3930 renuntia

300 3965 343 4012 cst
360 3973 385 4012 a.
407 3959 484 4020 tulo,
503 3955 550 4009 sed
569 3969 650 4021 quum
670 3954 754 4008 nimia
772 3955 800 4009 in
819 3963 930 4023 nepotes
948 3971 1010 4009 suos
1028 3954 1202 4024 indulgentia
1220 3957 1349 4024 grassari
1369 3957 1376 3968 ‘

299 4037 328 4090 in
346 4051 389 4091 res
408 4036 577 4104 episcopatus
595 4033 747 4090 Torcellani
764 4035 938 4103 permisisset,
957 4051 989 4089 ac
1006 4037 1110 4089 monita
1128 4035 1261 4089 Dominici
1276 4035 1369 4090 Grade

299 4115 472 4184 patriarchae
490 4111 665 4182 neglexisset,
685 4114 712 4169 in
731 4115 864 4170 Gradensi
883 4115 1042 4183 provinciali
1062 4113 1173 4169 concllio
1191 4119 1362 4170 seutentiam

300 4195 548 4250 communicationis
574 4194 697 4248 incurrit.
734 4195 776 4249 nt
799 4195 891 4249 eadem
917 4201 1007 4249 ιιιιιειι
1033 4201 1129 4263 postea
1150 4195 1255 4250 solutus
1281 4195 1379 4251 eccle<

298 4273 485 4330 torcellanum
504 4273 587 4329 libera
606 4273 685 4328 rexit.
723 4274 797 4330 Obiit
815 4275 886 4329 circa
904 4289 929 4331 a.
950 4273 1028 4330 taut.
