2814 4840
173 1785 242 1824 Josn-

151 1859 191 1886 nes
205 1847 265 1886 xxi.

296 448 350 501 492
494 445 621 500 XXVIII.
642 446 681 500 De
699 451 778 500 statu
795 446 935 502 societatis
954 446 1045 501 christ
1064 462 1134 502 seeo.
1154 447 1230 504 XIII.

297 589 361 654 bus
383 588 627 676 gratulantibus
649 589 775 654 feretur
798 589 937 654 dixisse:
991 590 1121 656 Utinam
1143 591 1188 656 ad
1210 614 1321 656 senum
1342 590 1403 657 Cor·

297 688 447 770 dioclem,
471 710 536 752 noo
551 687 770 752 moribundum
783 688 963 772 Pontificem
977 690 1149 754 venissetis.
1175 689 1361 754 Hadrianus
1371 689 1403 758 t',

298 795 466 850 conventu
489 807 565 850 oum
590 784 825 850 Cardinalibus
857 785 982 866 habito,
1013 787 1187 873 suspendit
1211 787 1403 852 Constitutio·

297 906 375 947 nem
389 884 543 967 Gregorii
559 884 594 947 X
618 882 727 970 quoad
751 883 945 949 electionem
963 884 1144 953 Pontificis.
1178 885 1280 950 Forte
1303 907 1403 968 magua

297 982 518 1066 incommoda,
543 1003 647 1068 quum
664 983 735 1066 ipse
759 982 911 1048 infirmes
928 982 1130 1048 valetudinis
1146 995 1242 1064 esset,
1269 995 1403 1070 expertus

298 1089 377 1163 erat,
408 1081 455 1144 ita
478 1090 515 1143 ut
538 1089 687 1144 censeret
715 1079 802 1145 hanc
828 1079 1106 1147 Constitutionem
1137 1084 1239 1146 nimis
1264 1103 1403 1160 severam,

297 1199 437 1263 eamque
462 1178 652 1242 modificare
676 1177 785 1244 vellet.
832 1179 872 1244 id
897 1181 986 1244 enim
1011 1179 1133 1244 diserte
1157 1180 1288 1244 indicat
1310 1194 1403 1244 auctor

298 1297 442 1340 coaevus
457 1274 480 1340 J
482 1275 628 1340 ordouus
645 1276 812 1342 scribens:
837 1279 902 1342 Hic
918 1280 1026 1342 stetim
1036 1289 1114 1364 post
1130 1299 1221 1342 suom
1237 1281 1403 1342 crsaoooen

302 1371 562 1440 Constitutiooem
589 1372 737 1460 Grepotie'
765 1375 804 1440 de
827 1377 1022 1440 restrictione
1050 1373 1277 1442 Cerdinalium
1304 1379 1338 1440 io
1365 1374 1403 1438 els-

297 1473 398 1536 ctione
421 1473 532 1558 Papae
563 1473 737 1559 suspendit,
768 1473 934 1537 intendens
964 1497 1033 1538 eom
1057 1471 1153 1538 aliter
1175 1475 1340 1552 ordinare,
1367 1473 1403 1536 seo

296 1579 393 1634 morte
415 1581 609 1656 praeventus
631 1592 696 1634 ooo
714 1572 864 1656 potuit.¹)

402 1668 476 1733 126.
522 1667 601 1732 Post
631 1677 769 1732 mortem
807 1668 972 1732 Hadriani
999 1668 1030 1731 V
1067 1669 1283 1734 difficultates
1318 1665 1403 1757 quoad

298 1769 396 1830 istam
421 1763 676 1830 Constitutionis
700 1768 951 1852 suspensionem
976 1777 1090 1830 contra
1115 1767 1314 1832 Cardinales
1336 1787 1403 1830 exor

297 1875 350 1928 tae
382 1873 476 1946 sunt,
511 1863 687 1929 noluerunt
711 1866 801 1929 enim
824 1864 1052 1929 Viterbienses
1076 1876 1109 1928 et
1132 1864 1244 1949 plures
1270 1863 1403 1930 officiales

197 2009 203 2022 .
298 1963 410 2027 curiae
423 1962 591 2027 Romanae
608 1962 698 2027 illam
716 1964 965 2048 suspensionem
981 1962 1174 2044 admittere,
1198 1984 1317 2028 rumor
1328 1965 1403 2026 stian

298 2083 431 2146 sparsus
454 2071 512 2141 est,
544 2071 622 2124 ente
647 2071 784 2125 mortem
819 2061 861 2126 ab
888 2060 1066 2125 Hadriano
1098 2062 1350 2144 suspensionem
1375 2081 1400 2122 rs

299 2169 453 2222 vocatam
484 2158 595 2224 fuisse.
638 2159 750 2244 Atque
775 2161 821 2223 ita
844 2158 1071 2223 Viterbienses
1101 2161 1212 2223 acrius
1238 2161 1403 2224 insistente

300 2254 484 2340 adegerunt
497 2254 700 2336 Cardinales,
726 2267 762 2320 ut
786 2257 857 2320 sine
882 2277 974 2321 mora
989 2256 1146 2321 diuturne
1170 2256 1213 2321 ad
1231 2257 1385 2322 electione

300 2353 526 2439 procederent.
573 2353 613 2418 in
631 2354 826 2419 Pontificem
852 2365 982 2418 oreatus
1006 2364 1056 2419 est
1079 2355 1133 2419 die
1148 2355 1207 2420 16⁰
1221 2353 1397 2442 Septembri

300 2453 417 2517 Petrus
429 2451 557 2517 Juliani
573 2451 770 2532 Cardinelis,
795 2453 986 2534 Lusitanus,
1012 2451 1250 2517 celeberrimus
1260 2451 1402 2538 quondan

302 2550 465 2632 medicus,
505 2551 582 2615 dein
615 2550 798 2636 presbyter,
836 2573 857 2614 a
889 2550 1053 2634 Gregorio
1084 2549 1118 2616 X
1155 2549 1402 2659 archiepiscopup

301 2649 489 2733 Bragensis,
523 2671 562 2712 ae
586 2659 659 2734 post
685 2647 873 2713 Cardinalis
897 2648 1085 2734 Episcopus
1108 2647 1323 2714 Tusculanus
1354 2667 1401 2710 con

301 2749 443 2812 stitutus.
501 2748 646 2812 Joaones
678 2747 761 2811 XXI
794 2755 932 2812 vocatus
970 2757 1029 2813 est.
1086 2745 1244 2830 Magnam
1287 2743 1401 2820 habebo

302 2843 497 2908 eruditionis
521 2846 556 2908 in
579 2846 682 2910 variis
706 2843 892 2929 disciplinis
915 2845 1050 2924 famam,
1075 2853 1112 2907 ut
1124 2843 1202 2909 inde
1217 2844 1330 2908 clerici
1350 2843 1401 2928 (vit

302 2942 405 3022 docti)
437 2941 595 3028 poneretis
618 2964 739 3008 nomen
763 2942 904 3028 adeptus
927 2944 979 3009 sit.
1026 2942 1103 3028 lpse
1126 2940 1342 3006 confirmavit
1362 2959 1400 3008 sut

302 3041 495 3126 pensionem
519 3039 684 3105 Hadriani
724 3040 835 3127 quosd
869 3039 1148 3106 Constitutionem
1187 3039 1230 3103 de
1271 3039 1400 3196 electiop

301 3139 473 3204 Pontificis
497 3138 585 3203 edito
609 3138 800 3225 diplomate,
825 3138 915 3225 quod
938 3140 1039 3202 nimis
1063 3137 1147 3203 dura
1166 3159 1206 3201 ea
1222 3139 1385 3202 continere

302 3248 365 3318 tur,
401 3257 463 3301 nee
491 3239 571 3301 satis
601 3247 679 3322 apta
703 3247 798 3318 esset,
832 3237 1038 3323 experientia
1062 3235 1212 3317 docente,
1241 3257 1308 3330 pro
1332 3253 1380 3296 sco

302 3334 503 3417 obtinend03
528 3333 761 3400 simulantem
785 3337 1002 3400 intentionem
1028 3356 1121 3398 suam
1154 3355 1226 3398 esse
1255 3245 1399 3474 indicavi

302 3432 420 3498 utalia
442 3435 570 3499 ratione
587 3433 824 3499 accelerandae
838 3433 1011 3498 Pontificis
1028 3431 1180 3496 electioni
1195 3430 1398 3517 provideret,

301 3531 443 3615 Negotia
472 3531 711 3612 ecclesiastice,
750 3533 909 3598 unionem
941 3553 1016 3595 cum
1049 3529 1189 3594 Graecis
1219 3527 1360 3593 firmand

302 3649 437 3694 causam
462 3639 569 3694 terrae
594 3640 737 3710 sanctae,
762 3651 884 3714 magno
908 3651 984 3693 eum
1010 3630 1125 3714 vigore
1148 3627 1326 3714 promovit.
1366 3619 1379 3644 *

302 3727 402 3791 stiam
437 3727 542 3812 ipsius
576 3727 790 3814 pontificatus
823 3728 935 3793 brevis
974 3727 1047 3800 fuit,
1086 3735 1159 3791 octo
1197 3733 1360 3788 tantumn

302 3827 484 3906 mensium3
509 3846 661 3891 camerae
684 3821 773 3890 enim
788 3827 886 3892 ruina
902 3847 1087 3911 percussus,
1112 3820 1272 3888 occubuit
1287 3820 1360 3883 Vite

303 3923 356 3988 die
382 3923 442 3988 16⁰
465 3923 547 4009 Maji
580 3925 659 3988 anni
687 3924 782 3989 127⁷.
830 3924 923 3988 Dicit
946 3921 1082 4010 quidem
1115 3921 1156 3987 de
1180 3919 1243 3984 hoc
1269 3917 1361 3982 Ponti

302 4017 514 4085 Ptolomaeus
541 4021 705 4086 Lucensis
738 4021 778 4088 Ο.
803 4021 879 4087 Pr.:
922 4020 1074 4096 Οιιαπιυίε
1104 4039 1235 4106 mopsus
1267 4017 1362 4096 snserit

376 4237 399 4308 ι)
418 4234 551 4304 Raynsld.
571 4252 595 4291 a.
617 4237 694 4290 1276.
714 4251 740 4289 u.
760 4235 803 4291 se.
961 4233 984 4305 ²)
1001 4231 1136 4302 Reyneld.
1156 4231 1174 4288 l.
1193 4249 1214 4292 c,
1233 4245 1257 4284 a.
1278 4231 1321 4284 80.
