2964 4838
277 453 332 504 tto
481 452 608 506 xxxvl.
628 452 669 506 De
686 462 763 506 autu
782 453 918 508 Ecclesiae
936 454 1019 508 initio
1037 456 1111 511 Saea
1131 457 1205 514 xvi.

279 617 357 659 vero
383 594 525 659 defectio
549 597 583 659 in
608 617 647 660 eo
671 597 780 669 fuerit,
805 609 1089 683 utrumperentur
1104 623 1124 662 a
1141 600 1375 689 multispenitus

279 691 414 756 vincula
438 693 515 757 fidei
540 702 573 756 et
596 695 840 758 communionis
863 694 985 780 quibus
1004 697 1116 760 unitas
1131 697 1296 764 Ecclesiae
1316 721 1375 764 oon·

277 793 373 868 sistit,
403 790 500 855 facile
523 791 619 855 vides
650 791 729 856 inde
760 793 827 876 peti
850 794 1034 877 generatim
1058 794 1182 860 debere
1206 796 1377 863 deiectionis

277 892 575 974 praeparationem.
599 889 690 975 quod
705 889 917 975 praecedenti
940 901 1089 977 tempore
1104 892 1234 958 niuem
1246 895 1302 959 illa
1314 917 1377 958 eon·

276 989 436 1051 menime
459 999 490 1051 ιι
503 987 587 1071 fidei
609 989 709 1074 stupis
732 989 890 1072 mopiaque
914 991 1010 1052 atteri
1032 991 1201 1076 coeperint.

367 1086 489 1150 Variae
513 1087 615 1168 igitur
638 1107 723 1171 quae
746 1089 909 1150 recenseri
934 1098 1074 1172 possunt
1092 1089 1238 1152 rationes
1254 1089 1379 1154 adhunc

276 1205 412 1248 caumm
435 1181 624 1269 generalem
649 1183 748 1247 facile
771 1183 982 1250 reducentur,

196 1291 248 1328 »ΗΟ
367 1281 418 1348 76.
450 1279 752 1346 Commemoranda
784 1283 896 1367 itaque
927 1283 1023 1346 venit
1057 1284 1093 1346 1⁰
1116 1298 1153 1346 ut
1175 1305 1277 1348 causa
1305 1307 1380 1370 prae

132 1415 181 1452 ...nr
198 1381 254 1454 aa.
275 1401 397 1466 parans
419 1380 641 1443 delectionem
665 1377 864 1464 completam
897 1379 1086 1444 diffidentia
1109 1380 1183 1462 illa,
1213 1382 1381 1468 antipathia

275 1489 308 1541 et
330 1479 494 1564 oppositio
518 1488 633 1540 canna
649 1479 880 1542 auctoritatem
901 1477 969 1542 ΒΗ.
983 1477 1196 1562 Pontificum,
1222 1502 1304 1566 quae
1318 1479 1381 1544 inde

274 1599 293 1639 a
324 1576 455 1640 duobus
485 1573 627 1640 saeculis
656 1577 763 1659 magis
794 1577 965 1661 magisque
996 1576 1192 1643 invaluerat.
1249 1581 1380 1643 Primum

274 1674 420 1760 quidem,
437 1674 631 1758 praesertim
644 1672 794 1758 Philippi
810 1672 944 1737 Pulchri
962 1674 1111 1759 perfidia,
1128 1675 1218 1760 apud
1236 1679 1382 1763 principes

274 1783 307 1836 et
328 1772 458 1837 nobiles
480 1793 516 1836 se
540 1771 623 1834 baec
639 1771 803 1858 oppositio
819 1771 1107 1852 manifestaverat3
1133 1772 1210 1838 dein
1228 1778 1381 1839 occasione

274 1871 543 1936 commorationis
567 1871 635 1934 RB.
660 1870 857 1934 Pontificum
883 1871 916 1934 in
942 1869 1062 1951 Gallia,
1086 1871 1255 1937 Ludovici
1278 1875 1380 1938 Bavari

275 1985 307 2032 et
329 1967 593 2048 Freticellorom‚
617 1968 807 2032 schismatis
830 1967 1063 2054 subsequentis
1086 1979 1120 2033 et
1143 1970 1287 2036 Concilii
1309 1972 1377 2036 Bael-

273 2066 411 2144 leensis‚
448 2069 554 2152 magis
585 2069 758 2152 magisque
788 2067 905 2130 eadem
935 2077 1035 2131 aucta
1066 2080 1131 2148 eat,
1167 2079 1270 2156 atque
1301 2071 1375 2133 etian

274 2165 364 2250 apud
389 2163 636 2228 multitudinem
660 2174 694 2228 et
708 2163 829 2227 multos
852 2165 1034 2249 episcopos,
1060 2169 1255 2250 praesertim
1275 2169 1309 2232 in
1319 2165 1379 2232 Ger

274 2265 403 2346 mania,
435 2261 519 2326 altas
542 2261 617 2326 fixit
639 2261 780 2325 redires.
827 2261 882 2326 Sic
906 2264 1093 2326 reverentia
1115 2285 1196 2348 erga
1219 2265 1381 2330 Pontifices

274 2363 420 2425 maxime
443 2362 620 2424 imminuta
643 2371 702 2436 est,
726 2358 890 2443 simulque
912 2359 1083 2424 tendentia
1106 2383 1267 2446 perverso
1286 2373 1381 2426 cenna

274 2460 456 2544 potentiam
480 2457 662 2542 legitimam
687 2479 801 2522 eorum
825 2458 1027 2543 spiritusque
1050 2459 1186 2543 quidam
1210 2460 1382 2526 rebellionis

273 2559 402 2620 animos
425 2555 642 2643 plurimorum
667 2557 855 2640 occupavit.
895 2554 1007 2635 Quum
1030 2575 1108 2619 vero
1133 2557 1313 2624 voluntatis
1333 2557 1383 2621 dis-

273 2655 392 2739 positio
411 2653 625 2717 vehementer
641 2653 760 2717 influat
782 2656 817 2718 in
838 2651 1051 2736 intellectum,
1075 2675 1118 2717 ex
1134 2653 1198 2720 hac
1212 2655 1383 2743 antipathia

273 2753 436 2832 maxime,
467 2762 500 2814 et
522 2750 620 2815 simul
644 2773 687 2814 ex
710 2749 860 2814 tristibus
883 2753 1040 2836 temporis
1063 2751 1256 2836 eventibus,
1285 2755 1328 2816 nti
1349 2773 1383 2814 ex

274 2849 431 2914 diuturno
460 2849 657 2930 schismate,
693 2871 735 2912 ex
759 2848 938 2913 rebellione
964 2848 1105 2914 Concilii
1129 2850 1326 2914 Basileensis
1351 2869 1383 2912 ac

274 2947 484 3014 neutralitate
514 2949 658 3012 nationis
689 2946 932 3012 Germanorum
964 2950 1093 3029 evenit,
1129 2958 1166 3011 ut
1195 2951 1294 3013 ctiam
1324 2949 1385 3033 ipss

267 3047 435 3133 principie
459 3045 500 3110 de
525 3045 641 3110 divina
665 3047 967 3134 primatusorigine
990 3067 1031 3110 ac
1055 3045 1097 3111 de
1115 3046 1187 3132 ejus
1203 3047 1382 3110 necessitate

273 3142 538 3210 obscurarentur.

362 3243 400 3306 2⁰
422 3240 615 3306 Invaluerat
638 3243 762 3328 pariter
784 3265 827 3304 ex
851 3240 964 3306 multis
987 3242 1100 3324 annis,
1134 3242 1221 3328 quod
1247 3239 1384 3306 cumbis
1458 3285 1459 3300 2

272 3362 356 3425 quae
381 3339 528 3404 diximus
552 3340 720 3422 cohaeret,
746 3337 925 3426 portialotio
956 3339 1133 3406 clamorosa
1161 3338 1385 3427 reformationis
1458 3347 1459 3360 ¹

272 3440 439 3525 incapite
470 3449 503 3504 et
526 3441 560 3502 in
586 3438 762 3520 membris,
798 3439 844 3500 ita
868 3447 978 3500 tamtm
1011 3446 1047 3501 ut
1070 3437 1163 3504 multi
1194 3439 1336 3502 maxime
1356 3436 1383 3496 in

271 3535 433 3601 Pontifiee
449 3537 599 3601 Romano
623 3547 656 3600 et
678 3538 713 3601 in
731 3534 833 3600 Curia
856 3547 949 3599 aestu
973 3535 1071 3620 plane
1095 3547 1293 3621 exaggerato
1309 3533 1383 3598 banc

271 3633 538 3699 reformationem
562 3634 633 3698 fieri
659 3644 841 3721 poscerent,
866 3643 899 3697 et
922 3655 964 3696 ex
986 3634 1108 3697 Curiae
1132 3635 1337 3718 corruptione
1358 3639 1384 3691 et

270 3731 423 3796 socordia
450 3753 548 3797 omne
572 3731 696 3797 malum
721 3753 876 3796 emanare
907 3729 988 3797 falso
1014 3731 1258 3812 contenderent.
1305 3728 1384 3794 Hine

271 3851 373 3915 quum
398 3828 461 3893 sub
484 3830 643 3893 ementito
668 3829 912 3894 reformationis
927 3829 1062 3894 nominc
1084 3839 1259 3892 novatores
1274 3847 1384 3910 magna

271 3948 347 3990 cum
383 3926 526 3991 audacia
560 3928 794 4014 procederent,
831 3927 943 3991 multis
978 3947 1092 3990 eorum
1128 3938 1262 3991 conatus
1298 3921 1383 3989 valde

272 4022 479 4110 placuerunt.

360 4123 399 4188 3⁰
425 4121 716 4202 Quemadmodum
741 4121 872 4188 saeculo
886 4121 956 4186 XV
980 4121 1167 4188 invaluerat
1190 4131 1381 4206 contemptus

272 4222 479 4286 auctoritatis
493 4221 736 4286 ecclesiasticae
750 4231 852 4308 atque
862 4221 1051 4306 antipathia
1065 4231 1097 4286 et
1104 4221 1269 4307 oppositio
1281 4227 1381 4284 contu
