3000 4838
437 495 478 550 De
495 495 640 550 donatione
658 494 842 550 Constantini.
924 489 932 536 ί
963 490 967 496 ’
1185 493 1221 549 35

103 642 133 704 in
161 639 311 705 codicem
344 638 558 703 decretalium
582 638 868 720 Pseudo-Isidori,
902 659 946 701 ex
973 635 1083 701 Gallia
1116 639 1221 722 magis

103 738 267 824 magisque
300 746 519 823 propagatum
555 737 628 802 fuit.
683 737 777 802 Haec
806 758 885 801 sane
916 745 994 800 sunt
1024 737 1223 821 gravissima

101 834 221 898 indicia
244 845 393 917 externa,
424 832 612 920 exquibus
644 834 819 920 colligitur,
852 835 969 898 merito
1002 834 1100 897 statui
1125 855 1222 919 posse

102 933 132 995 in
154 929 266 997 Gallia
289 931 373 997 illud
397 933 608 998 Constantini
633 931 781 1018 diploma
804 953 875 996 esse
900 932 1129 1016 compositum.

180 1049 239 1114 43.
285 1047 399 1112 Veluti
423 1070 482 1133 per
505 1070 540 1112 se
563 1047 627 1112 hoc
650 1047 721 1113 loco
747 1070 782 1113 se
806 1048 902 1112 offert
925 1069 965 1110 ea
981 1048 1139 1132 quaestio,
1164 1070 1219 1112 an·
1234 1054 1272 1094 ¹11¹
1286 1057 1390 1098 Puni*

101 1167 161 1210 non
185 1148 258 1232 ipse
281 1146 583 1228 Pseudo-Isidorus,
608 1148 656 1210 uti
680 1146 898 1232 plurimarum
923 1143 1149 1228 decretalium,
1173 1147 1221 1210 ita
1262 1119 1366 1226 pm.

100 1253 130 1305 ct
150 1243 252 1331 hujus
276 1244 457 1330 imperialis
481 1245 671 1331 diplomatis
694 1254 809 1308 auctor
832 1243 900 1308 sit?
945 1242 1040 1308 Haec
1070 1252 1120 1307 est
1150 1267 1221 1309 sen-

101 1344 199 1406 tentia
223 1342 353 1406 Natalis
377 1341 571 1407 Alexandri.
619 1341 737 1406 Melias
760 1344 877 1428 itaque,
905 1341 1023 1427 inquit,
1047 1363 1113 1404 meo
1129 1341 1220 1432 judi-

100 1441 152 1518 cio,
181 1442 218 1504 in
251 1441 434 1526 quaestione
469 1464 548 1527 qaae
578 1451 646 1504 toto
667 1442 783 1504 aititur
805 1440 1003 1530 conjectoris,
1037 1463 1221 1520 asseremus,

99 1537 231 1602 edictum
254 1537 338 1602 illud
360 1539 544 1602 donationis
563 1535 849 1602 Constantiniauae
872 1539 1070 1623 suppositam
1094 1559 1159 1602 ease
1182 1537 1223 1602 ab

100 1635 222 1699 Isidoro
246 1637 425 1700 Mercatore
454 1661 522 1700 cum
546 1637 622 1701 aliis
654 1636 798 1722 epistolia
823 1635 1153 1723 pecudi-epiprapieie
1174 1659 1221 1700 oe-

100 1743 194 1796 terum
220 1735 414 1818 Pontificum.
466 1731 617 1798 Conuenit
646 1735 728 1798 enim
751 1734 871 1798 Isidori
900 1732 1093 1798 celeberrimi
1124 1735 1222 1821 impo-
1299 1801 1303 1811 Δ

99 1832 191 1895 storia
226 1833 360 1918 iupeuio.
413 1829 564 1896 Cooucoit
593 1833 715 1894 rationi
740 1832 898 1917 temporis,
933 1855 991 1916 pou
1010 1833 1152 1918 primum
1173 1855 1223 1896 oe-

99 1930 249 1992 numdari
271 1940 440 2016 coeperunt
452 1929 571 1994 Isidori
593 1953 717 2007 meroes,
746 1927 861 1993 Carolo
886 1951 926 1992 oc.
941 1929 986 1992 M.
1003 1931 1189 2015 imperante.
1197 1929 1236 2016 ¹)¹
1327 1985 1334 2006 .

100 2024 229 2089 Laudat
252 2026 407 2111 siquidem
429 2025 513 2090 illud
537 2027 671 2090 edictam
690 2025 792 2112 poulo
810 2037 888 2113 poet
904 2027 1107 2092 Hiucmurus.
1143 2024 1221 2092 Cou-

97 2127 179 2187 oeait
204 2123 339 2210 deniqne
363 2123 443 2212 stylo
477 2135 507 2188 et
534 2126 710 2192 characteri
740 2123 899 2188 scribendi
922 2124 1021 2209 plone
1051 2121 1222 2209 squallido,

96 2245 153 2306 quo
177 2221 326 2285 Isidorus
358 2245 433 2286 roos
464 2221 559 2310 eati)
605 2222 763 2286 Attamen
795 2221 874 2285 huic
913 2222 1062 2305 opinioni
1100 2221 1222 2286 eruditi

99 2320 200 2383 nostri
231 2321 390 2405 temporis
421 2319 513 2383 haud
536 2321 770 2384 assentiuntur.
819 2318 953 2382 Etenim
976 2340 1094 2384 revera
1117 2318 1223 2404 stylus

97 2440 133 2480 ac
156 2419 245 2482 ratio
269 2417 404 2482 dicendi
428 2417 783 2504 pseudo-decretalium
800 2417 910 2481 differt
926 2417 968 2481 ab
984 2417 1094 2482 indole
1118 2416 1223 2504 diplo-

98 2517 194 2579 matis
220 2511 438 2580 Constantini.
486 2514 671 2580 Graecismi
703 2517 736 2579 in
763 2515 825 2579 hoc
850 2515 1047 2580 documento
1071 2516 1222 2602 frequen-

98 2625 157 2694 tes,
197 2615 233 2677 in
263 2611 644 2699 pseudo-decretalibus
674 2612 765 2677 haud
796 2623 983 2678 occurrunt.
1031 2613 1223 2678 Decretales

98 2733 193 2794 porro
220 2733 342 2797 magna
367 2734 443 2776 cum
468 2721 537 2775 arte
562 2713 774 2798 compositae,
799 2732 839 2775 ac
854 2710 957 2775 veluti
971 2721 1129 2775 consutae
1145 2723 1224 2775 sunt

96 2829 137 2870 ex
161 2809 300 2872 Patrnm
325 2821 357 2874 et
381 2809 606 2874 Consiliorum
629 2811 855 2895 antiquiorum
880 2808 1031 2895 plurimis
1054 2808 1221 2893 textibus3

98 2903 193 2970 aliter
217 2928 294 2970 vero
318 2930 371 2972 res
395 2929 465 2972 sese
490 2907 591 2972 habet
614 2908 648 2971 in
675 2905 884 2971 Constantini
909 2907 1028 2988 edictu,
1054 2907 1142 2992 quod
1166 2930 1221 2994 po·

97 3003 161 3066 tius
176 3003 355 3068 confictum
372 3017 511 3092 apparet
524 3006 708 3069 imitatione
725 3005 869 3092 quadam
885 3004 1112 3084 formularum,
1137 3028 1223 3092 quae

97 3103 192 3164 vario
230 3113 378 3188 tempore
415 3105 451 3167 in
488 3103 626 3168 edendis
665 3092 902 3188 diplomatibus
926 3103 1166 3188 Imperatorum
1191 3114 1225 3170 et

98 3195 299 3263 Pontificum
322 3200 358 3264 in
381 3223 444 3264 usu
468 3211 570 3267 erant.
619 3203 765 3264 Demum
796 3199 881 3264 alius
905 3209 954 3263 est
976 3200 1052 3265 finis
1076 3203 1223 3267 intentus

98 3294 130 3357 in
163 3295 531 3381 pseudo-decretalium
564 3300 802 3384 compositione
825 3309 858 3362 et
881 3296 1106 3381 evulgatione,
1138 3299 1223 3365 alius

99 3414 178 3456 vcro
203 3393 267 3468 ille,
299 3397 359 3481 qni
382 3397 417 3460 in
442 3395 652 3460 Constantini
677 3396 849 3461 deuotione
872 3396 1051 3481 praevalet,
1082 3399 1142 3462 etsi
1166 3397 1222 3462 hic

98 3512 218 3576 scopus
240 3494 368 3557 auctori
393 3493 526 3558 cuidam
550 3492 681 3559 Galliae
705 3496 856 3580 apprime
880 3496 1068 3560 conveniat.

188 3607 240 3672 44.
287 3605 433 3694 Scopum
457 3609 614 3673 videlicet
644 3611 679 3674 in
703 3609 909 3674 conficiendo
935 3608 1143 3674 Constantini
1174 3607 1398 3672 difleram-

100 3702 241 3788 plomate
265 3706 429 3792 imprimis
453 3729 528 3770 eum
553 3707 655 3771 fuisse
679 3708 918 3789 existimamus,
943 3717 979 3770 ut
1002 3708 1164 3771 institutio
1189 3715 1222 3771 et
1239 3681 1381 3784 mm*

99 3799 245 3884 dignitas
279 3803 415 3890 Imperii
439 3805 580 3868 Romani
614 3805 840 3884 occidentalis,
877 3814 992 3869 contra
1015 3801 1221 3869 Graecorum

101 3901 251 3964 convicia
296 3914 328 3965 et
371 3903 600 3967 accusationes
639 3901 874 3967 vindicaretur.
925 3901 1082 3967 Vidimus
1121 3903 1220 3985 enim,

100 4107 304 4248 mtxgpnlpl
316 4113 422 4168 tardius
439 4113 538 4168 isidori
557 4114 749 4170 collectionem
776 4113 913 4183 prolatam
940 4129 998 4170 ease
1025 4113 1143 4169 vidimus
1162 4114 1223 4170 Dis·

178 4268 198 4338 ²)
215 4271 246 4326 In
263 4289 333 4329 caea
352 4273 401 4330 IV.
420 4273 535 4330 Diasert
554 4275 640 4333 XXV.
659 4277 721 4332 Art.
740 4275 792 4330 111.

1080 4365 1115 4418 3*
