2902 4848
300 393 354 448 328
580 393 706 447 XXXIV.
726 393 767 446 De
786 392 905 448 Concilio
924 391 1137 448 Constanticusi.

301 538 414 602 omnia
438 535 582 618 wiclefi,
614 536 817 622 ubicumque
843 536 877 599 in
901 557 1002 620 regno
1026 557 1086 600 suo
1110 536 1256 600 inveniri
1281 545 1412 620 possent.

301 636 345 700 ad
370 635 545 702 consilium
568 657 664 698 suunt
691 634 812 698 deferri
832 633 934 719 jussit
957 633 1101 698 flammis
1123 633 1295 716 tradenda,
1318 656 1411 719 caque
1441 633 1442 640 '

301 757 321 798 a
345 734 463 820 quovis
488 755 622 798 suorum
646 733 854 798 subditorum
880 731 1034 810 describi,
1059 731 1161 798 vendi
1183 743 1242 796 aut
1265 734 1327 796 erni
1348 753 1409 818 pro·

301 831 413 896 hibuit
434 831 496 896 sub
523 851 629 917 poena
653 831 804 895 carceris.
837 829 1004 894 Henricus
1020 829 1069 893 IV
1093 831 1233 916 ejusque
1256 851 1413 896 successor
1441 845 1442 858 *

301 929 512 994 HauricusV
537 939 651 994 contra
665 927 800 992 Wiolefi
825 930 982 992 sectarios
1004 927 1094 1013 leges
1117 931 1217 994 etiam
1243 931 1413 992 severiores
1441 979 1442 1026 ,

301 1037 493 1092 sanxerunt.
532 1027 620 1091 Hinc
639 1027 710 1112 jam
736 1037 852 1089 contra
876 1024 949 1090 illos
972 1024 1138 1112 supplicia
1161 1025 1314 1092 adhibita
1328 1039 1413 1093 sunt:
1441 1041 1442 1094 l

301 1147 372 1212 quo
396 1124 523 1188 facturn
553 1134 611 1205 est,
648 1132 684 1188 ut
716 1133 805 1188 secta
841 1123 1000 1207 paulatim
1026 1126 1058 1187 in
1084 1123 1208 1208 Anglia
1231 1126 1413 1209 exspiraret.

302 1222 414 1303 Quum
461 1244 538 1286 vero
569 1244 634 1287 non
672 1223 771 1307 pauci
810 1223 941 1286 sectarii
980 1222 1024 1287 ad
1064 1221 1224 1286 evitanda
1261 1221 1442 1308 supplicia}

303 1319 459 1404 Angliam
485 1319 673 1384 desererent
696 1330 728 1383 et
751 1321 896 1384 auctoris
925 1322 976 1384 sui
1001 1322 1124 1404 scripta
1153 1341 1267 1384 secum
1292 1321 1415 1386 ferrent.

303 1417 349 1482 illi
374 1420 409 1483 in
433 1417 506 1482 aliis
529 1420 625 1482 terris
649 1417 810 1481 haeresim
838 1428 1073 1502 propagarunt,
1102 1440 1142 1481 ao
1167 1419 1367 1482 nominatim
1388 1420 1413 1480 in

302 1515 479 1598 Bohemia,
522 1516 581 1580 uhi
616 1515 765 1580 Joannes
800 1514 944 1579 Hussius
981 1537 1060 1580 mox
1094 1515 1218 1580 similes
1257 1515 1416 1580 doctrinas

303 1616 433 1700 sparsit.

171 1701 268 1782 admit.
316 1771 318 1774 .
391 1712 446 1776 45.
479 1712 627 1776 Joannes
644 1709 717 1774 Hus
741 1719 839 1773 natus
864 1720 913 1774 est
936 1732 966 1776 a.
986 1711 1071 1775 1373
1095 1711 1130 1776 in
1143 1731 1230 1796 pago
1246 1711 1415 1776 Bohemiae

304 1810 471 1884 Husinec;
512 1809 554 1873 ab
594 1830 681 1874 anno
718 1808 802 1872 1398
848 1808 882 1871 in
915 1807 1142 1874 Universitate
1166 1809 1327 1893 Pragensi
1364 1809 1416 1872 fuit

304 1907 489 1992 theologiae
520 1908 692 1992 professor,
734 1916 766 1969 et
803 1904 846 1969 ab
870 1927 957 1970 anno
986 1907 1071 1972 1402
1096 1909 1127 1971 in
1153 1906 1279 1972 celebri
1303 1908 1416 1990 Pragae

305 2005 435 2086 sacella,
472 2005 560 2069 dicto
583 2003 790 2084 Bethlehem,
824 2005 1054 2087 concionator3
1093 2025 1181 2070 anuo
1209 2005 1296 2070 1403
1331 2007 1416 2068 etiam

304 2103 347 2168 ab
372 2103 622 2188 archiepiscopo
637 2102 798 2187 Pragensi
817 2099 984 2166 Sbincone
1009 2103 1118 2168 factus
1142 2114 1191 2167 est
1215 2106 1418 2170 concionator

305 2199 483 2284 synodalis,
517 2213 550 2265 et
580 2224 601 2265 a
624 2201 739 2284 regina
763 2197 898 2284 Sophia,
923 2201 1070 2265 secunda
1095 2201 1288 2266 Weuccslai
1319 2223 1418 2266 uxore.

305 2299 430 2362 clectus
454 2301 487 2362 iu
505 2299 753 2364 confessarium.
790 2297 851 2360 Vir
874 2297 938 2362 fuit
960 2300 1104 2382 ingenio,
1130 2301 1177 2363 uti
1193 2299 1340 2378 videtur,
1364 2321 1420 2362 non

305 2418 514 2482 summopere
538 2405 720 2482 praestans,
744 2395 802 2460 sed
826 2394 1015 2480 eloquentia
1039 2396 1128 2462 haud
1153 2396 1318 2462 mediocri
1342 2419 1419 2484 prae

306 2494 409 2574 ditus,
449 2515 611 2558 novarum
648 2494 842 2578 opinionum
879 2494 1035 2579 cupidus,
1075 2497 1110 2559 iu
1146 2497 1236 2558 vitae
1271 2493 1422 2561 honestae

305 2592 446 2656 formam
490 2593 700 2678 compositus.
762 2592 792 2656 Α
830 2613 894 2678 quo
937 2603 1084 2678 tempore
1127 2594 1251 2678 scripta
1290 2595 1422 2660 Joannis

306 2689 438 2754 Wicloli
462 2691 496 2753 in
520 2690 716 2754 Bohemiam
740 2687 840 2754 allata
864 2700 950 2772 sunt,
981 2691 1129 2755 Joaunee
1153 2691 1228 2756 Hus
1260 2713 1303 2758 ea
1332 2692 1422 2758 aride

306 2798 339 2852 et
353 2787 500 2852 studiose
518 2787 607 2873 legit,
632 2809 674 2851 ex
691 2797 784 2873 parte
801 2789 900 2852 etiam
925 2789 1042 2854 cadem
1059 2790 1093 2854 in
1110 2789 1258 2874 linguam
1276 2791 1421 2856 Bohemi-

307 2905 379 2950 cam
412 2887 525 2967 vertit,
563 2895 754 2951 contentam
789 2906 867 2948 vero
899 2887 933 2950 in
965 2885 1029 2950 illie
1062 2886 1248 2952 doctrinam
1287 2891 1424 2973 suscepit

306 2982 445 3068 aliisque
470 2985 741 3048 communicavit.
778 2984 925 3048 Maxime
949 2996 1059 3048 autem
1085 2986 1164 3050 inde
1180 2985 1222 3050 ab
1239 3007 1328 3052 anuo
1347 2986 1422 3052 ltu:

306 3081 466 3147 audacter
496 3103 620 3146 errores
653 3103 807 3167 spargere
836 3083 954 3168 coepit.
1001 3082 1118 3146 Pravis
1151 3084 1223 3168 ejus
1255 3086 1423 3150 conatibus

306 3181 427 3244 restitit
458 3179 667 3244 Universitas
698 3179 889 3264 Pragensis,
922 3201 1008 3266 quae
1034 3202 1064 3245 a.
1092 3183 1178 3247 1408
1208 3183 1423 3268 quadraginta

308 3289 340 3340 et
372 3279 518 3364 quinque
550 3279 792 3364 propositiones
824 3299 882 3342 seu
914 3277 1070 3344 articulos
1095 3302 1112 3342 e
1136 3282 1269 3366 scriptis
1296 3281 1425 3345 Wioleti

307 3375 554 3443 condemnavit.

397 3473 452 3537 46.
489 3473 697 3538 Universitas
719 3474 897 3557 Pragensis
920 3497 958 3538 eo
981 3485 1130 3560 tempore
1154 3481 1343 3563 composita
1365 3495 1424 3542 erar

308 3593 327 3635 e
359 3582 500 3656 quatuor
527 3571 719 3635 nationibus
765 3571 961 3656 Bohemica,
993 3571 1177 3654 Santonica,
1210 3575 1379 3642 Bavarica
1400 3595 1424 3638 e:

307 3667 483 3750 Polonica3
539 3669 797 3734 Teutonicorum
851 3672 986 3734 nomine
1036 3683 1103 3736 tres
1149 3672 1288 3739 ultimae
1336 3679 1424 3738 etiarn

309 3765 580 3852 designabantur.
628 3768 701 3832 Hae
735 3769 886 3832 nationes
919 3790 1023 3855 aequo
1043 3770 1119 3854 jure
1144 3769 1339 3854 honoribus,
1373 3775 1424 3856 pri·

309 3863 441 3947 vilegiis
466 3876 498 3928 et
521 3864 753 3930 emolumentis
776 3866 983 3932 fruebantur.
1022 3867 1171 3932 Joannes
1188 3869 1262 3934 Hus
1284 3893 1426 3935 cernens.

308 3962 483 4044 magistros
513 3963 714 4028 Teutonicos
752 3965 865 4049 pravis
896 3967 964 4028 suis
994 3965 1169 4030 conatibus
1201 3971 1380 4052 oppositos.
1411 3991 1425 4028 s

309 4059 513 4124 Wenocslao
538 4062 741 4146 impetravit,
767 4063 862 4125 utin
888 4061 1113 4128 Universitate
1137 4067 1228 4128 natio
1253 4065 1425 4130 Bohemirs

309 4159 450 4221 caeteris
474 4158 580 4223 trihus
604 4159 834 4224 anteferretur.
873 4159 986 4241 Quum
1004 4161 1160 4226 videlicet
1183 4183 1332 4249 eousque
1347 4164 1426 4228 natio
