2836 4848
320 467 360 522 De
378 467 515 523 Decrcteli
538 471 590 523 Per
610 471 798 524 rencrcbr'lem.
1069 470 1122 524 369
1150 451 1156 468 ι

29 608 141 672 similem
165 631 234 672 esse
258 613 390 695 nogotio
420 612 568 700 Philippi
592 616 688 698 regis.
742 615 808 680 Sed
833 614 1048 678 Innocentius
1071 613 1124 678 III

29 729 84 768 rsus
105 717 150 769 est
175 707 237 770 hac
261 711 444 792 occasione,
470 721 506 775 ut
529 712 701 793 indicaret,
725 715 883 798 praecisis
898 711 972 776 aliis
991 713 1124 776 rationi-

28 803 79 871 lus.
100 827 179 889 quus
203 807 298 870 initio
314 807 526 891 allegaverat,
551 808 704 873 ultimum
722 820 755 873 et
771 809 913 874 solidum
928 809 1124 873 fundamen·

27 921 76 964 nn
99 905 301 967 auctoritatis
324 906 524 989 pontificiae,
550 929 615 993 qua
636 907 872 990 legitimaverit
893 906 1015 971 liberos
1039 909 1125 989 regis

27 999 110 1082 queml
135 1000 340 1086 temporalia,
375 1025 445 1067 esse
469 1005 503 1067 in
529 1025 568 1067 ea
586 1005 830 1090 jurisdictionis
855 1014 1026 1090 potestate,
1046 1025 1125 1090 qnae

25 1101 96 1159 ortis
117 1121 155 1160 ee
171 1101 278 1160 causis
294 1102 466 1164 casualiter
489 1103 586 1165 etiem
600 1105 635 1166 in
653 1104 843 1188 temporalia
859 1101 994 1166 aliorum
1017 1123 1125 1186 repac-

25 1221 74 1256 nnn
95 1199 236 1258 conuenit
260 1198 405 1262 Romano
429 1193 582 1284 Pontifici.
1264 1278 1268 1286 ,

94 1295 143 1358 66.
169 1293 284 1372 Quum
298 1306 408 1359 nostra
430 1302 574 1360 maxime
599 1299 738 1379 intersit,
764 1299 918 1362 historice
942 1280 1295 1380 οεῐθῐιάθτο,ζ,ζζζζζιζ,ιζ

24 1414 163 1476 quaenam
191 1393 317 1456 suerint
339 1395 504 1480 principia
530 1395 715 1460 Innocentii
740 1396 801 1476 III,
826 1395 1029 1474 advertatur,
1055 1416 1125 1479 per·
1185 1403 1249 1441 ritur.

25 1493 153 1573 spicuum
179 1512 263 1570 esse,
296 1493 331 1553 1⁰
355 1490 584 1556 Innocentium
617 1493 672 1556 hic
695 1493 785 1579 loqui
811 1493 852 1557 de
875 1494 1070 1557 auctoritate
1094 1502 1127 1554 et

20 1589 231 1672 jurisdictione
265 1611 350 1674 quae
374 1612 408 1653 sc
431 1591 583 1656 extendit
606 1594 640 1656 in
666 1590 863 1678 temporalia.
920 1591 972 1654 Ex
998 1610 1127 1673 compa·

24 1689 127 1748 ratione
151 1685 187 1750 id
212 1696 313 1770 patet,
338 1709 436 1772 quam
461 1690 613 1753 instituit.
644 1691 720 1752 Non
735 1689 844 1768 solum,
870 1689 986 1773 inquit,
1011 1690 1046 1750 in
1070 1688 1127 1748 Ec-

24 1783 115 1848 rlen'oc
132 1786 335 1873 patrimonio
368 1809 461 1871 strper
484 1810 543 1872 quo
561 1785 694 1872 plenam
717 1789 753 1850 in
783 1785 1008 1872 temporalibus
1039 1785 1127 1847 labe·

24 1893 290 1968 prepotestatem,
313 1903 419 1946 verum
442 1886 537 1948 etium
560 1887 595 1947 in
616 1883 692 1948 aliis
707 1885 897 1971 ropionibus,
923 1933 930 1948 .
956 1933 962 1947 .
991 1939 996 1949 .
1025 1938 1030 1949 .
1057 1893 1127 1946 lem·

20 1981 142 2066 prolem
159 1979 525 2070 jurisdictionem
550 2004 736 2047 exercemus.
784 1983 822 2046 2⁰
857 1983 953 2046 Hanc
978 2002 1056 2044 vero
1075 1981 1089 2065 j
1118 2017 1127 2027 ·

22 2078 230 2142 rlsdictionem
265 2078 310 2140 ita
340 2080 518 2162 restringit,
550 2090 586 2142 ut
615 2081 714 2160 dicat,
747 2103 820 2144 eom
845 2083 937 2143 certis
961 2103 1001 2143 ecc
1024 2081 1129 2142 cauria

21 2189 45 2236 et
64 2176 233 2238 cuntuliter
256 2177 413 2241 exerceri.
461 2176 626 2240 Videlicet
650 2177 825 2241 casualiter
846 2177 1020 2261 significat,
1045 2175 1128 2239 Pon·

4 2273 125 2336 ¹tificem
158 2271 250 2336 hanc
278 2273 547 2358 jurisdictionem
577 2297 642 2337 non
676 2277 839 2339 ordinarie
874 2285 906 2338 ct
939 2275 1129 2360 repuleriter

22 2391 168 2451 exercere,
194 2369 254 2434 sed
278 2391 338 2455 pcr
360 2373 589 2457 exceptionem
614 2373 803 2458 quamdam,
829 2374 926 2437 certis
950 2373 1058 2436 causis
1082 2372 1128 2434 in·

23 2471 134 2550 apertis,
158 2468 219 2532 ubi
246 2468 280 2531 id
305 2470 462 2532 convenit
485 2490 528 2532 ex
552 2471 747 2534 necessitate
773 2469 825 2534 vel
849 2469 935 2534 bono
959 2469 1129 2556 religionis

22 2565 112 2630 aliave
135 2589 241 2630 causa
263 2567 368 2650 gravi.
416 2566 468 2630 Ita
490 2566 626 2631 Butrius
657 2569 691 2630 in
717 2569 953 2632 commentario
982 2569 1017 2631 in
1042 2567 1130 2631 hanc
1169 2558 1175 2568 ’

23 2661 233 2728 Ilei-retalcm:
272 2664 347 2726 Non
376 2663 468 2728 lubet
500 2665 592 2750 Papa
618 2676 808 2751 potestatem
838 2665 1043 2752 repuleriter,
1074 2664 1130 2728 sed

23 2761 102 2824 alum
132 2764 231 2826 certia
262 2764 367 2824 causis
396 2763 561 2848 inspectis,
593 2774 628 2826 ut
656 2765 692 2826 in
722 2786 797 2826 caan
829 2775 937 2827 nostro
968 2764 1130 2826 enercebut

19 2871 133 2944 propter
150 2857 324 2947 probabile
348 2858 476 2924 dubium
499 2883 591 2924 caeos
613 2863 738 2945 πρὶν)
788 2861 866 2928 Jam
890 2885 914 2926 s.
939 2862 1129 2925 Bernardus

22 2957 103 3022 simili
125 2961 259 3023 ratione
282 2957 436 3043 loquitur,
461 2959 541 3023 dum
565 2960 599 3023 in
624 2958 718 3024 libris
742 2961 781 3023 de
799 2959 1057 3025 Considerntione
1081 2962 1129 3024 ni·

22 3059 103 3119 niam
120 3056 376 3142 occupationem
394 3056 564 3120 Pontificio
584 3057 624 3120 de
641 3057 740 3121 rebus
757 3057 993 3144 temporalibus
1009 3061 1128 3143 arguit,

21 3153 65 3216 sed
80 3154 282 3240 quibusdam
296 3155 329 3217 in
343 3153 475 3218 casibus
491 3176 564 3218 eam
578 3155 798 3221 commendat.
837 3157 990 3242 Denique,
1003 3155 1127 3238 scribit,

21 3251 63 3310 uli
81 3254 254 3316 necessitas
277 3252 384 3336 eripit,
415 3251 495 3314 audi
518 3251 594 3336 qnid
617 3263 751 3330 censeat,
781 3275 845 3317 non
870 3238 933 3339 epo,
967 3255 1021 3317 sed
1044 3253 1126 3340 Apo·

20 3345 118 3412 stelias:
157 3347 219 3432 „Sl
243 3349 381 3411 enimin
404 3347 491 3412 volis
513 3349 716 3437 judicabitur
748 3351 796 3414 tic
827 3352 971 3429 mundae,
1003 3352 1130 3436 indipne'

20 3447 81 3506 cetis
101 3449 155 3530 qni
177 3447 219 3508 de
243 3447 381 3510 minimis
402 3447 596 3536 judicetiel“
631 3447 665 3532 (1
696 3443 765 3511 Cor.
791 3451 821 3513 6.
846 3449 892 3535 2).
946 3447 1010 3512 Sed
1037 3449 1128 3512 aliud

20 3553 55 3601 ert
75 3543 251 3607 incidenter
274 3565 436 3606 eaecnmere
459 3545 493 3607 t'n
517 3546 590 3622 ista,
615 3568 712 3608 cansa
728 3545 853 3630 quidem
875 3560 1013 3634 arpenta,
1038 3548 1130 3612 aliud

22 3639 90 3702 ultra
112 3641 290 3705 iacrrmbere
313 3644 385 3705 istie
408 3652 558 3729 tanquam
591 3646 715 3729 mopnie
738 3644 902 3731 dipnisque
933 3646 993 3710 tali
1022 3656 1052 3709 et
1081 3658 1127 3710 ta-

21 3733 82 3798 lium
96 3740 270 3802 intentione
286 3739 420 3826 renue)
444 3777 487 3788 —-
512 3740 610 3804 Hanc
632 3752 828 3826 potestatem
852 3744 890 3807 3⁰
914 3745 1128 3808 innocentius

89 3867 218 3876 --η-φ-ω

81 3933 100 3998 Ι)
117 3935 183 3990 Ant.
203 3933 238 3987 de
256 3933 360 3998 Butrio,
385 3933 457 3988 Oom.
477 3933 506 3988 in
525 3949 547 3988 c.
567 3933 620 3989 Per
637 3950 697 3989 ren.
728 3967 760 3978 -
789 3937 887 3991 Glosse
910 3936 940 3990 in
958 3938 983 3992 h.
1004 3953 1026 3993 c.
1045 3938 1126 3992 dicit:

25 4009 63 4062 ,Εῑ
79 4012 140 4067 licet
158 4030 193 4068 ex
213 4013 296 4068 certis
314 4014 408 4078 causis,
434 4029 488 4067 non
506 4014 566 4068 ideo
586 4015 681 4084 tPape)
706 4023 748 4070 cat
771 4016 923 4071 ordinarius
950 4019 1037 4084 quoad
1062 4025 1128 4072 teun-

24 4091 114 4154 1crelia
132 4095 178 4148 sed
198 4093 347 4148 casualiter
364 4102 397 4148 ut
414 4093 482 4149 dicit
500 4094 620 4150 littera.“
1193 4163 1197 4170 ,

81 4171 99 4236 'i
118 4174 156 4228 De
175 4173 284 4230 Consid.
304 4175 335 4228 L.
355 4174 376 4227 1.
397 4191 417 4227 c.
438 4175 462 4228 6.
494 4174 567 4228 Haeo
586 4175 722 4230 afferimus
742 4177 829 4243 quoad
854 4180 963 4232 rrrodurn
983 4179 1113 4244 loquendi
1119 4187 1126 4225 ἐ

26 4247 106 4304 nonme
123 4255 280 4320 potestatis,
299 4253 331 4308 de
351 4269 404 4320 que
423 4255 537 4323 agimus,
557 4255 644 4323 magis
665 4251 772 4310 aliunde
792 4257 951 4324 explicanda
970 4265 1020 4312 est.

67 4349 401 4404 lnnnnnnn,1)isnertationen
419 4355 484 4394 Toni.
501 4355 527 4394 l'.
985 4349 1020 4402 24
1085 4345 1090 4356 ι
