2964 4838
250 463 353 530 Oetaeae
372 467 568 528 praeparantes
587 455 765 515 defectionem
785 457 1007 516 Protestautium.
1140 455 1193 513 481

68 603 364 700 Mirbaehnpaoo)
388 613 518 678 inducit
542 613 705 700 praelatos
730 635 765 678 se
790 623 987 678 excusantes
1012 613 1100 702 quod
1128 636 1194 679 non
1214 607 1356 710 ffissfflffm

68 709 309 774 concionentur
337 711 389 776 his
421 713 550 778 verbis:
585 711 723 798 „Nonne
758 711 830 798 jam
863 720 956 776 tauta
987 712 1195 777 abundantia
1229 734 1342 781 nagreae.

68 803 236 872 habentur
269 811 461 891 conciones,
500 822 538 874 ut
578 833 703 875 nausea
744 821 918 875 moveatur
953 809 1192 876 auditoribus.“

68 904 308 992 Norimbergae
329 931 361 974 a.
389 909 484 992 1526,
513 931 615 995 quum
640 911 743 974 nimia
767 919 851 973 esset
875 931 1062 974 sermonum
1088 910 1194 974 multi-

67 1001 165 1086 tudo,
191 1007 470 1088 constituebatur,
504 1019 540 1072 ut
564 1009 598 1072 in
623 1007 752 1073 duabus
777 1006 924 1072 ecclesiis
948 1006 1195 1093 parochialibus
1280 1009 1283 1014 ’

67 1100 111 1164 ad
137 1125 161 1167 s.
185 1103 403 1170 Laurentium
436 1118 468 1170 et
492 1129 517 1172 a.
542 1105 739 1186 Sebaldum,
772 1118 805 1170 et
828 1108 861 1170 in
891 1117 1032 1192 quatuor
1055 1105 1194 1190 Religio-

67 1221 180 1263 sorum
203 1205 412 1268 monasteriis
437 1203 554 1268 diebus
578 1205 766 1269 Dominicis
797 1214 830 1268 et
853 1205 943 1269 festis
975 1226 1072 1268 mane
1096 1201 1194 1268 habe·

65 1309 158 1364 retur
181 1323 297 1386 sermo,
328 1325 395 1368 non
420 1325 497 1366 vero
522 1325 541 1366 a
574 1302 722 1385 meridie,
758 1303 816 1368 sed
849 1312 885 1367 ut
916 1311 990 1388 post
1018 1301 1192 1367 meridiem

67 1399 184 1463 concio
209 1409 337 1464 tantum
362 1401 456 1465 fieret
479 1401 513 1465 in
538 1413 680 1487 quatuor
702 1399 776 1466 aliis
800 1398 959 1465 ecclesiis.
977 1439 1021 1448 -
1041 1399 1111 1465 Nec
1126 1400 1193 1464 ruri

66 1498 270 1582 praedicatio
303 1497 542 1583 negligebatur.
590 1499 644 1562 Ex
680 1501 813 1563 coaevis
849 1509 978 1563 tantum
1009 1497 1085 1563 illae
1116 1519 1192 1583 que-

65 1595 155 1659 relae
186 1595 383 1678 audiuntur,
419 1619 504 1684 quae
528 1599 627 1661 etiam
659 1596 733 1662 aliis
764 1597 968 1684 temporibus
1000 1619 1193 1662 communes

65 1703 154 1776 sunt,
180 1693 336 1759 videlicet
360 1697 458 1759 nimis
475 1695 680 1780 negligenter
702 1695 887 1781 praedicari
913 1703 946 1758 et
965 1697 1106 1759 nimium
1124 1718 1193 1769 esse

67 1813 164 1856 uaurn
190 1791 420 1857 collectionum
445 1814 632 1858 sermonum
658 1793 900 1876 confectarum,
934 1796 1022 1857 iuter
1049 1816 1131 1880 quas
1155 1817 1194 1858 ea

66 1891 163 1976 cujus
186 1887 309 1956 titulus
326 1901 395 1956 erat
421 1891 554 1975 „Dor-mi
577 1899 712 1958 secare“,
753 1891 920 1956 Plurimae
944 1892 1106 1977 ejusmodi
1131 1914 1194 1956 ser·

66 2011 204 2056 monum
223 1989 433 2055 collectiones
457 1989 603 2054 habuere
627 1990 684 2055 illa
707 2000 815 2055 aetate
839 1989 1011 2071 editiones,
1044 1988 1133 2054 unde
1154 2013 1193 2054 ea

65 2087 301 2173 Wimpfelingi
318 2087 451 2174 querela
469 2089 511 2152 ad
530 2087 720 2152 Geilerum:
748 2089 974 2176 „Bibliopolae
990 2089 1093 2153 nostri
1109 2087 1193 2154 nihil

65 2186 228 2270 elegantis
260 2185 402 2266 habent3
442 2186 511 2250 sola
542 2187 703 2250 verboram
727 2189 918 2273 composita,
958 2195 991 2250 et
1026 2209 1193 2252 sermones

64 2285 182 2348 Dor-mi
204 2291 319 2363 secure,
344 2283 465 2371 quibus
487 2285 673 2350 sacerdotes
694 2283 819 2349 rurales
842 2285 970 2367 fallunt,
996 2299 1192 2372 caeteraque

65 2381 103 2446 id
127 2387 261 2467 genua.u

158 2480 379 2545 Admitterem
411 2501 506 2562 vero,
548 2501 651 2566 quum
692 2484 739 2545 uti
773 2479 919 2544 vidimus
961 2479 1093 2546 sacculo
1125 2479 1191 2546 XV

64 2578 239 2643 tendentia
272 2578 436 2665 quaedam
469 2577 547 2643 Sodi
582 2577 793 2664 Apostolicae
834 2579 970 2666 ejusque
1003 2578 1190 2648 auctoritati

64 2679 219 2760 opposita
243 2679 342 2742 etiarn
367 2679 402 2741 in
424 2676 509 2741 clero
535 2689 717 2763 propagata
733 2688 827 2760 esset,
854 2679 963 2742 miuus
988 2678 1074 2743 clare
1091 2681 1191 2743 etiam

65 2773 273 2840 multitudini
298 2778 482 2862 expositam
505 2775 607 2840 fuisse
627 2776 811 2840 doctrinam
830 2773 870 2840 de
888 2779 1031 2861 primatu
1055 2779 1191 2864 ejusque

65 2873 265 2936 necessitate
289 2883 322 2937 et
337 2877 542 2956 auctoritate,
568 2895 607 2938 ac
624 2875 671 2939 sic
695 2874 825 2939 facilius
842 2886 954 2960 postea
971 2874 1189 2940 defectionem

64 2969 209 3034 obtineri
232 2975 389 3057 potuisse.
414 3011 457 3020 -
487 2971 622 3038 Abusus
646 2971 869 3038 intolerabiles
894 2975 927 3037 in
952 2973 1111 3039 doctrinis
1135 2975 1189 3038 ad-

65 3069 170 3133 fuisse
193 3069 291 3155 planc
316 3072 505 3158 negandum
530 3083 594 3152 est3
628 3093 799 3159 quousque
822 3071 934 3159 aliqua
959 3095 1087 3138 morum
1111 3071 1188 3137 rela-

64 3169 158 3232 xatio
183 3167 371 3251 invaluerit,
392 3171 462 3258 jam
488 3171 712 3257 exposuimus.

120 4357 263 4408 duantum,
279 4358 465 4398 Dissertationea.
481 4359 545 4398 'rom
564 4359 600 4396 vt.
