2836 4848
216 455 303 508 Lacte
322 454 451 508 Friderici
470 452 499 506 II
518 469 576 506 cum
595 452 653 506 RR.
673 451 858 506 Pontificibus.
1046 455 1099 507 421

24 599 74 662 side
95 598 215 662 demum
239 600 273 682 ia
299 595 428 662 Siculos
452 593 621 661 Romanae
646 594 787 660 vasallos
811 595 969 660 ecclcsiae
994 606 1101 682 postte,

20 697 150 762 litasset.

82 797 129 859 38.
151 794 286 880 Propter
309 793 392 856 haec
416 795 516 877 igitur
538 793 717 878 praecipue
738 793 879 855 crimina
902 793 1262 898 senientiafflflssptlff‘fi

19 894 138 956 Pontifex
161 894 194 956 in
217 891 423 956 Fridericum
447 890 523 955 tulit
546 890 598 954 his
622 889 748 953 verbis:
784 890 855 952 Nos
878 891 984 975 itaque
1008 913 1102 976 super
1130 871 1147 898 ῃ
1166 871 1212 899 ⁰¹⁰
1264 885 1269 899 '

15 992 165 1074 praemissis
187 1003 216 1054 et
238 990 450 1076 compluribus
474 989 551 1052 aliis
573 993 639 1076 ejus
653 987 806 1072 nefandis
826 989 1011 1068 concessibus,
1035 1013 1103 1052 cum

11 1088 141 1172 fratribus
162 1090 277 1153 nostris
308 1099 338 1150 et
364 1111 455 1151 sacro
483 1087 622 1152 Concilio
655 1084 881 1150 deliberatione
908 1085 1103 1171 praehabita

16 1185 138 1270 iiliqcnti‚
163 1209 228 1250 cnm
250 1187 329 1250 Jcns
358 1183 480 1264 Cbristi
502 1186 592 1263 sices,
618 1185 690 1247 licet
705 1185 861 1266 immeriti,
888 1196 1043 1248 torneamus
1066 1186 1102 1247 in

16 1287 91 1364 terni,
119 1285 263 1370 nobisque
295 1285 330 1346 in
355 1283 439 1346 beati
461 1284 550 1346 Petri
572 1281 721 1368 Apostoli
737 1304 879 1367 persona
903 1284 944 1345 sit
968 1283 1101 1346 dictum:

15 1381 224 1469 ¹„slrsodcnmque
248 1382 397 1466 lique-sris
422 1403 516 1466 saper
540 1391 655 1444 terram
679 1387 768 1460 stc.,“
792 1393 993 1445 nmmorntum
1010 1381 1101 1466 prin-

13 1481 94 1564 cipat.
116 1483 221 1566 quise
244 1481 377 1565 imperio
402 1490 431 1542 et
452 1481 558 1564 ieqnis
581 1479 722 1564 omnique
749 1480 863 1541 leonore
889 1504 926 1542 ac
948 1478 1101 1563 diqnitate

14 1578 124 1642 sublidit
147 1591 209 1642 tam
229 1577 403 1664 indiqnaru,
428 1578 538 1662 quiquo
548 1588 683 1662 propter
697 1598 772 1639 suas
788 1578 971 1661 iniquitates
987 1600 1009 1639 a
1022 1576 1101 1657 Dec,

13 1701 38 1736 n·
56 1689 149 1762 reqnet
170 1677 219 1741 vel
241 1679 383 1761 imperet,
417 1685 462 1738 est
485 1675 634 1762 abjectus,
664 1677 729 1738 suis
757 1673 889 1758 liqatum
907 1675 1049 1760 peccatis
1073 1684 1103 1735 et

13 1773 144 1861 abjectum,
175 1779 316 1860 omnique
346 1775 461 1837 bortore
494 1784 523 1836 et
552 1773 709 1858 diqnitats·
737 1775 898 1858 privatum
921 1797 941 1835 a
965 1773 1102 1835 Domino
1153 1811 1156 1817 -

12 1874 180 1952 ,tetendimus
211 1875 435 1937 denuntiamus
463 1897 500 1934 ac
527 1871 732 1936 nibilominus
755 1871 974 1935 sententiando
992 1871 1102 1956 priua

12 1991 74 2046 nus;
94 1993 195 2035 omnes
218 1973 273 2057 qui
296 1973 326 2034 ei
342 1976 524 2060 juramento
545 1968 719 2052 fidelitatis
744 1980 887 2034 tenentur
911 1969 1059 2032 adstricti
1083 1993 1103 2032 α

7 2069 155 2150 promente
179 2070 359 2159 hujusmodi
375 2079 532 2154 perpet-no
561 2067 776 2146 absolventes;
807 2071 996 2132 auctoritate
1018 2067 1103 2154 Apo·

10 2162 92 2226 italien
109 2167 245 2248 firmiter
273 2167 453 2244 inbibsndo,
484 2190 523 2230 ne
547 2168 711 2251 qnisquam
735 2167 917 2231 decaetero
941 2167 1004 2232 sibi
1036 2177 1102 2230 tan-

7 2283 76 2344 quan
99 2266 291 2350 Imperatori
312 2265 362 2328 cel
384 2265 451 2350 reqi
467 2275 588 2350 pareat
611 2262 661 2326 vel
675 2265 831 2342 intendat,
857 2275 887 2328 et
910 2263 1102 2328 decernendo

7 2347 141 2442 qnalibet,
177 2365 232 2449 qni
263 2364 410 2449 deinceps
445 2365 476 2426 ei
508 2362 592 2426 veltet
623 2364 816 2447 Imperatori
850 2375 906 2426 esst
935 2365 1002 2447 reqi
1034 2385 1103 2426 con-

7 2457 87 2520 filium
117 2461 166 2523 ocl
201 2462 359 2524 ancilium
389 2462 612 2547 praestiterint
644 2483 698 2524 seu
724 2460 885 2545 fauorem,
913 2465 984 2548 ipso
1007 2461 1102 2547 facto

7 2561 311 2623 acrsntnunicationis
343 2559 468 2622 uinculo
502 2558 672 2648 subjacere.
726 2557 787 2622 Illi
819 2570 923 2622 autem
954 2561 998 2624 od
1028 2581 1104 2644 quos

8 2652 142 2720 neodem
167 2659 305 2743 Imperio
329 2658 536 2742 Imperatoris
568 2669 689 2742 spectat
712 2657 830 2740 electio,
865 2658 985 2743 elipant
1007 2656 1103 2720 libere

7 2771 194 2819 assessorem.
240 2757 290 2818 De
308 2755 464 2841 praefato
487 2777 559 2818 cero
585 2754 716 2818 Siciliae
740 2777 833 2841 reqno
853 2757 1024 2841 prouidere
1055 2779 1103 2817 cn·

7 2849 128 2935 sabinens,
153 2855 236 2918 sicud
260 2855 430 2918 uiderimus
454 2854 616 2938 expedire.

73 2951 122 3015 39.
156 2951 232 3015 Hac
263 2951 305 3015 de
334 2953 496 3015 sententia
521 2952 620 3037 juxte
649 2953 897 3037 principissae
929 2951 1105 3015 Gallicane

7 3045 96 3109 scribit
117 3048 246 3112 Natalis
269 3049 478 3114 Alexander:
510 3050 708 3113 Fridericum
731 3051 956 3135 Imperatorem
980 3061 1024 3113 tot
1047 3051 1104 3113 cri-

7 3143 98 3207 ninnm
108 3169 197 3210 ream
211 3146 392 3232 (Pontifex)
404 3151 491 3236 juste
504 3150 790 3225 eucommunicacit,
800 3152 888 3237 juste
904 3158 933 3211 et
943 3169 1038 3231 reqno
1056 3146 1105 3211 Si-

7 3239 77 3300 tilt'oe
84 3243 327 3329 priuauit,quod
336 3244 613 3333 beneficiariojure
625 3245 664 3308 ab
675 3245 805 3308 ecclesia
815 3247 962 3308 Romana
971 3245 1104 3308 tenebat.

7 3383 31 3398 ·.
47 3387 52 3400 .
78 3341 185 3406 Verum
201 3342 270 3405 alia
283 3343 321 3405 de
334 3343 473 3428 Imperio
490 3345 668 3424 reticeret,
687 3343 770 3427 quod
780 3345 944 3407 Romanae
959 3343 1106 3407 ecclesiae

7 3453 51 3496 non
66 3441 109 3502 ita
125 3441 296 3504 obsmaeium
317 3452 371 3504 est.
407 3441 451 3503 At
471 3442 547 3525 quia
563 3440 647 3504 illud
660 3441 823 3504 Friderico
842 3442 1043 3505 Innocentius
1055 3443 1111 3504 III

7 3536 167 3616 carantam,
201 3551 405 3604 eeanctorato
441 3541 563 3617 Ottoae,
593 3563 632 3603 em
652 3540 879 3629 praejudicata
902 3539 1107 3626 quorumdam

7 3633 139 3712 opinione,
163 3639 302 3699 menime
321 3635 469 3722 Grcqorii
490 3639 560 3716 Vll,
585 3639 629 3700 ad
644 3642 726 3726 jura
750 3641 845 3702 etiam
863 3639 995 3724 Imperii
1018 3638 1106 3702 abro-

7 3731 91 3807 qooda
113 3733 265 3819 abreptus
288 3745 334 3798 est
357 3737 559 3800 Irssocentius
583 3737 639 3799 IV.
667 3785 674 3799 .
701 3785 708 3799 .
737 3791 741 3802 .
767 3736 903 3801 Juribus
930 3759 1011 3798 mere
1036 3747 1107 3799 tem·

7 3830 146 3906 penalibus
170 3835 207 3895 in
230 3832 406 3897 ditionibus
430 3857 507 3920 quas
532 3833 730 3916 beneficiario
753 3837 877 3898 nors-ine
902 3834 941 3898 ab
964 3833 1109 3898 Ecclesia

7 3943 54 3987 sos
75 3930 204 4010 tenebat,
231 3931 392 4012 Pontificis
407 3935 546 3996 Ronsani
569 3930 618 3996 uel
643 3931 766 4018 Synodi
788 3935 946 3996 sententia
970 3931 1109 4018 spoliari

7 4043 54 4084 sorr
73 4029 238 4113 poterat.¹)
287 4029 436 4094 Profecto
469 4029 552 4094 haec
577 4051 643 4094 non
674 4041 751 4094 sont
781 4029 1005 4109 admittenda;
1039 4039 1108 4092 tum

65 4240 84 4308 ¹)
102 4241 131 4294 In
149 4259 211 4297 saec
239 4243 317 4297 XIII.
338 4243 450 4298 Dissert.
470 4245 503 4298 V.
523 4250 575 4299 ert.
595 4243 643 4296 111.
663 4259 689 4295 n.
708 4243 756 4297 IV.
