2902 4848
424 431 467 487 De
485 430 605 502 Concilio
622 431 781 488 Besileeusi.
1110 433 1162 488 351

54 579 88 642 de
115 599 278 642 consensu
310 575 540 640 Cerdinslium
572 577 689 640 statuit
710 598 750 640 ac
775 575 922 656 mandat,
955 585 992 640 ut
1015 575 1165 642 Basileae

55 695 172 740 sacrum
206 671 360 758 generale
384 672 571 738 Concilium
603 683 728 760 quanto
760 675 857 738 eitius
881 673 1074 752 celebretur,
1107 673 1165 737 sed

54 772 249 838 solummodo
279 772 322 836 ad
353 771 605 856 exstirpandam
630 770 793 836 baeresim
817 770 1041 835 Bohemorum
1066 781 1099 834 et
1120 771 1162 836 ad

54 871 287 936 conciliandum
312 891 427 955 pacem
453 871 540 933 inter
563 891 678 934 omnes
698 868 823 934 Christi
847 868 969 948 fideles,
995 889 1062 932 non
1087 890 1165 932 vero

54 969 89 1034 sd
118 967 364 1036 reformandum
396 976 517 1030 statum
546 966 808 1032 ecclesiasticum
833 978 865 1030 et
887 966 929 1030 ad
946 965 1164 1048 *efficiendam

53 1061 199 1131 unionem
224 1065 439 1131 Graecorum.
488 1064 588 1128 Haud
621 1063 723 1129 dubie
747 1065 791 1129 ad
815 1064 902 1129 hanc
925 1065 1067 1149 primum
1091 1086 1166 1128 cou-

53 1167 224 1229 cessionem
249 1162 439 1228 lsciendam
465 1161 711 1228 Besileeusibus
736 1162 906 1244 Eugenius
929 1161 1095 1226 adductus
1117 1173 1167 1226 est

52 1261 159 1326 litteris
183 1259 372 1326 Cardinalis
394 1259 523 1324 Juliani
549 1270 582 1323 et
604 1259 819 1346 Imperatoris
842 1259 1061 1344 Sigismuudi.
1099 1258 1165 1324 Sed

52 1357 251 1424 Basileenses
284 1358 371 1424 hanc
401 1357 574 1424 Pontificis
607 1359 853 1422 concessionem
886 1366 1096 1442 respuerunt,
1133 1367 1166 1422 et

52 1458 122 1521 dein
149 1459 221 1542 jem
253 1455 404 1520 hostilem
436 1465 551 1519 contra
582 1456 771 1540 Eugenium
796 1455 845 1519 IV
875 1457 1025 1520 animum
1059 1457 1165 1539 magis

52 1557 216 1640 magisque
240 1547 503 1618 manifestarunt.

134 1655 186 1718 11.
233 1651 386 1716 Sessione
409 1652 517 1727 tertia,
548 1650 663 1714 habita
692 1651 746 1716 die
770 1650 830 1714 29⁰
861 1649 996 1735 Aprilis,
1033 1649 1166 1716 decreta
1186 1660 1268 1752 “3⁵⁵0
1282 1659 1335 1700 ⁸0·-

51 1751 313 1815 Constentiensia
344 1751 462 1812 iterum
495 1749 690 1812 confirmata
719 1759 805 1827 suut,
840 1758 873 1810 et
903 1749 943 1812 iis
976 1749 1165 1812 insistentes
1215 1727 1226 1753 ⁸

51 1851 205 1913 miserunt
228 1849 271 1912 ad
288 1848 477 1932 Eugenium
495 1858 527 1910 et
544 1845 739 1910 Cardineles
764 1856 918 1925 oratores,
943 1847 1000 1931 qui
1016 1857 1166 1929 peterent

50 1957 77 2009 et
99 1949 312 2033 requirerent,
345 1958 382 2010 ut
411 1944 569 2030 abrogato
594 1944 820 2008 dissolutionis
844 1942 985 2022 decreto,
1010 1943 1165 2008 Pontifex

49 2057 78 2107 et
92 2041 285 2108 Cardiuales
310 2047 396 2108 intre
413 2045 670 2129 peremptorium
687 2045 787 2106 trium
805 2043 968 2106 mensium
986 2043 1164 2106 terminum
1187 2063 1192 2074 ¹

49 2142 88 2206 sd
105 2141 291 2206 Concilium
310 2143 472 2223 venirent,
499 2140 549 2206 vel
575 2143 601 2206 si
626 2141 778 2226 impediti
803 2153 921 2220 esseut,
945 2139 1070 2224 legatos
1095 2142 1164 2204 mit·

49 2251 159 2304 terent.
190 2277 233 2287 —
263 2239 391 2303 Eodem
425 2249 572 2324 tempore
600 2240 789 2302 nuntiatum
819 2249 877 2318 est,
909 2241 1164 2304 conventionem

48 2359 120 2402 cum
145 2337 301 2402 Bohetuis
324 2336 531 2419 (Calixtinis)
563 2359 634 2400 esse
664 2335 797 2416 factam,
831 2346 863 2400 et
895 2334 1083 2402 Cardiualis
1107 2337 1164 2402 Ju-

47 2437 151 2500 lianus
174 2455 297 2500 novam
321 2434 493 2520 epistolam
519 2436 651 2519 scripsit
674 2434 717 2499 ed
731 2434 921 2518 Eugenium
945 2455 1004 2518 pro
1021 2434 1164 2500 Consilii

48 2533 265 2598 celebratione
295 2543 327 2598 et
358 2535 649 2618 continuatione,¹)
685 2555 770 2619 quae
802 2531 887 2617 stylo
917 2531 1165 2598 vehementiore

48 2632 194 2696 conlecta
218 2639 277 2712 est,
301 2633 347 2694 ita
371 2643 495 2695 utnon
522 2631 640 2711 desint,
666 2631 722 2715 qui
748 2653 821 2696 eam
846 2628 970 2694 habent
993 2641 1030 2694 ut
1048 2653 1164 2717 suppo·

47 2731 190 2793 sititiam.
204 2765 245 2776 -
260 2728 414 2794 Sessione
437 2738 565 2814 quarte,
591 2728 706 2793 habita
730 2727 784 2792 die
808 2727 1165 2808 20⁰Junii‚130hemis

47 2825 183 2912 aliisque
206 2825 250 2891 ad
276 2825 463 2891 Concilium
489 2828 616 2890 vocetis
639 2825 751 2891 salvus
775 2826 959 2890 conductus
984 2828 1081 2892 datus
1105 2839 1164 2910 est,

47 2935 76 2986 et
98 2925 279 3006 decretum,
311 2934 348 2988 ut
370 2927 397 2988 si
422 2924 563 2990 durante
589 2922 737 2988 Concilio
763 2921 957 3010 Apostolica
981 2923 1084 2990 Sedes
1108 2947 1163 2992 ve·

48 3035 142 3106 caret,
174 3044 281 3088 novus
304 3023 460 3086 Pontifex
483 3021 659 3104 eligeretur
682 3024 716 3086 in
741 3021 812 3106 ipso
837 3022 997 3102 Concilio,
1029 3021 1165 3087 electus·

47 3141 107 3205 que
131 3119 272 3185 durante
297 3119 446 3185 Concilio
470 3141 536 3184 non
561 3130 688 3184 crearet
710 3140 815 3184 novos
839 3117 1033 3184 Cardinsles
1057 3143 1164 3207 neque

48 3218 239 3284 Cardineles
254 3242 275 3283 a
290 3217 441 3283 Concilio
464 3229 631 3282 avocaret.
667 3217 939 3302 Insequentibus
963 3219 1164 3283 sessionibus

47 3321 148 3402 usque
179 3317 219 3380 ad
253 3316 418 3380 decimam
452 3328 590 3396 sextam,
626 3337 711 3400 quse
742 3315 856 3379 habita
888 3325 938 3380 est
966 3315 1019 3379 die
1042 3317 1082 3380 5⁰
1104 3317 1164 3380 Fe·

48 3411 167 3477 bruarii
184 3437 213 3478 a.
232 3415 326 3498 1434,
351 3413 557 3478 Basileenses
581 3415 615 3476 iu
631 3435 689 3476 suo
707 3413 843 3478 dissidio
861 3435 935 3476 oum
950 3414 1101 3498 Eugeuio
1118 3413 1164 3478 [v

46 3513 265 3595 perstiterunt,
290 3510 394 3575 multa
410 3511 564 3576 Pontifici
590 3512 750 3596 injuriose
765 3513 1016 3592 constituerunt,
1041 3512 1162 3596 etjam

47 3609 85 3672 de
115 3610 187 3694 ejus
219 3605 425 3703 depositione
455 3631 553 3693 egere
585 3610 657 3674 ausi
693 3620 778 3673 sunt.
834 3609 1022 3674 Cardinalis
1051 3621 1163 3674 autem

47 3707 198 3770 Julianus
245 3718 319 3792 post
361 3710 540 3772 sessionem
583 3717 709 3771 sextam
748 3708 1006 3794 praesidentiam
1044 3710 1163 3772 iterum

47 3817 240 3891 susceperat,
266 3827 368 3891 quum
393 3828 412 3870 a
436 3805 572 3891 reliquis
596 3805 810 3870 vehementer
834 3816 1014 3891 urgeretur.
1054 3805 1162 3887 Quam

48 3905 184 3987 exiguus
208 3925 286 3968 vero
317 3904 418 3969 fuerit
440 3925 598 3968 numerus
621 3904 757 3968 Petrum
788 3903 868 3969 inde
899 3902 1043 3987 eollIges,
1074 3905 1162 3991 quod

47 4004 179 4066 sessioni
197 4012 311 4066 sextae
336 4002 390 4066 die
407 4003 445 4066 6⁰
458 4000 663 4087 Septembris
679 4025 708 4069 a.
725 4003 811 4066 1432
835 4002 1014 4067 adfuerunt
1033 4011 1162 4066 tontum

49 4145 255 4156 ψ

117 4217 138 4286 ¹)
158 4215 213 4270 cfr.
234 4215 326 4270 Natel.
346 4215 424 4272 Alex.
444 4214 460 4268 l.
480 4230 502 4272 ο,
