2902 4848
420 431 460 486 De
480 431 600 486 Concilio
617 429 777 486 Basilceusi.
1110 429 1165 482 363

48 587 178 640 monstra
208 585 443 653 coiacus-rerunt,
481 577 536 660 qni
573 574 613 638 ab
645 575 727 660 ipsis
750 573 900 638 scelernm
937 573 1098 658 mapistris
1128 574 1165 636 in

49 696 157 736 ornnem
180 674 413 759 comptionsm
436 671 542 758 facile
567 669 814 753 aatcbanaa.¹)
861 671 914 735 De
938 670 1007 735 zelo
1032 669 1162 735 illorum

48 772 210 838 hominum
250 771 456 858 hypocritiae
495 773 619 858 optime
661 771 777 834 scribit
810 769 1083 834 Turreeremata:
1123 770 1164 832 ln

47 870 218 934 Basileense'
243 867 385 935 Concilio
418 867 600 934 subcelare
625 869 837 933 conversionis
859 869 1085 932 baereticorum
1108 878 1166 931 ant

47 968 275 1054 reformationis
291 967 452 1031 Ecclesiae
470 969 504 1032 in
520 967 623 1054 capite
638 969 716 1030 etin
739 966 884 1030 mombis
894 967 1080 1052 practicata
1091 975 1166 1030 sant

47 1065 137 1128 nnita
151 1065 239 1129 maia
263 1076 293 1128 et
315 1066 473 1130 scandala
488 1077 579 1146 orta,·
602 1076 760 1151 usurpata
777 1066 858 1128 enim
874 1075 948 1128 sunt
960 1064 1164 1150 Apostolicae

47 1161 131 1227 Sedis
150 1161 334 1252 privilepia,
353 1161 454 1250 plara
476 1161 565 1228 mala
588 1163 738 1248 dopmata
761 1161 958 1243 seminata’)
988 1161 1162 1242 Quomodo

46 1281 115 1324 vero
140 1262 175 1324 in
200 1259 252 1325 bis
275 1259 526 1325 Fraticellornm
559 1261 709 1345 vestigiis
733 1259 939 1325 Basileensas
971 1261 1162 1339 institerint,

41 1358 104 1442 jam
128 1361 280 1444 superins
304 1357 519 1424 advertimus.

127 1476 181 1539 24.
225 1475 270 1540 Ut
293 1497 486 1562 progressus
511 1474 672 1539 malorum
698 1485 730 1538 et
754 1473 931 1538 diminutio
956 1474 1163 1537 reverentiae
1185 1477 1264 1519 snas
1279 1478 1335 1520 (161-

45 1575 211 1638 nationum
236 1575 271 1638 in
289 1573 496 1656 Pontificem,
521 1573 624 1637 tristis
647 1571 875 1636 turbationum
899 1569 1043 1657 sequela,
1068 1589 1164 1634 aceu-
1207 1543 1306 1582 'mm'

44 1673 141 1734 ratius
159 1673 412 1758 perspiciantur,
437 1693 544 1757 pauca
560 1669 703 1734 dicenda
719 1679 795 1734 sunt
812 1668 853 1734 de
869 1681 956 1734 stata
972 1665 1163 1734 Germaniae

45 1779 184 1854 tempore
209 1768 352 1834 Consilii
375 1768 590 1846 Basileensis,
622 1791 662 1831 ac
693 1767 733 1832 de
758 1765 928 1832 Sanctione
949 1770 1163 1854 prapmatica,

44 1888 139 1950 quem
163 1865 250 1932 Galli
276 1890 314 1932 eo
339 1877 486 1954 tempore
511 1865 574 1930 sibi
601 1867 852 1930 constituerunt.
900 1865 954 1930 nd
979 1863 1164 1930 Germanos

44 1965 139 2048 igitur
163 1966 252 2052 quod
276 1967 404 2048 attinet,
429 1965 503 2052 ipsi,
538 1966 585 2027 nti
612 1963 768 2048 vidimus,
802 1975 912 2048 partes
937 1961 1077 2027 Concilii
1102 1963 1163 2026 Bs-

44 2061 186 2126 silaensis
225 2073 378 2144 tenuere,
422 2063 526 2128 donec
567 2063 753 2126 Ferrariam
787 2061 958 2146 Eugenius
989 2059 1162 2145 Synodum

43 2160 215 2226 transtulit.
262 2161 312 2226 Eo
337 2172 485 2248 tempore
509 2171 658 2224 mortuus
682 2168 753 2224 erat
768 2157 1003 2242 Sigismundus
1020 2161 1162 2245 Impera·

42 2269 89 2320 tor
111 2258 155 2340 (9.
181 2259 263 2344 Maji
287 2283 317 2324 a.
346 2259 455 2340 1437),
490 2271 522 2322 et
553 2258 710 2322 electores
733 2281 762 2323 a.
791 2257 876 2322 1438
900 2257 942 2320 ad
967 2255 1161 2322 electionem

42 2356 115 2418 novi
148 2355 363 2442 Imperatoris
397 2357 608 2422 Francofurti
648 2364 885 2420 convenerunt.
939 2354 1069 2420 Ibidem
1108 2357 1164 2420 dio

45 2453 99 2516 18⁰
121 2451 232 2517 Martii
257 2453 517 2520 Decios-ationem
540 2453 760 2518 neutralitatis
791 2451 977 2537 ediderunt,
1012 2475 1077 2539 qua
1102 2467 1163 2518 sta·

42 2561 142 2630 tuere,
175 2573 209 2616 se
234 2554 269 2618 in
294 2552 460 2617 discordia
492 2561 563 2616 orta
587 2553 674 2616 inter
697 2551 892 2615 Pontificem
918 2561 951 2614 et
975 2549 1164 2617 Concilium

43 2652 187 2712 neutrius
203 2661 314 2737 partes
339 2652 442 2738 sequi,
468 2661 500 2714 et
524 2648 617 2714 salva
640 2651 828 2713 reverentia
851 2651 1021 2736 utriusque
1046 2649 1162 2734 guber·

42 2748 130 2810 nium
156 2750 323 2813 variarum
349 2747 563 2812 ecclesiarum
588 2750 713 2812 interea
737 2746 925 2812 Ordinariis
949 2749 1162 2812 commissum

42 2865 118 2910 esse.
165 2845 380 2910 Manifestum
404 2857 462 2928 est,
495 2845 809 2932 perniciosissimam
835 2845 935 2910 fuisso
959 2844 1057 2910 talem
1083 2869 1162 2910 neu-

41 2942 225 3024 tralitatem,
250 2965 352 3030 quum
378 2945 494 3009 eisdem
521 2943 562 3008 de
586 2945 672 3008 iacto
698 2946 862 3029 separatio
886 2967 906 3008 a
923 2943 1008 3009 Sede
1024 2945 1162 3031 Aposto-

41 3037 102 3102 lica
126 3043 359 3123 contineretur,
394 3065 433 3105 ac
457 3043 623 3130 principia
647 3045 760 3106 omnia
785 3039 825 3106 de
849 3041 1020 3106 Ecclesiae
1045 3043 1162 3106 consti·

42 3141 164 3204 tutione
187 3140 491 3226 pessumdarentur.
524 3139 666 3204 Multum
682 3140 817 3227 quidem
832 3138 989 3226 'sequenti
1013 3150 1162 3226 tempore

41 3234 136 3320 legati
162 3235 321 3324 Eugenii,
354 3239 440 3303 inter
472 3261 554 3325 quos
586 3237 755 3302 eminebat
784 3237 942 3302 Nicolaus
974 3237 1163 3302 Cardinalis

43 3332 199 3416 Cusanus,
224 3335 472 3420 adlaborarunt,
499 3347 534 3400 ut
558 3337 726 3422 principes
745 3335 946 3401 Germaniae
969 3336 1012 3400 ad
1027 3334 1161 3422 plenam

43 3431 208 3498 Pontifieis
241 3433 465 3499 obedientiam
496 3435 651 3513 redirent,
691 3435 748 3499 sed
781 3433 931 3521 pluribus
961 3436 1057 3498 annis
1097 3437 1160 3522 ipsi

43 3530 76 3592 in
90 3529 215 3596 funesta
240 3531 295 3596 illa
319 3531 531 3596 neutralitate
547 3531 803 3619 pe1·stiterunt.³)
837 3531 1017 3596 Multorum
1032 3534 1162 3598 animos

44 3699 250 3710 ——---..—....

113 3801 133 3872 ¹)
153 3804 232 3871 Apud
251 3803 384 3871 Raynald.
404 3821 428 3860 a.
449 3807 518 3860 1439
538 3822 555 3858 n
584 3806 627 3862 29.

112 3881 132 3950 ²)
151 3883 228 3950 Apud
249 3883 318 3948 Dux,
337 3883 423 3940 Niccl.
444 3884 542 3939 cusan.
562 3901 587 3953 p.
608 3888 668 3939 290.

111 3960 132 4026 ⁸)
150 3963 317 4028 „concilium
345 3965 471 4021 Basileus
499 3981 557 4020 esse
584 3967 713 4022 dicebant
740 3967 885 4032 Germani,
916 3975 944 4024 et
973 3969 1073 4024 idolum
1101 3969 1161 4037 ejus

45 4039 165 4106 (Felicem
182 4043 217 4106 V)
244 4045 421 4114 respuebant;
450 4047 605 4114 Eugenium
629 4047 732 4102 Christi
758 4048 890 4104 vicarium
915 4047 1102 4116 appellabant,
1131 4053 1161 4104 et

45 4119 186 4177 Concilium
210 4125 244 4176 ab
270 4140 301 4178 co
325 4125 490 4179 celebratum
510 4125 720 4196 (Florentinum)
745 4128 914 4184 recusabant.
952 4129 1008 4184 Nec
1026 4129 1160 4198 Engeuio,

44 4213 90 4252 nec
106 4201 250 4258 Basileensi
281 4205 358 4272 plene
383 4205 568 4260 obediebant.“
608 4207 673 4261 Pius
692 4207 728 4274 ΙΙ,
752 4210 781 4263 in
799 4209 874 4263 bulis
892 4209 1104 4265 retractationis.
1125 4240 1154 4250 -
