2836 4848
393 499 432 553 De
451 499 558 556 Galliae
576 504 736 558 conditione.
1074 501 1127 556 435

32 655 53 696 e
72 638 268 721 praesulibus
285 640 414 706 Galliae
430 645 554 709 suffulti
571 647 716 713 fuerunt.
749 647 940 712 Alexander
955 647 1008 710 111
1024 668 1126 732 quum

31 735 241 801 uiridericoI
261 751 475 823 premeretur,
497 742 648 828 pluribus
672 747 768 810 annis
791 748 825 810 iu
843 743 953 809 Gallia
978 755 1127 808 versatus

31 849 80 914 esu
102 857 137 897 eo
162 837 311 922 confugit
333 841 433 902 etiam
458 865 482 905 s.
499 841 644 907 Thomas
659 844 785 908 Becket
807 844 930 928 aliique
954 853 1028 929 post
1051 865 1126 906 eum

29 934 153 1018 episcopi
185 934 347 1019 Angliae,
389 959 491 1024 quum
525 963 545 1004 a
577 942 711 1026 regibus
745 945 813 1007 suis
847 943 1126 1025 angustiarentur.

28 1027 146 1094 Saeculo
168 1032 255 1097 XIII
279 1032 409 1098 Galliae
432 1059 572 1121 regnum
596 1043 755 1124 potentia,
779 1039 894 1124 gloria,
920 1039 1047 1118 decore,
1072 1039 1127 1102 ad-

28 1127 77 1190 buc
99 1128 235 1193 multum
259 1132 498 1217 amplificatum
526 1145 585 1201 est.
640 1137 769 1201 Habuit
801 1137 936 1224 quidem
960 1135 1127 1222 Philippus

26 1227 175 1312 depastus,
200 1227 243 1292 ob
261 1229 487 1296 dimissionem
505 1233 714 1318 Ingeburgae
731 1246 763 1299 et
779 1235 820 1299 ob
838 1234 924 1300 bella
938 1257 997 1298 sua
1014 1243 1127 1298 contra

25 1325 169 1390 loannem
193 1329 264 1390 sine
288 1338 385 1410 terra,
411 1332 520 1395 varios
545 1355 619 1396 cum
644 1335 838 1399 Innocentio
863 1333 914 1397 ΙΙΙ
939 1332 1126 1414 conflictus3

24 1434 151 1487 attamen
174 1426 358 1490 universim
383 1429 501 1512 etipse
520 1430 793 1496 considerabatur
816 1444 852 1495 ut
875 1453 934 1494 rex
958 1430 1127 1494 Ecclesiae

24 1521 168 1606 addictus,
200 1525 280 1586 satis
312 1523 373 1588 sub
406 1547 443 1589 eo
468 1526 583 1612 religio
608 1538 641 1591 et
663 1551 714 1593 res
738 1530 981 1594 ecclesiasticae
1013 1529 1127 1593 florue-

23 1634 97 1699 rum3
127 1623 220 1705 regni
250 1632 359 1686 autem
385 1626 585 1689 territorium
609 1636 642 1690 et
665 1631 846 1712 potentiam
879 1631 940 1691 iste
973 1629 1127 1712 princeps

24 1717 143 1782 nnltum
160 1722 266 1784 auxit.

92 1820 143 1883 57.
170 1819 348 1882 Ludovicue
369 1817 455 1882 VIII
472 1821 543 1906 ejus
567 1820 654 1884 filius
671 1832 704 1886 ot
719 1843 888 1884 successor
910 1820 995 1884 bello
1014 1830 1126 1884 contra

22 1913 202 1996 ,llbigenses
234 1928 384 2003 suscepto
416 1941 481 1983 non
514 1921 624 1984 minus
656 1920 826 1984 Ecclesiae
858 1920 995 2004 profuit,
1027 1941 1127 2004 quarn

22 2014 94 2093 regni
119 2012 384 2098 amplificationi.
440 2018 530 2081 Dum
561 2041 603 2081 ex
627 2018 713 2083 bello
736 2017 912 2100 Albigensi
943 2020 977 2081 in
1002 2019 1128 2080 citerio-

21 2131 73 2172 rem
89 2109 237 2175 Galliam
252 2113 383 2195 rediret,
406 2114 630 2198 dyssenteriac
648 2116 762 2181 morbo
781 2125 959 2200 correptus,
977 2115 1127 2194 adlllon·

21 2213 260 2294 :empenscrium
285 2213 320 2274 in
351 2211 511 2276 Alvernia
542 2211 683 2278 obiitin
714 2215 842 2277 octavis
864 2212 1023 2278 Omnium
1048 2211 1128 2276 San·

21 2319 138 2390 uorum,
163 2331 253 2372 anuo
280 2311 377 2391 1:225,
412 2333 514 2396 quum
538 2311 758 2396 quadraginta
787 2320 916 2374 tautum
945 2332 1049 2374 annos
1073 2310 1127 2374 ba-

22 2403 102 2470 beret.
159 2407 190 2469 A
216 2407 432 2493 scriptoribus
462 2411 594 2473 coaevis
625 2409 778 2474 evehitur
801 2411 931 2492 magnis
958 2409 1127 2490 encomiis,

20 2519 47 2560 ut
66 2506 113 2566 vir
134 2504 289 2569 fervidae
317 2507 449 2591 pietatis
474 2518 506 2571 et
529 2509 678 2590 integrae
703 2508 873 2572 castitatis.
925 2504 1029 2592 Cujus
1058 2528 1127 2592 spe-

21 2601 109 2668 cimen
135 2602 231 2667 dedit
255 2605 409 2669 moriens.
464 2603 575 2685 Quum
605 2606 693 2668 euim
720 2605 819 2690 juxta
851 2603 933 2668 falsa
963 2605 1129 2689 principia

22 2703 81 2763 mis
105 2703 258 2766 medicae
282 2700 370 2766 illius
394 2705 550 2787 temporis
575 2713 755 2786 sperarent,
789 2724 865 2766 eum
890 2711 1027 2765 mortem
1052 2703 1130 2765 effu-

19 2817 78 2878 gere
91 2823 187 2886 posse
198 2809 232 2864 et
244 2799 359 2864 morbo
371 2799 514 2882 liberari,
526 2802 552 2864 si
567 2805 684 2884 (uxore
695 2799 845 2886 absente)
856 2799 1129 2863 consuetudinem

20 2917 79 2960 cnm
101 2899 168 2964 alia
194 2897 333 2962 muliere
357 2897 505 2980 haberet,
521 2921 663 2984 cumque
680 2899 723 2962 ad
740 2899 775 2962 id
791 2921 864 2962 eum
882 2896 1048 2960 adducere
1066 2896 1131 2960 vel-

19 2989 81 3076 lent,
104 2997 298 3084 respondit:
331 2996 407 3080 Non
431 2997 478 3059 ito
501 2999 563 3060 erit
571 3020 584 3078 ,·
615 3019 679 3060 non
702 2997 786 3059 euim
801 3019 967 3082 peccarem
989 2994 1130 3058 mortali·

20 3101 55 3152 ter
74 3093 136 3159 ullo
161 3095 266 3158 modu.
276 3093 300 3180 ¹)

92 3195 146 3259 58.
172 3193 359 3257 Maximam
381 3192 519 3276 gloriam
545 3191 655 3256 Gallia
679 3192 815 3278 ejusque
830 3190 977 3255 ecclesia·
992 3190 1132 3276 adeptae
1154 3209 1284 3249 S-Ludou-

20 3301 82 3354 urnt
103 3303 268 3377 regnante
291 3316 316 3358 e.
332 3293 491 3357 Mdcuico
516 3292 573 3356 IX.
621 3291 663 3374 ls,
695 3301 787 3375 patre
812 3288 969 3353 defuncto
1000 3289 1129 3372 regium
1175 3273 1267 3312 “¹¹⁸¹x'

20 3409 123 3455 nomen
147 3392 304 3476 sumpsit,
341 3391 518 3476 statimque
543 3390 655 3454 Remis
686 3390 903 3472 inauguratus
933 3396 981 3451 est
1005 3409 1129 3450 annum

19 3507 105 3566 agens
127 3491 250 3553 aetatis
274 3489 452 3554 decimum.
500 3486 652 3551 Tutelam
683 3485 864 3570 impuberis
888 3483 946 3548 tilii
970 3485 1131 3569 regnique

22 3589 284 3668 procurationem,
299 3588 408 3650 mariti
432 3588 519 3671 regis
544 3607 698 3671 suprema
715 3583 886 3647 voluntate
909 3582 973 3647 sibi
998 3581 1130 3646 deman·

21 3681 125 3766 deum,
155 3685 286 3750 Blanca
309 3699 428 3767 mater,
464 3684 588 3748 heroici
621 3685 724 3748 animi
756 3693 788 3746 et
822 3681 954 3767 pietatis
986 3679 1131 3743 eximiae

21 3779 137 3866 irmina,
154 3785 314 3868 suscepit.
353 3783 530 3847 Factiones
546 3781 684 3868 quidem
700 3781 813 3844 variae
829 3799 1000 3864 procerum
1017 3785 1131 3840 contra

23 3877 110 3960 ipsam
142 3893 282 3946 exortae
313 3890 404 3962 sunt,
439 3903 540 3966 quum
573 3880 786 3964 impatienter
820 3875 930 3962 plures
962 3885 1131 3959 magnates

24 3975 136 4061 iurent,
166 3978 257 4066 qnod
282 3979 417 4059 femina,
441 4000 561 4064 genere
586 3989 733 4058 externa,
764 3997 875 4040 rerum
899 3995 1061 4038 summam
1085 3995 1132 4037 re-

24 4089 113 4158 geret3
136 4089 172 4141 at
196 4077 464 4163 prudentissimis
488 4075 634 4141 consiliis
651 4075 817 4159 armisque
842 4073 957 4156 regina
971 4071 1132 4134 factiones

84 4293 102 4356 ¹)
119 4293 273 4347 Gulielmus
291 4292 324 4345 de
344 4279 525 4344 Podio'Lanr.
545 4289 578 4343 de
596 4287 666 4342 betto
686 4286 775 4354 nlbig.
795 4301 818 4343 o.
837 4287 880 4340 35.

953 4375 1003 4426 28*
