2916 4842
290 409 341 460 126
449 406 548 460 XXIV.
569 407 608 461 De
627 407 745 462 dissidiis
765 409 895 464 Friderici
914 409 929 462 1
948 425 1008 463 eum
1026 409 1058 462 R.
1079 407 1265 463 Pontificibus.

283 551 473 636 junxerint,
510 549 587 614 inde
628 572 742 616 ausam
774 562 953 638 potuerunt
983 555 1135 616 invenire
1168 551 1351 615 Victoriani
1377 563 1416 612 ut

289 647 536 728 contenderent,
565 647 750 713 Octaviano
768 651 964 735 suffragatus
981 671 1050 713 esse
1064 647 1259 713 Cardinales
1278 670 1413 728 novem,

289 768 387 833 quam
405 755 531 830 partem
555 747 713 810 minorem
739 747 873 832 quidem
899 748 956 811 sed
981 749 1145 812 saniorem
1165 748 1313 833 jactatur
1336 767 1413 811 cou-

288 843 402 908 cilium
426 843 626 927 Pisanum.¹)
673 843 738 908 Sed
771 845 898 909 nullum
932 844 1072 909 dubium
1097 856 1155 926 est,
1186 845 1413 910 Octavianum

288 953 418 1006 tantum
442 967 462 1006 a
487 940 617 1006 duobus
634 943 869 1007 Cardinalibus
894 943 995 1008 fuisse
1011 943 1162 1024 electum,
1187 941 1308 1028 quibus
1334 942 1415 1006 dein

288 1051 353 1105 tres
366 1040 422 1104 alii
435 1052 659 1120 accesserunt3
685 1043 831 1127 quinque
856 1043 955 1122 enim,
971 1044 1019 1104 uti
1036 1040 1193 1122 diximus,
1212 1040 1414 1125 subscripse-

288 1151 366 1203 runt
385 1138 586 1222 Encyclicae
611 1159 709 1223 quam
734 1139 777 1202 ad
801 1139 973 1225 episcopos
997 1139 1085 1204 orbis
1110 1141 1279 1203 miserunt.
1326 1137 1415 1202 Reli-

289 1239 346 1324 qui
383 1258 461 1301 vero
487 1235 681 1300 Cardinales
716 1235 909 1301 Alexandro
935 1237 984 1301 111
1024 1248 1252 1301 remanserunt
1287 1237 1416 1307 fideles,

289 1356 426 1399 numero
451 1332 565 1398 saltem
590 1335 710 1418 viginti
736 1335 819 1416 du03
851 1345 899 1399 tot
923 1338 1011 1399 enim
1035 1337 1208 1420 signarunt
1238 1334 1415 1421 epistolam

290 1455 389 1519 quam
414 1431 456 1496 ad
481 1431 691 1496 Fridericum
716 1432 888 1499 dederuut.

118 1577 280 1682 ffldffiflffl·
380 1575 431 1639 27.
468 1575 517 1639 Eo
548 1575 748 1654 accedimus,
783 1588 819 1639 ut
841 1577 1002 1640 rationem
1026 1576 1146 1659 agendi
1172 1575 1416 1661 expendamus,

153 1653 175 1684 ω
221 1651 242 1682 ⁰'
290 1694 355 1759 qua
381 1673 570 1736 Fridericus
594 1672 777 1757 Imperator
800 1675 869 1736 istis
893 1675 928 1738 in
952 1674 1120 1759 adjunctis
1144 1695 1222 1738 usus
1246 1682 1304 1738 est.
1334 1673 1415 1740 Jam

289 1792 400 1835 secum
426 1771 453 1834 is
478 1779 645 1851 statuerat,
671 1781 706 1834 ut
729 1783 839 1856 partes
863 1781 1010 1835 tueretur
1035 1773 1189 1853 Victoris,
1214 1794 1317 1858 quum
1344 1795 1417 1857 per-

289 1877 438 1954 spectum
451 1867 597 1951 haberet,
610 1868 699 1932 bunc
716 1871 745 1933 ei
760 1870 992 1934 obsecuturum
1008 1891 1088 1950 esse,
1102 1879 1139 1933 ut
1151 1870 1417 1947 dominationem

290 1989 383 2030 suam
409 1969 442 2030 in
468 1988 519 2030 res
544 1988 674 2053 quoquc
699 1966 870 2032 Ecclesiae
894 1968 1097 2034 extenderet.
1144 1969 1242 2033 Inani
1267 1969 1417 2054 quadam

289 2066 422 2129 fictione
438 2074 548 2128 autem
564 2066 708 2150 speciem
725 2087 804 2151 prae
828 2089 862 2130 se
877 2067 961 2130 ferre
978 2069 1071 2130 nisus
1086 2077 1143 2148 est,
1169 2089 1208 2131 ac
1224 2069 1251 2131 si
1268 2068 1417 2152 partium

289 2185 401 2227 exsors
434 2173 527 2226 esset.
575 2163 615 2226 ln
640 2163 729 2227 hunc
753 2164 851 2228 tinem
877 2163 1091 2228 simulacrum
1116 2163 1259 2244 concilii,
1289 2167 1322 2228 in
1348 2187 1417 2250 quo

289 2263 460 2347 utriusque
484 2283 584 2324 causa
609 2262 837 2342 discuteretur,
863 2264 1047 2347 Imperator
1070 2265 1270 2326 convocavit
1292 2263 1417 2344 Ticini,

289 2381 401 2424 mense
426 2357 561 2424 Octobri
591 2382 620 2423 a.
649 2359 744 2424 1159.
792 2358 857 2423 Sed
885 2359 955 2445 jam
987 2370 1064 2424 ante
1101 2360 1200 2444 hujus
1230 2371 1420 2424 conventus

290 2459 588 2541 congregationem,
624 2479 682 2542 per
706 2457 831 2521 litteras
864 2465 897 2521 et
919 2457 1043 2540 legatos
1067 2459 1177 2544 Papae
1207 2461 1342 2522 nomine
1367 2462 1419 2522 in·

290 2557 427 2640 signivit
451 2555 641 2620 Fridericus
665 2556 845 2634 Victorem,
870 2555 1101 2620 Alexandrum
1126 2555 1177 2620 III
1200 2577 1280 2620 vero
1305 2556 1419 2642 appel·

289 2652 379 2716 labat
402 2650 588 2716 Rolandum
615 2653 838 2736 Cardinalem,
871 2656 918 2717 ita
941 2663 977 2717 ut
1001 2666 1113 2738 aperte
1138 2653 1334 2734 ostenderet,
1360 2677 1419 2717 cu-

284 2751 342 2836 jus
364 2760 475 2836 partes
503 2753 587 2815 tueri
620 2750 729 2816 vellet.
770 2789 798 2799 -
849 2751 1042 2816 Alexander
1074 2751 1134 2832 III,
1173 2772 1275 2837 quum
1311 2753 1421 2837 ipsius

290 2848 405 2913 electio
430 2848 578 2932 legitima
602 2849 779 2913 manifesta
803 2860 897 2930 esset,
923 2849 1088 2935 simulque
1112 2859 1295 2934 appareret,
1320 2871 1420 2934 syno-

290 2947 370 3011 dum
395 2945 484 3010 illam
517 2947 615 3033 plane
640 2946 824 3033 subjectam
848 2947 918 3012 fore
943 2946 1105 3010 voluntati
1130 2947 1344 3032 Imperatoris
1368 2956 1420 3030 ty-

291 3046 419 3108 rannici
458 3056 491 3108 et
530 3045 679 3131 superbi,
725 3047 840 3109 merito
881 3045 1077 3130 dignitatem
1118 3047 1419 3130 auctoritatemque

289 3201 501 3209 ——.—-—.-

364 3306 384 3368 ¹)
403 3305 572 3360 Schismatici
592 3304 620 3358 in
640 3304 754 3370 epistola
773 3303 1020 3370 encyclicedieunt,
1042 3304 1223 3358 Alexandmm
1242 3303 1338 3358 aXIV
1353 3305 1419 3358 Car-

290 3385 433 3450 dinalibus‚
453 3387 592 3440 Victorem
612 3401 628 3437 e
648 3384 687 3437 IX
707 3383 896 3438 cardinalibus
915 3383 999 3438 luisse
1019 3384 1141 3438 electum.
1167 3385 1200 3438 In
1220 3385 1333 3439 coneilio
1353 3401 1419 3438 vero

290 3465 418 3534 Pepiensi
449 3471 589 3519 asserunt:
622 3465 793 3531 ,Probatum
821 3464 891 3530 quod
917 3480 948 3518 eu
974 3471 1093 3532 tempore
1123 3479 1175 3531 quo
1200 3465 1296 3519 electio
1316 3465 1419 3519 Romae

290 3545 484 3611 celebrabatur,
503 3546 532 3599 in
552 3546 618 3599 urbe
638 3551 747 3599 tantum
760 3545 842 3598 XXII
861 3545 1027 3610 Cardinales,
1047 3560 1079 3598 ex
1099 3544 1275 3610 quibuscum
1294 3545 1419 3599 dominus

290 3626 386 3680 Victor
404 3632 480 3690 (tunc
499 3625 678 3689 Octavianus)
696 3631 725 3679 et
743 3625 881 3680 Rolendus
908 3625 1049 3694 segregati
1077 3623 1200 3690 luissent,
1229 3633 1419 3679 remanserunt

290 3707 475 3761 tantummodo
491 3707 543 3760 XX
564 3707 700 3770 electores,
720 3705 869 3772 exquibus
889 3705 938 3770 IX,
958 3703 1073 3759 senioris
1092 3705 1196 3758 consilii
1216 3711 1244 3758 et
1263 3705 1338 3759 nulla
1357 3721 1419 3758 con-

288 3788 426 3856 juratione
443 3787 583 3850 foederati,
603 3787 740 3840 dominum
758 3785 1074 3855 elegerunt'Victorem.“
1096 3785 1268 3850 (Watterich,
1288 3785 1324 3838 11.
1344 3785 1417 3838 tet„

290 3867 381 3926 Vides,
402 3867 488 3934 quoad
508 3882 648 3920 numemm
666 3867 851 3934 repugnantia
869 3866 929 3920 dici.
958 3897 989 3904 —
1016 3866 1056 3918 Ex
1081 3865 1196 3932 epistola
1215 3865 1349 3932 Amulphi
1369 3866 1419 3919 Le-

291 3947 426 4003 xoviensis
451 3948 485 4001 ad
505 3947 660 4001 Cardinales
685 3945 759 4009 (ibid.
779 3945 812 4000 11.
832 3947 895 4009 466)
920 3945 1013 4013 colligi
1032 3945 1148 4002 videtur.
1177 3946 1308 4000 Ymarum
1327 3946 1419 3999 Cardi-

290 4027 379 4081 nalem
397 4026 587 4093 Tusculanum,
607 4026 727 4080 Victoris
746 4033 915 4091 sectatorem,
940 4041 993 4080 non
1012 4025 1170 4080 interfuisse
1188 4025 1321 4090 electioni,
1340 4027 1418 4092 quod,

293 4107 380 4174 ,solus
399 4111 578 4174 praemature,
591 4107 672 4162 ,sicut
691 4106 798 4170 dicitur,
819 4107 852 4160 ab
871 4105 1001 4160 electione
1026 4105 1185 4172 discesserit,
1205 4106 1331 4172 quoniam
1352 4106 1419 4160 hore

291 4185 398 4253 prandii
418 4185 563 4240 videbatur
583 4186 711 4240 instare.“
