2868 4844
296 444 349 498 238
496 445 612 498 XXXII.
631 443 672 498 De
692 443 869 498 Pontificibus
889 445 1028 498 Avenione
1046 444 1223 499 commoraris.
1425 483 1426 556 ἰ

296 609 376 651 vero
401 587 583 651 Germanis
616 589 847 673 praerogativa
881 587 1104 652 conveniebat
1132 588 1274 673 Imperii,
1306 583 1411 650 Gallis

296 687 530 771 praerogativa
561 685 719 749 scientiae
747 695 882 771 propter
905 684 1166 751 Universitatem
1189 685 1426 766 Parisiensem‚l

296 795 397 870 atque
434 785 482 848 sic
521 781 756 868 aequilibrium
794 782 910 847 aderat
945 785 1031 847 inter
1069 785 1219 848 nationes
1256 775 1426 847 maximas

297 881 506 947 christianas.
539 882 604 948 Sed
629 881 709 946 dum
725 883 906 948 Pontifices
923 879 1014 948 Galli
1030 883 1206 947 Avenione
1229 881 1414 953 residerent

296 979 341 1044 ad
370 989 489 1043 nutum
513 978 685 1044 Gallorum
720 982 834 1046 omnia
865 981 899 1044 iu
924 979 1076 1045 Ecclesia
1106 979 1178 1045 fieri
1210 979 1415 1045 videbantur.

299 1075 493 1142 Cardinales
516 1090 628 1142 autem
652 1075 751 1159 Galli,
785 1077 954 1164 praesules
977 1101 1017 1142 ae
1040 1077 1186 1164 theologi
1210 1081 1344 1143 istarum
1374 1098 1417 1139 re-

297 1178 445 1259 gionum,
470 1197 529 1262 pro
549 1177 647 1240 insito
667 1197 779 1240 amore
803 1177 911 1261 patrio
935 1175 1128 1258 gaudebant
1151 1175 1193 1241 de
1213 1175 1343 1240 influxu
1368 1173 1417 1237 illo

297 1275 594 1360 praeponderante,
628 1283 727 1360 atque
753 1285 788 1337 ut
811 1295 887 1337 eum
918 1283 1154 1338 conservarent
1177 1285 1293 1360 postea
1324 1272 1417 1337 schis-

299 1375 378 1436 mati
403 1374 503 1436 nimis
526 1372 691 1436 faverunt.
716 1411 759 1418 —
784 1371 823 1436 ln
848 1371 922 1436 aliis
945 1393 1041 1456 porro
1066 1372 1259 1437 nationibus
1276 1369 1426 1436 simultas

299 1481 370 1534 orta
394 1479 443 1534 est
467 1491 657 1554 permagna,
694 1481 726 1533 et
757 1471 857 1533 etiam
882 1470 916 1533 in
941 1471 1023 1555 ipsis
1046 1491 1162 1533 sensus
1186 1471 1420 1535 nationalitatis

300 1568 384 1632 ultra
416 1567 550 1632 modum
576 1570 610 1632 in
634 1568 734 1632 rebus
758 1568 920 1652 religiosis
951 1569 1114 1631 excitatus
1145 1578 1204 1631 est.
1251 1566 1417 1654 Ejusmodi

299 1675 411 1730 antem
426 1665 629 1751 singulorum
648 1665 845 1751 populorum
871 1665 1051 1730 tendentiue
1070 1677 1285 1750 ecquerataa
1309 1666 1419 1730 obsum

299 1765 415 1828 unioni
439 1763 497 1844 illi,
521 1785 607 1850 quae
631 1762 783 1848 religioni
808 1763 992 1827 catholicae
1017 1764 1116 1826 insita
1139 1773 1198 1842 est,
1224 1774 1258 1827 et
1277 1764 1323 1828 ad
1340 1784 1418 1847 sepa·

298 1863 461 1924 rationem
486 1863 596 1947 potius
620 1861 821 1926 conducunt.
870 1860 952 1926 Iude
984 1861 1109 1926 factum
1139 1873 1199 1942 est,
1233 1871 1271 1926 nt
1299 1860 1419 1926 facilius

299 1960 402 2022 variis
420 1959 641 2024 Pontificibus
660 1961 774 2024 variae
795 1961 945 2023 nationes
965 1958 1195 2041 adhaererent,
1225 1971 1258 2023 et
1285 1959 1419 2023 schisma

300 2055 505 2121 occidentale
539 2057 629 2144 quod
660 2057 783 2123 dicitur
813 2059 890 2121 oriri
923 2079 963 2122 ac
994 2057 1051 2123 diu
1088 2059 1277 2121 continuari
1311 2073 1420 2143 posset.

299 2155 371 2220 Imo
410 2154 522 2219 adbuc
561 2158 595 2221 in
633 2158 705 2241 ipso
737 2153 887 2220 Concilio
921 2153 1166 2220 Constantiensi
1204 2165 1238 2218 et
1279 2155 1419 2242 sequenti

300 2265 448 2339 tempore
478 2251 764 2339 particularismus
794 2252 957 2338 ejusmodi
988 2253 1139 2318 funestus
1169 2251 1368 2338 frequenter
1396 2275 1420 2312 sr

300 2351 535 2416 manifestavit.
568 2350 635 2416 Sed
650 2350 714 2414 hac
730 2349 771 2414 de
788 2371 822 2414 re
839 2349 1119 2436 subseqnentibus
1136 2349 1421 2415 dissertationibus

300 2451 419 2512 iterum
444 2468 550 2512 sermo
575 2460 731 2512 recurret.
