<?xml version="1.0" encoding="UTF-8"?>
<!DOCTYPE html PUBLIC "-//W3C//DTD XHTML 1.0 Transitional//EN"
    "http://www.w3.org/TR/xhtml1/DTD/xhtml1-transitional.dtd">
<html xmlns="http://www.w3.org/1999/xhtml" xml:lang="en" lang="en">
 <head>
  <title>
</title>
<meta http-equiv="Content-Type" content="text/html;charset=utf-8" />
  <meta name='ocr-system' content='tesseract 3.04.00' />
  <meta name='ocr-capabilities' content='ocr_page ocr_carea ocr_par ocr_line ocrx_word'/>
</head>
<body>
  <div class='ocr_page' id='page_1' title='image "./dissertationess00junggoog_0334.png"; bbox 0 0 2828 4842; ppageno 0'>
   <div class='ocr_carea' id='block_1_1' title="bbox 381 471 1135 541">
    <p class='ocr_par' dir='ltr' id='par_1_1' title="bbox 381 471 1135 541">
     <span class='ocr_line' id='line_1_1' title="bbox 381 471 1135 541; baseline 0 -15"><span class='ocrx_word' id='word_1_1' title='bbox 381 473 421 526; x_wconf 86' lang='lat' dir='ltr'><strong>De</strong></span> <span class='ocrx_word' id='word_1_2' title='bbox 440 471 544 527; x_wconf 85' lang='lat' dir='ltr'><strong>haeresi</strong></span> <span class='ocrx_word' id='word_1_3' title='bbox 563 472 759 541; x_wconf 69' lang='lat' dir='ltr'><strong>albigensium.</strong></span> <span class='ocrx_word' id='word_1_4' title='bbox 1082 475 1135 530; x_wconf 81' lang='lat'><strong>319</strong></span> 
     </span>
    </p>
   </div>
   <div class='ocr_carea' id='block_1_2' title="bbox 39 614 1248 1485">
    <p class='ocr_par' dir='ltr' id='par_1_2' title="bbox 45 614 1133 702">
     <span class='ocr_line' id='line_1_2' title="bbox 45 614 1133 702; baseline 0.003 -24"><span class='ocrx_word' id='word_1_5' title='bbox 45 627 67 678; x_wconf 81' lang='lat' dir='ltr'><strong>st</strong></span> <span class='ocrx_word' id='word_1_6' title='bbox 83 625 282 698; x_wconf 87' lang='lat' dir='ltr'><strong>sacramenta,</strong></span> <span class='ocrx_word' id='word_1_7' title='bbox 307 614 528 702; x_wconf 77' lang='lat' dir='ltr'><strong>disciplinam,</strong></span> <span class='ocrx_word' id='word_1_8' title='bbox 561 617 644 680; x_wconf 90' lang='lat' dir='ltr'><strong>ritus</strong></span> <span class='ocrx_word' id='word_1_9' title='bbox 669 616 849 682; x_wconf 80' lang='lat' dir='ltr'><strong>Ecclesiae.</strong></span> <span class='ocrx_word' id='word_1_10' title='bbox 887 616 1033 683; x_wconf 90' lang='lat' dir='ltr'><strong>Ultimus</strong></span> <span class='ocrx_word' id='word_1_11' title='bbox 1056 617 1133 682; x_wconf 87' lang='lat' dir='ltr'><strong>finis</strong></span> 
     </span>
    </p>

    <p class='ocr_par' dir='ltr' id='par_1_3' title="bbox 45 713 1135 898">
     <span class='ocr_line' id='line_1_3' title="bbox 45 713 1134 801; baseline 0.002 -25"><span class='ocrx_word' id='word_1_12' title='bbox 45 723 79 777; x_wconf 83' lang='lat' dir='ltr'><strong>est</strong></span> <span class='ocrx_word' id='word_1_13' title='bbox 102 714 241 780; x_wconf 89' lang='lat' dir='ltr'><strong>liberatio</strong></span> <span class='ocrx_word' id='word_1_14' title='bbox 274 715 462 778; x_wconf 90' lang='lat' dir='ltr'><strong>animarum</strong></span> <span class='ocrx_word' id='word_1_15' title='bbox 498 713 688 779; x_wconf 90' lang='lat' dir='ltr'><strong>coelestium</strong></span> <span class='ocrx_word' id='word_1_16' title='bbox 722 735 902 801; x_wconf 88' lang='lat' dir='ltr'><strong>earumque</strong></span> <span class='ocrx_word' id='word_1_17' title='bbox 935 714 1061 778; x_wconf 90' lang='lat' dir='ltr'><strong>reditus</strong></span> <span class='ocrx_word' id='word_1_18' title='bbox 1091 713 1134 778; x_wconf 91' lang='lat' dir='ltr'><strong>ad</strong></span> 
     </span>
     <span class='ocr_line' id='line_1_4' title="bbox 45 810 1135 898; baseline 0.003 -25"><span class='ocrx_word' id='word_1_19' title='bbox 45 810 156 892; x_wconf 88' lang='lat' dir='ltr'><strong>coelum,</strong></span> <span class='ocrx_word' id='word_1_20' title='bbox 179 822 215 876; x_wconf 90' lang='lat' dir='ltr'><strong>ut</strong></span> <span class='ocrx_word' id='word_1_21' title='bbox 236 821 408 876; x_wconf 82' lang='lat' dir='ltr'><strong>resumant</strong></span> <span class='ocrx_word' id='word_1_22' title='bbox 431 833 568 898; x_wconf 90' lang='lat' dir='ltr'><strong>corpora</strong></span> <span class='ocrx_word' id='word_1_23' title='bbox 592 811 746 876; x_wconf 89' lang='lat' dir='ltr'><strong>coelestia</strong></span> <span class='ocrx_word' id='word_1_24' title='bbox 769 812 817 877; x_wconf 89' lang='lat' dir='ltr'><strong>ibi</strong></span> <span class='ocrx_word' id='word_1_25' title='bbox 841 812 966 897; x_wconf 87' lang='lat' dir='ltr'><strong>relicta,</strong></span> <span class='ocrx_word' id='word_1_26' title='bbox 996 811 1135 898; x_wconf 88' lang='lat' dir='ltr'><strong>angelis·</strong></span> 
     </span>
    </p>

    <p class='ocr_par' dir='ltr' id='par_1_4' title="bbox 40 908 1248 1385">
     <span class='ocr_line' id='line_1_5' title="bbox 42 908 1248 996; baseline 0.004 -26"><span class='ocrx_word' id='word_1_27' title='bbox 42 931 89 993; x_wconf 86' lang='lat' dir='ltr'><strong>qne</strong></span> <span class='ocrx_word' id='word_1_28' title='bbox 104 909 290 994; x_wconf 88' lang='lat' dir='ltr'><strong>jungantur.</strong></span> <span class='ocrx_word' id='word_1_29' title='bbox 315 908 383 990; x_wconf 82' lang='lat' dir='ltr'><strong>Qui</strong></span> <span class='ocrx_word' id='word_1_30' title='bbox 399 911 512 995; x_wconf 89' lang='lat' dir='ltr'><strong>itaque</strong></span> <span class='ocrx_word' id='word_1_31' title='bbox 535 910 756 974; x_wconf 87' lang='lat' dir='ltr'><strong>sufficientem</strong></span> <span class='ocrx_word' id='word_1_32' title='bbox 780 912 1019 996; x_wconf 89' lang='lat' dir='ltr'><strong>poenitentiam</strong></span> <span class='ocrx_word' id='word_1_33' title='bbox 1043 910 1135 975; x_wconf 89' lang='lat' dir='ltr'><strong>haud</strong></span> <span class='ocrx_word' id='word_1_34' title='bbox 1237 973 1248 986; x_wconf 81' lang='grc'><em>,</em></span> 
     </span>
     <span class='ocr_line' id='line_1_6' title="bbox 42 1007 1133 1095; baseline 0.004 -25"><span class='ocrx_word' id='word_1_35' title='bbox 42 1017 162 1089; x_wconf 83' lang='lat' dir='ltr'><strong>egerunt,</strong></span> <span class='ocrx_word' id='word_1_36' title='bbox 183 1017 257 1092; x_wconf 91' lang='lat' dir='ltr'><strong>post</strong></span> <span class='ocrx_word' id='word_1_37' title='bbox 280 1017 418 1071; x_wconf 90' lang='lat' dir='ltr'><strong>mortem</strong></span> <span class='ocrx_word' id='word_1_38' title='bbox 441 1008 516 1072; x_wconf 89' lang='lat' dir='ltr'><strong>aliis</strong></span> <span class='ocrx_word' id='word_1_39' title='bbox 539 1007 756 1072; x_wconf 90' lang='lat' dir='ltr'><strong>includuntur</strong></span> <span class='ocrx_word' id='word_1_40' title='bbox 787 1008 897 1072; x_wconf 91' lang='lat' dir='ltr'><strong>denuo</strong></span> <span class='ocrx_word' id='word_1_41' title='bbox 929 1009 1133 1095; x_wconf 84' lang='lat' dir='ltr'><strong>corporibus,</strong></span> 
     </span>
     <span class='ocr_line' id='line_1_7' title="bbox 41 1103 1134 1192; baseline 0.006 -27"><span class='ocrx_word' id='word_1_42' title='bbox 41 1103 183 1169; x_wconf 75' lang='lat' dir='ltr'><strong>volucrum</strong></span> <span class='ocrx_word' id='word_1_43' title='bbox 211 1107 329 1192; x_wconf 91' lang='lat' dir='ltr'><strong>primo,</strong></span> <span class='ocrx_word' id='word_1_44' title='bbox 364 1104 442 1169; x_wconf 89' lang='lat' dir='ltr'><strong>dein</strong></span> <span class='ocrx_word' id='word_1_45' title='bbox 476 1105 742 1192; x_wconf 76' lang='lat' dir='ltr'><strong>quadrupedum,</strong></span> <span class='ocrx_word' id='word_1_46' title='bbox 774 1128 814 1170; x_wconf 91' lang='lat' dir='ltr'><strong>ac</strong></span> <span class='ocrx_word' id='word_1_47' title='bbox 850 1106 984 1171; x_wconf 91' lang='lat' dir='ltr'><strong>demum</strong></span> <span class='ocrx_word' id='word_1_48' title='bbox 1015 1110 1134 1172; x_wconf 87' lang='lat' dir='ltr'><strong>iterum</strong></span> 
     </span>
     <span class='ocr_line' id='line_1_8' title="bbox 40 1201 1135 1290; baseline 0.007 -28"><span class='ocrx_word' id='word_1_49' title='bbox 40 1201 193 1284; x_wconf 90' lang='lat' dir='ltr'><strong>hominum,</strong></span> <span class='ocrx_word' id='word_1_50' title='bbox 218 1213 318 1290; x_wconf 88' lang='lat' dir='ltr'><strong>atque</strong></span> <span class='ocrx_word' id='word_1_51' title='bbox 340 1203 504 1289; x_wconf 89' lang='lat' dir='ltr'><strong>ejusmodi</strong></span> <span class='ocrx_word' id='word_1_52' title='bbox 521 1203 816 1290; x_wconf 76' lang='lat' dir='ltr'><strong>metempsychosis</strong></span> <span class='ocrx_word' id='word_1_53' title='bbox 833 1207 1055 1290; x_wconf 90' lang='lat' dir='ltr'><strong>continuatur,</strong></span> <span class='ocrx_word' id='word_1_54' title='bbox 1080 1205 1135 1270; x_wconf 94' lang='lat' dir='ltr'><strong>do-</strong></span> 
     </span>
     <span class='ocr_line' id='line_1_9' title="bbox 40 1301 1135 1385; baseline 0.005 -23"><span class='ocrx_word' id='word_1_55' title='bbox 40 1301 308 1366; x_wconf 85' lang='lat' dir='ltr'><strong>necCatbarornm</strong></span> <span class='ocrx_word' id='word_1_56' title='bbox 332 1309 455 1368; x_wconf 78' lang='lat' dir='ltr'><strong>sectam</strong></span> <span class='ocrx_word' id='word_1_57' title='bbox 479 1304 617 1385; x_wconf 88' lang='lat' dir='ltr'><strong>ingressi</strong></span> <span class='ocrx_word' id='word_1_58' title='bbox 642 1312 728 1384; x_wconf 92' lang='lat' dir='ltr'><strong>sunt,</strong></span> <span class='ocrx_word' id='word_1_59' title='bbox 752 1312 785 1366; x_wconf 90' lang='lat' dir='ltr'><strong>et</strong></span> <span class='ocrx_word' id='word_1_60' title='bbox 808 1302 1052 1368; x_wconf 80' lang='lat' dir='ltr'><strong>consolamento</strong></span> <span class='ocrx_word' id='word_1_61' title='bbox 1083 1325 1135 1367; x_wconf 90' lang='lat' dir='ltr'><strong>ac·</strong></span> 
     </span>
    </p>

    <p class='ocr_par' dir='ltr' id='par_1_5' title="bbox 39 1401 648 1485">
     <span class='ocr_line' id='line_1_10' title="bbox 39 1401 648 1485; baseline 0.01 -25"><span class='ocrx_word' id='word_1_62' title='bbox 39 1407 112 1483; x_wconf 83' lang='lat' dir='ltr'><strong>cepto</strong></span> <span class='ocrx_word' id='word_1_63' title='bbox 133 1401 242 1463; x_wconf 89' lang='lat' dir='ltr'><strong>anima</strong></span> <span class='ocrx_word' id='word_1_64' title='bbox 265 1422 286 1462; x_wconf 88' lang='lat' dir='ltr'><strong>a</strong></span> <span class='ocrx_word' id='word_1_65' title='bbox 308 1420 445 1484; x_wconf 87' lang='lat' dir='ltr'><strong>corpore</strong></span> <span class='ocrx_word' id='word_1_66' title='bbox 468 1411 648 1485; x_wconf 87' lang='lat' dir='ltr'><strong>separatur.</strong></span> 
     </span>
    </p>
   </div>
   <div class='ocr_carea' id='block_1_3' title="bbox 27 1539 1286 3096">
    <p class='ocr_par' dir='ltr' id='par_1_6' title="bbox 27 1539 1286 3096">
     <span class='ocr_line' id='line_1_11' title="bbox 106 1539 1286 1627; baseline 0.003 -23"><span class='ocrx_word' id='word_1_67' title='bbox 106 1541 134 1605; x_wconf 83' lang='lat'><strong>6.</strong></span> <span class='ocrx_word' id='word_1_68' title='bbox 158 1540 344 1627; x_wconf 85' lang='lat' dir='ltr'><strong>Disciplina</strong></span> <span class='ocrx_word' id='word_1_69' title='bbox 360 1541 493 1606; x_wconf 88' lang='lat' dir='ltr'><strong>moralis</strong></span> <span class='ocrx_word' id='word_1_70' title='bbox 509 1539 727 1606; x_wconf 90' lang='lat' dir='ltr'><strong>Catharorum</strong></span> <span class='ocrx_word' id='word_1_71' title='bbox 752 1540 952 1605; x_wconf 82' lang='lat' dir='ltr'><strong>consistebat</strong></span> <span class='ocrx_word' id='word_1_72' title='bbox 975 1543 1009 1606; x_wconf 96' lang='lat' dir='ltr'><strong>in</strong></span> <span class='ocrx_word' id='word_1_73' title='bbox 1033 1541 1131 1606; x_wconf 91' lang='lat' dir='ltr'><strong>absti-</strong></span> <span class='ocrx_word' id='word_1_74' title='bbox 1157 1557 1286 1607; x_wconf 63' lang='lat' dir='ltr'><strong>arnulpum</strong></span> 
     </span>
     <span class='ocr_line' id='line_1_12' title="bbox 37 1620 1277 1726; baseline 0.004 -27"><span class='ocrx_word' id='word_1_75' title='bbox 37 1639 127 1702; x_wconf 87' lang='lat' dir='ltr'><strong>nentia</strong></span> <span class='ocrx_word' id='word_1_76' title='bbox 150 1663 170 1703; x_wconf 91' lang='lat' dir='ltr'><strong>a</strong></span> <span class='ocrx_word' id='word_1_77' title='bbox 193 1640 340 1721; x_wconf 88' lang='lat' dir='ltr'><strong>materia,</strong></span> <span class='ocrx_word' id='word_1_78' title='bbox 370 1639 519 1726; x_wconf 83' lang='lat' dir='ltr'><strong>adeoque</strong></span> <span class='ocrx_word' id='word_1_79' title='bbox 551 1662 571 1702; x_wconf 91' lang='lat' dir='ltr'><strong>a</strong></span> <span class='ocrx_word' id='word_1_80' title='bbox 603 1641 807 1725; x_wconf 83' lang='lat' dir='ltr'><strong>possessione</strong></span> <span class='ocrx_word' id='word_1_81' title='bbox 839 1639 999 1704; x_wconf 86' lang='lat' dir='ltr'><strong>bonorum</strong></span> <span class='ocrx_word' id='word_1_82' title='bbox 1035 1650 1133 1704; x_wconf 91' lang='lat' dir='ltr'><strong>terre·</strong></span> <span class='ocrx_word' id='word_1_83' title='bbox 1174 1620 1277 1660; x_wconf 54' lang='lat' dir='ltr'><strong>&#39;&#39;mm&#39;&#39;</strong></span> 
     </span>
     <span class='ocr_line' id='line_1_13' title="bbox 35 1736 1134 1821; baseline 0.005 -25"><span class='ocrx_word' id='word_1_84' title='bbox 35 1737 139 1816; x_wconf 74' lang='lat' dir='ltr'><strong>utrium,</strong></span> <span class='ocrx_word' id='word_1_85' title='bbox 163 1759 183 1800; x_wconf 87' lang='lat' dir='ltr'><strong>a</strong></span> <span class='ocrx_word' id='word_1_86' title='bbox 205 1736 291 1801; x_wconf 88' lang='lat' dir='ltr'><strong>bello</strong></span> <span class='ocrx_word' id='word_1_87' title='bbox 323 1749 355 1801; x_wconf 87' lang='lat' dir='ltr'><strong>et</strong></span> <span class='ocrx_word' id='word_1_88' title='bbox 378 1739 420 1802; x_wconf 90' lang='lat' dir='ltr'><strong>ab</strong></span> <span class='ocrx_word' id='word_1_89' title='bbox 446 1739 620 1802; x_wconf 89' lang='lat' dir='ltr'><strong>occisione.</strong></span> <span class='ocrx_word' id='word_1_90' title='bbox 669 1736 782 1818; x_wconf 82' lang='lat' dir='ltr'><strong>Quum</strong></span> <span class='ocrx_word' id='word_1_91' title='bbox 813 1758 891 1801; x_wconf 89' lang='lat' dir='ltr'><strong>vero</strong></span> <span class='ocrx_word' id='word_1_92' title='bbox 921 1739 1134 1821; x_wconf 88' lang='lat' dir='ltr'><strong>generatione</strong></span> 
     </span>
     <span class='ocr_line' id='line_1_14' title="bbox 33 1835 1137 1921; baseline 0.003 -25"><span class='ocrx_word' id='word_1_93' title='bbox 33 1835 190 1920; x_wconf 85' lang='lat' dir='ltr'><strong>praecipue</strong></span> <span class='ocrx_word' id='word_1_94' title='bbox 228 1835 385 1900; x_wconf 88' lang='lat' dir='ltr'><strong>dilatetur</strong></span> <span class='ocrx_word' id='word_1_95' title='bbox 416 1846 449 1900; x_wconf 92' lang='lat' dir='ltr'><strong>et</strong></span> <span class='ocrx_word' id='word_1_96' title='bbox 483 1835 704 1921; x_wconf 88' lang='lat' dir='ltr'><strong>amplificetur</strong></span> <span class='ocrx_word' id='word_1_97' title='bbox 738 1856 877 1918; x_wconf 90' lang='lat' dir='ltr'><strong>regnum</strong></span> <span class='ocrx_word' id='word_1_98' title='bbox 914 1838 1070 1900; x_wconf 90' lang='lat' dir='ltr'><strong>materiae</strong></span> <span class='ocrx_word' id='word_1_99' title='bbox 1104 1847 1137 1900; x_wconf 91' lang='lat' dir='ltr'><strong>et</strong></span> 
     </span>
     <span class='ocr_line' id='line_1_15' title="bbox 33 1931 1135 2019; baseline 0.005 -26"><span class='ocrx_word' id='word_1_100' title='bbox 33 1933 174 2018; x_wconf 88' lang='lat' dir='ltr'><strong>principis</strong></span> <span class='ocrx_word' id='word_1_101' title='bbox 197 1931 418 2014; x_wconf 88' lang='lat' dir='ltr'><strong>tenebrarum,</strong></span> <span class='ocrx_word' id='word_1_102' title='bbox 444 1934 692 1998; x_wconf 88' lang='lat' dir='ltr'><strong>matrimonium</strong></span> <span class='ocrx_word' id='word_1_103' title='bbox 718 1942 751 1996; x_wconf 90' lang='lat' dir='ltr'><strong>et</strong></span> <span class='ocrx_word' id='word_1_104' title='bbox 774 1933 931 1996; x_wconf 88' lang='lat' dir='ltr'><strong>unionem</strong></span> <span class='ocrx_word' id='word_1_105' title='bbox 956 1934 1135 2019; x_wconf 83' lang='lat' dir='ltr'><strong>conjugum</strong></span> 
     </span>
     <span class='ocr_line' id='line_1_16' title="bbox 31 2031 1138 2118; baseline 0.003 -26"><span class='ocrx_word' id='word_1_106' title='bbox 31 2031 144 2114; x_wconf 87' lang='lat' dir='ltr'><strong>penitus</strong></span> <span class='ocrx_word' id='word_1_107' title='bbox 179 2031 377 2117; x_wconf 88' lang='lat' dir='ltr'><strong>rejiciebant</strong></span> <span class='ocrx_word' id='word_1_108' title='bbox 412 2041 448 2095; x_wconf 89' lang='lat' dir='ltr'><strong>ut</strong></span> <span class='ocrx_word' id='word_1_109' title='bbox 478 2041 652 2118; x_wconf 89' lang='lat' dir='ltr'><strong>peccatum</strong></span> <span class='ocrx_word' id='word_1_110' title='bbox 683 2032 882 2116; x_wconf 82' lang='lat' dir='ltr'><strong>pessimum3</strong></span> <span class='ocrx_word' id='word_1_111' title='bbox 914 2031 1138 2096; x_wconf 88' lang='lat' dir='ltr'><strong>abhorrebant</strong></span> 
     </span>
     <span class='ocr_line' id='line_1_17' title="bbox 31 2128 1136 2215; baseline 0.005 -26"><span class='ocrx_word' id='word_1_112' title='bbox 31 2147 143 2213; x_wconf 87' lang='lat' dir='ltr'><strong>quoque</strong></span> <span class='ocrx_word' id='word_1_113' title='bbox 166 2128 209 2192; x_wconf 90' lang='lat' dir='ltr'><strong>ab</strong></span> <span class='ocrx_word' id='word_1_114' title='bbox 234 2151 292 2193; x_wconf 89' lang='lat' dir='ltr'><strong>esu</strong></span> <span class='ocrx_word' id='word_1_115' title='bbox 316 2130 467 2193; x_wconf 88' lang='lat' dir='ltr'><strong>carnium</strong></span> <span class='ocrx_word' id='word_1_116' title='bbox 492 2152 531 2192; x_wconf 90' lang='lat' dir='ltr'><strong>ac</strong></span> <span class='ocrx_word' id='word_1_117' title='bbox 555 2128 660 2209; x_wconf 88' lang='lat' dir='ltr'><strong>lactis,</strong></span> <span class='ocrx_word' id='word_1_118' title='bbox 694 2150 796 2215; x_wconf 90' lang='lat' dir='ltr'><strong>quum</strong></span> <span class='ocrx_word' id='word_1_119' title='bbox 820 2128 979 2193; x_wconf 89' lang='lat' dir='ltr'><strong>animalia</strong></span> <span class='ocrx_word' id='word_1_120' title='bbox 1002 2151 1136 2214; x_wconf 88' lang='lat' dir='ltr'><strong>genera·</strong></span> 
     </span>
     <span class='ocr_line' id='line_1_18' title="bbox 30 2225 1136 2312; baseline 0.005 -26"><span class='ocrx_word' id='word_1_121' title='bbox 30 2227 103 2289; x_wconf 89' lang='lat' dir='ltr'><strong>tione</strong></span> <span class='ocrx_word' id='word_1_122' title='bbox 125 2237 353 2312; x_wconf 87' lang='lat' dir='ltr'><strong>procreentur.</strong></span> <span class='ocrx_word' id='word_1_123' title='bbox 381 2225 556 2290; x_wconf 85' lang='lat' dir='ltr'><strong>Caeterum</strong></span> <span class='ocrx_word' id='word_1_124' title='bbox 582 2248 659 2290; x_wconf 88' lang='lat' dir='ltr'><strong>vero</strong></span> <span class='ocrx_word' id='word_1_125' title='bbox 684 2226 824 2311; x_wconf 89' lang='lat' dir='ltr'><strong>perinde</strong></span> <span class='ocrx_word' id='word_1_126' title='bbox 848 2250 918 2291; x_wconf 88' lang='lat' dir='ltr'><strong>esse</strong></span> <span class='ocrx_word' id='word_1_127' title='bbox 944 2227 1136 2292; x_wconf 89' lang='lat' dir='ltr'><strong>statuebant</strong></span> 
     </span>
     <span class='ocr_line' id='line_1_19' title="bbox 29 2323 1136 2411; baseline 0.005 -27"><span class='ocrx_word' id='word_1_128' title='bbox 29 2333 122 2388; x_wconf 86' lang='lat' dir='ltr'><strong>rtrum</strong></span> <span class='ocrx_word' id='word_1_129' title='bbox 145 2327 220 2411; x_wconf 88' lang='lat' dir='ltr'><strong>quis</strong></span> <span class='ocrx_word' id='word_1_130' title='bbox 245 2346 321 2389; x_wconf 91' lang='lat' dir='ltr'><strong>cum</strong></span> <span class='ocrx_word' id='word_1_131' title='bbox 343 2324 493 2409; x_wconf 88' lang='lat' dir='ltr'><strong>legitima</strong></span> <span class='ocrx_word' id='word_1_132' title='bbox 517 2345 620 2388; x_wconf 87' lang='lat' dir='ltr'><strong>uxore</strong></span> <span class='ocrx_word' id='word_1_133' title='bbox 636 2323 909 2388; x_wconf 89' lang='lat' dir='ltr'><strong>consuetudinem</strong></span> <span class='ocrx_word' id='word_1_134' title='bbox 929 2325 1077 2404; x_wconf 90' lang='lat' dir='ltr'><strong>haberet,</strong></span> <span class='ocrx_word' id='word_1_135' title='bbox 1092 2349 1136 2390; x_wconf 89' lang='lat' dir='ltr'><strong>an</strong></span> 
     </span>
     <span class='ocr_line' id='line_1_20' title="bbox 29 2421 1136 2509; baseline 0.004 -26"><span class='ocrx_word' id='word_1_136' title='bbox 29 2441 91 2484; x_wconf 77' lang='lat' dir='ltr'><strong>vero</strong></span> <span class='ocrx_word' id='word_1_137' title='bbox 114 2445 189 2486; x_wconf 89' lang='lat' dir='ltr'><strong>cum</strong></span> <span class='ocrx_word' id='word_1_138' title='bbox 215 2421 280 2487; x_wconf 88' lang='lat' dir='ltr'><strong>alia</strong></span> <span class='ocrx_word' id='word_1_139' title='bbox 304 2422 451 2505; x_wconf 90' lang='lat' dir='ltr'><strong>muliere,</strong></span> <span class='ocrx_word' id='word_1_140' title='bbox 476 2424 576 2486; x_wconf 89' lang='lat' dir='ltr'><strong>etiam</strong></span> <span class='ocrx_word' id='word_1_141' title='bbox 601 2424 858 2505; x_wconf 89' lang='lat' dir='ltr'><strong>consanguinea.</strong></span> <span class='ocrx_word' id='word_1_142' title='bbox 907 2423 1005 2487; x_wconf 91' lang='lat' dir='ltr'><strong>Unde</strong></span> <span class='ocrx_word' id='word_1_143' title='bbox 1033 2445 1136 2509; x_wconf 91' lang='lat' dir='ltr'><strong>quum</strong></span> 
     </span>
     <span class='ocr_line' id='line_1_21' title="bbox 29 2520 1137 2608; baseline 0.005 -28"><span class='ocrx_word' id='word_1_144' title='bbox 29 2523 185 2584; x_wconf 85' lang='lat' dir='ltr'><strong>tantuma</strong></span> <span class='ocrx_word' id='word_1_145' title='bbox 208 2521 364 2608; x_wconf 88' lang='lat' dir='ltr'><strong>perfectis</strong></span> <span class='ocrx_word' id='word_1_146' title='bbox 388 2523 579 2604; x_wconf 85' lang='lat' dir='ltr'><strong>exigeretur</strong></span> <span class='ocrx_word' id='word_1_147' title='bbox 602 2522 716 2584; x_wconf 89' lang='lat' dir='ltr'><strong>stricta</strong></span> <span class='ocrx_word' id='word_1_148' title='bbox 732 2520 918 2584; x_wconf 89' lang='lat' dir='ltr'><strong>observatio</strong></span> <span class='ocrx_word' id='word_1_149' title='bbox 940 2521 1137 2606; x_wconf 87' lang='lat' dir='ltr'><strong>disciplinae</strong></span> 
     </span>
     <span class='ocr_line' id='line_1_22' title="bbox 29 2617 1137 2705; baseline 0.004 -25"><span class='ocrx_word' id='word_1_150' title='bbox 29 2617 144 2682; x_wconf 86' lang='lat' dir='ltr'><strong>moralis</strong></span> <span class='ocrx_word' id='word_1_151' title='bbox 168 2641 293 2700; x_wconf 89' lang='lat' dir='ltr'><strong>eornm,</strong></span> <span class='ocrx_word' id='word_1_152' title='bbox 319 2617 454 2705; x_wconf 89' lang='lat' dir='ltr'><strong>reliquis</strong></span> <span class='ocrx_word' id='word_1_153' title='bbox 478 2629 589 2684; x_wconf 86' lang='lat' dir='ltr'><strong>autem</strong></span> <span class='ocrx_word' id='word_1_154' title='bbox 614 2617 826 2682; x_wconf 85' lang='lat' dir='ltr'><strong>credentibus</strong></span> <span class='ocrx_word' id='word_1_155' title='bbox 850 2617 1077 2702; x_wconf 88' lang='lat' dir='ltr'><strong>indulgeretur</strong></span> <span class='ocrx_word' id='word_1_156' title='bbox 1093 2620 1137 2684; x_wconf 89' lang='lat' dir='ltr'><strong>ad</strong></span> 
     </span>
     <span class='ocr_line' id='line_1_23' title="bbox 29 2715 1137 2800; baseline 0.003 -22"><span class='ocrx_word' id='word_1_157' title='bbox 29 2727 142 2800; x_wconf 79' lang='lat' dir='ltr'><strong>tempus</strong></span> <span class='ocrx_word' id='word_1_158' title='bbox 165 2719 252 2781; x_wconf 87' lang='lat' dir='ltr'><strong>ratio</strong></span> <span class='ocrx_word' id='word_1_159' title='bbox 276 2719 366 2781; x_wconf 85' lang='lat' dir='ltr'><strong>vitae</strong></span> <span class='ocrx_word' id='word_1_160' title='bbox 390 2717 588 2800; x_wconf 88' lang='lat' dir='ltr'><strong>ordinariae,</strong></span> <span class='ocrx_word' id='word_1_161' title='bbox 612 2716 718 2800; x_wconf 89' lang='lat' dir='ltr'><strong>vides,</strong></span> <span class='ocrx_word' id='word_1_162' title='bbox 749 2715 841 2780; x_wconf 90' lang='lat' dir='ltr'><strong>hisce</strong></span> <span class='ocrx_word' id='word_1_163' title='bbox 871 2715 914 2779; x_wconf 89' lang='lat' dir='ltr'><strong>ad</strong></span> <span class='ocrx_word' id='word_1_164' title='bbox 945 2738 1077 2780; x_wconf 91' lang='lat' dir='ltr'><strong>omnem</strong></span> <span class='ocrx_word' id='word_1_165' title='bbox 1101 2715 1137 2781; x_wconf 92' lang='lat' dir='ltr'><strong>li-</strong></span> 
     </span>
     <span class='ocr_line' id='line_1_24' title="bbox 29 2809 1137 2901; baseline 0.005 -27"><span class='ocrx_word' id='word_1_166' title='bbox 29 2809 159 2878; x_wconf 90' lang='lat' dir='ltr'><strong>bidinem</strong></span> <span class='ocrx_word' id='word_1_167' title='bbox 184 2817 276 2878; x_wconf 82' lang='lat' dir='ltr'><strong>viam</strong></span> <span class='ocrx_word' id='word_1_168' title='bbox 308 2825 457 2901; x_wconf 87' lang='lat' dir='ltr'><strong>apertam</strong></span> <span class='ocrx_word' id='word_1_169' title='bbox 485 2815 597 2880; x_wconf 88' lang='lat' dir='ltr'><strong>fuisse.</strong></span> <span class='ocrx_word' id='word_1_170' title='bbox 644 2814 696 2878; x_wconf 85' lang='lat' dir='ltr'><strong>Ac</strong></span> <span class='ocrx_word' id='word_1_171' title='bbox 720 2836 849 2878; x_wconf 88' lang='lat' dir='ltr'><strong>summa</strong></span> <span class='ocrx_word' id='word_1_172' title='bbox 871 2813 995 2878; x_wconf 89' lang='lat' dir='ltr'><strong>scelera</strong></span> <span class='ocrx_word' id='word_1_173' title='bbox 1022 2837 1137 2900; x_wconf 89' lang='lat' dir='ltr'><strong>reapse</strong></span> 
     </span>
     <span class='ocr_line' id='line_1_25' title="bbox 28 2909 1136 2999; baseline 0.005 -28"><span class='ocrx_word' id='word_1_174' title='bbox 28 2909 209 2977; x_wconf 81' lang='lat' dir='ltr'><strong>aCatharis</strong></span> <span class='ocrx_word' id='word_1_175' title='bbox 234 2913 529 2999; x_wconf 81' lang='lat' dir='ltr'><strong>perpetrabantur3</strong></span> <span class='ocrx_word' id='word_1_176' title='bbox 559 2913 858 2997; x_wconf 86' lang='lat' dir='ltr'><strong>consanguinitatis</strong></span> <span class='ocrx_word' id='word_1_177' title='bbox 882 2912 1017 2977; x_wconf 85' lang='lat' dir='ltr'><strong>vincula</strong></span> <span class='ocrx_word' id='word_1_178' title='bbox 1040 2935 1136 2998; x_wconf 90' lang='lat' dir='ltr'><strong>pecu-</strong></span> 
     </span>
     <span class='ocr_line' id='line_1_26' title="bbox 27 3011 397 3096; baseline 0.016 -26"><span class='ocrx_word' id='word_1_179' title='bbox 27 3011 70 3071; x_wconf 86' lang='lat' dir='ltr'><strong>nia</strong></span> <span class='ocrx_word' id='word_1_180' title='bbox 90 3011 211 3075; x_wconf 87' lang='lat' dir='ltr'><strong>redimi</strong></span> <span class='ocrx_word' id='word_1_181' title='bbox 236 3021 397 3096; x_wconf 88' lang='lat' dir='ltr'><strong>poterant.</strong></span> 
     </span>
    </p>
   </div>
   <div class='ocr_carea' id='block_1_4' title="bbox 26 3159 1298 4318">
    <p class='ocr_par' dir='ltr' id='par_1_7' title="bbox 26 3159 1298 4318">
     <span class='ocr_line' id='line_1_27' title="bbox 102 3159 1298 3243; baseline 0.001 -19"><span class='ocrx_word' id='word_1_182' title='bbox 102 3162 129 3228; x_wconf 80' lang='grc'><strong>7.</strong></span> <span class='ocrx_word' id='word_1_183' title='bbox 158 3161 260 3243; x_wconf 84' lang='lat' dir='ltr'><strong>Quod</strong></span> <span class='ocrx_word' id='word_1_184' title='bbox 284 3185 362 3226; x_wconf 89' lang='lat' dir='ltr'><strong>vero</strong></span> <span class='ocrx_word' id='word_1_185' title='bbox 385 3165 505 3227; x_wconf 90' lang='lat' dir='ltr'><strong>attinet</strong></span> <span class='ocrx_word' id='word_1_186' title='bbox 528 3163 570 3227; x_wconf 89' lang='lat' dir='ltr'><strong>ad</strong></span> <span class='ocrx_word' id='word_1_187' title='bbox 595 3162 864 3226; x_wconf 87' lang='lat' dir='ltr'><strong>constitutionem</strong></span> <span class='ocrx_word' id='word_1_188' title='bbox 887 3159 1061 3225; x_wconf 83' lang='lat' dir='ltr'><strong>Societatis</strong></span> <span class='ocrx_word' id='word_1_189' title='bbox 1084 3183 1135 3225; x_wconf 91' lang='lat' dir='ltr'><strong>eo·</strong></span> <span class='ocrx_word' id='word_1_190' title='bbox 1157 3167 1298 3209; x_wconf 59' lang='lat'><strong>00222522210</strong></span> 
     </span>
     <span class='ocr_line' id='line_1_28' title="bbox 26 3235 1269 3345; baseline 0.002 -26"><span class='ocrx_word' id='word_1_191' title='bbox 26 3277 95 3340; x_wconf 84' lang='lat' dir='ltr'><strong>rum,</strong></span> <span class='ocrx_word' id='word_1_192' title='bbox 118 3272 189 3324; x_wconf 76' lang='lat' dir='ltr'><strong>arte</strong></span> <span class='ocrx_word' id='word_1_193' title='bbox 213 3261 345 3324; x_wconf 89' lang='lat' dir='ltr'><strong>funesta</strong></span> <span class='ocrx_word' id='word_1_194' title='bbox 368 3262 478 3345; x_wconf 87' lang='lat' dir='ltr'><strong>ipsum</strong></span> <span class='ocrx_word' id='word_1_195' title='bbox 501 3259 672 3324; x_wconf 83' lang='lat' dir='ltr'><strong>Ecclesiae</strong></span> <span class='ocrx_word' id='word_1_196' title='bbox 703 3257 886 3322; x_wconf 88' lang='lat' dir='ltr'><strong>catholicae</strong></span> <span class='ocrx_word' id='word_1_197' title='bbox 910 3260 1134 3344; x_wconf 85' lang='lat' dir='ltr'><strong>organismum</strong></span> <span class='ocrx_word' id='word_1_198' title='bbox 1185 3235 1269 3270; x_wconf 53' lang='lat' dir='ltr'><strong>&#39;w&#39;</strong></span> 
     </span>
     <span class='ocr_line' id='line_1_29' title="bbox 27 3354 1137 3444; baseline 0.004 -28"><span class='ocrx_word' id='word_1_199' title='bbox 27 3354 197 3423; x_wconf 88' lang='lat' dir='ltr'><strong>imitatione</strong></span> <span class='ocrx_word' id='word_1_200' title='bbox 222 3358 368 3443; x_wconf 89' lang='lat' dir='ltr'><strong>quadam</strong></span> <span class='ocrx_word' id='word_1_201' title='bbox 392 3368 630 3444; x_wconf 85' lang='lat' dir='ltr'><strong>expresserant.</strong></span> <span class='ocrx_word' id='word_1_202' title='bbox 671 3393 712 3403; x_wconf 89' lang='lat'>—</span> <span class='ocrx_word' id='word_1_203' title='bbox 751 3357 908 3420; x_wconf 89' lang='lat' dir='ltr'><strong>Infimum</strong></span> <span class='ocrx_word' id='word_1_204' title='bbox 936 3356 1077 3440; x_wconf 89' lang='lat' dir='ltr'><strong>gradum</strong></span> <span class='ocrx_word' id='word_1_205' title='bbox 1101 3359 1137 3420; x_wconf 91' lang='lat' dir='ltr'><strong>in</strong></span> 
     </span>
     <span class='ocr_line' id='line_1_30' title="bbox 27 3455 1136 3541; baseline 0.005 -27"><span class='ocrx_word' id='word_1_206' title='bbox 27 3473 122 3519; x_wconf 80' lang='lat' dir='ltr'><strong>eorum</strong></span> <span class='ocrx_word' id='word_1_207' title='bbox 157 3455 300 3520; x_wconf 88' lang='lat' dir='ltr'><strong>ecclesia</strong></span> <span class='ocrx_word' id='word_1_208' title='bbox 331 3456 492 3521; x_wconf 89' lang='lat' dir='ltr'><strong>tenebant</strong></span> <span class='ocrx_word' id='word_1_209' title='bbox 520 3456 743 3535; x_wconf 79' lang='lat' dir='ltr'><strong>catechumeni,</strong></span> <span class='ocrx_word' id='word_1_210' title='bbox 775 3457 832 3540; x_wconf 89' lang='lat' dir='ltr'><strong>qui</strong></span> <span class='ocrx_word' id='word_1_211' title='bbox 863 3455 1021 3520; x_wconf 87' lang='lat' dir='ltr'><strong>videlicet</strong></span> <span class='ocrx_word' id='word_1_212' title='bbox 1050 3466 1136 3541; x_wconf 90' lang='lat' dir='ltr'><strong>pete-</strong></span> 
     </span>
     <span class='ocr_line' id='line_1_31' title="bbox 27 3545 1136 3620; baseline 0.005 -7"><span class='ocrx_word' id='word_1_213' title='bbox 27 3545 92 3616; x_wconf 87' lang='lat' dir='ltr'><strong>bant</strong></span> <span class='ocrx_word' id='word_1_214' title='bbox 128 3554 366 3618; x_wconf 83' lang='lat' dir='ltr'><strong>admissionem</strong></span> <span class='ocrx_word' id='word_1_215' title='bbox 413 3553 456 3618; x_wconf 90' lang='lat' dir='ltr'><strong>ad</strong></span> <span class='ocrx_word' id='word_1_216' title='bbox 495 3564 617 3618; x_wconf 89' lang='lat' dir='ltr'><strong>sectam</strong></span> <span class='ocrx_word' id='word_1_217' title='bbox 665 3562 697 3616; x_wconf 91' lang='lat' dir='ltr'><strong>et</strong></span> <span class='ocrx_word' id='word_1_218' title='bbox 736 3553 991 3620; x_wconf 89' lang='lat' dir='ltr'><strong>instruebantur.</strong></span> <span class='ocrx_word' id='word_1_219' title='bbox 1044 3553 1136 3619; x_wconf 89' lang='lat' dir='ltr'><strong>Mare</strong></span> 
     </span>
     <span class='ocr_line' id='line_1_32' title="bbox 27 3650 1136 3738; baseline 0.006 -28"><span class='ocrx_word' id='word_1_220' title='bbox 27 3651 99 3714; x_wconf 79' lang='lat' dir='ltr'><strong>enim</strong></span> <span class='ocrx_word' id='word_1_221' title='bbox 122 3663 156 3715; x_wconf 90' lang='lat' dir='ltr'><strong>et</strong></span> <span class='ocrx_word' id='word_1_222' title='bbox 179 3653 305 3715; x_wconf 89' lang='lat' dir='ltr'><strong>siccam</strong></span> <span class='ocrx_word' id='word_1_223' title='bbox 330 3651 516 3716; x_wconf 89' lang='lat' dir='ltr'><strong>circuibant</strong></span> <span class='ocrx_word' id='word_1_224' title='bbox 539 3650 585 3715; x_wconf 91' lang='lat' dir='ltr'><strong>illi</strong></span> <span class='ocrx_word' id='word_1_225' title='bbox 610 3650 778 3734; x_wconf 87' lang='lat' dir='ltr'><strong>haeretici,</strong></span> <span class='ocrx_word' id='word_1_226' title='bbox 803 3663 839 3714; x_wconf 88' lang='lat' dir='ltr'><strong>ut</strong></span> <span class='ocrx_word' id='word_1_227' title='bbox 855 3651 979 3738; x_wconf 93' lang='lat' dir='ltr'><strong>ubique</strong></span> <span class='ocrx_word' id='word_1_228' title='bbox 995 3652 1136 3717; x_wconf 89' lang='lat' dir='ltr'><strong>asseclas</strong></span> 
     </span>
     <span class='ocr_line' id='line_1_33' title="bbox 28 3747 1136 3835; baseline 0.005 -27"><span class='ocrx_word' id='word_1_229' title='bbox 28 3747 212 3814; x_wconf 75' lang='lat' dir='ltr'><strong>invenirent„</strong></span> <span class='ocrx_word' id='word_1_230' title='bbox 262 3748 493 3835; x_wconf 87' lang='lat' dir='ltr'><strong>Sequebantur</strong></span> <span class='ocrx_word' id='word_1_231' title='bbox 516 3748 593 3812; x_wconf 89' lang='lat' dir='ltr'><strong>dein</strong></span> <span class='ocrx_word' id='word_1_232' title='bbox 620 3749 790 3831; x_wconf 71' lang='lat' dir='ltr'><strong>medentes,</strong></span> <span class='ocrx_word' id='word_1_233' title='bbox 815 3753 934 3833; x_wconf 90' lang='lat' dir='ltr'><strong>ingens</strong></span> <span class='ocrx_word' id='word_1_234' title='bbox 959 3750 1136 3815; x_wconf 88' lang='lat' dir='ltr'><strong>haeretico-</strong></span> 
     </span>
     <span class='ocr_line' id='line_1_34' title="bbox 28 3845 1136 3934; baseline 0.007 -29"><span class='ocrx_word' id='word_1_235' title='bbox 28 3865 85 3909; x_wconf 87' lang='lat' dir='ltr'><strong>rnrn</strong></span> <span class='ocrx_word' id='word_1_236' title='bbox 109 3846 290 3911; x_wconf 88' lang='lat' dir='ltr'><strong>multitudo</strong></span> <span class='ocrx_word' id='word_1_237' title='bbox 321 3849 355 3910; x_wconf 95' lang='lat' dir='ltr'><strong>in</strong></span> <span class='ocrx_word' id='word_1_238' title='bbox 387 3845 522 3912; x_wconf 89' lang='lat' dir='ltr'><strong>Oriente</strong></span> <span class='ocrx_word' id='word_1_239' title='bbox 551 3856 584 3909; x_wconf 91' lang='lat' dir='ltr'><strong>et</strong></span> <span class='ocrx_word' id='word_1_240' title='bbox 607 3845 799 3928; x_wconf 90' lang='lat' dir='ltr'><strong>Occidente,</strong></span> <span class='ocrx_word' id='word_1_241' title='bbox 831 3849 887 3934; x_wconf 93' lang='lat' dir='ltr'><strong>qui</strong></span> <span class='ocrx_word' id='word_1_242' title='bbox 918 3847 1136 3914; x_wconf 86' lang='lat' dir='ltr'><strong>Catharorum</strong></span> 
     </span>
     <span class='ocr_line' id='line_1_35' title="bbox 28 3939 1136 4032; baseline 0.005 -27"><span class='ocrx_word' id='word_1_243' title='bbox 28 3939 179 4010; x_wconf 80' lang='lat' dir='ltr'><strong>doctrinas</strong></span> <span class='ocrx_word' id='word_1_244' title='bbox 204 3944 455 4032; x_wconf 85' lang='lat' dir='ltr'><strong>profitebantur.</strong></span> <span class='ocrx_word' id='word_1_245' title='bbox 492 3943 557 4009; x_wconf 84' lang='lat' dir='ltr'><strong>Sed</strong></span> <span class='ocrx_word' id='word_1_246' title='bbox 581 3966 647 4008; x_wconf 93' lang='lat' dir='ltr'><strong>non</strong></span> <span class='ocrx_word' id='word_1_247' title='bbox 672 3944 870 4010; x_wconf 91' lang='lat' dir='ltr'><strong>tenebantur</strong></span> <span class='ocrx_word' id='word_1_248' title='bbox 892 3946 935 4010; x_wconf 90' lang='lat' dir='ltr'><strong>ad</strong></span> <span class='ocrx_word' id='word_1_249' title='bbox 959 3946 1136 4011; x_wconf 83' lang='lat' dir='ltr'><strong>observan-</strong></span> 
     </span>
     <span class='ocr_line' id='line_1_36' title="bbox 29 4039 1136 4128; baseline 0.006 -27"><span class='ocrx_word' id='word_1_250' title='bbox 29 4039 91 4106; x_wconf 85' lang='lat' dir='ltr'><strong>dam</strong></span> <span class='ocrx_word' id='word_1_251' title='bbox 114 4047 266 4108; x_wconf 84' lang='lat' dir='ltr'><strong>strictam</strong></span> <span class='ocrx_word' id='word_1_252' title='bbox 292 4041 503 4128; x_wconf 90' lang='lat' dir='ltr'><strong>disciplinam</strong></span> <span class='ocrx_word' id='word_1_253' title='bbox 520 4042 677 4107; x_wconf 88' lang='lat' dir='ltr'><strong>moralem</strong></span> <span class='ocrx_word' id='word_1_254' title='bbox 692 4041 921 4108; x_wconf 86' lang='lat' dir='ltr'><strong>Catharorum.</strong></span> <span class='ocrx_word' id='word_1_255' title='bbox 947 4044 1043 4108; x_wconf 88' lang='lat' dir='ltr'><strong>Hanc</strong></span> <span class='ocrx_word' id='word_1_256' title='bbox 1068 4055 1136 4108; x_wconf 90' lang='lat' dir='ltr'><strong>tan·</strong></span> 
     </span>
     <span class='ocr_line' id='line_1_37' title="bbox 28 4140 1136 4230; baseline 0.007 -32"><span class='ocrx_word' id='word_1_257' title='bbox 28 4153 82 4204; x_wconf 88' lang='lat' dir='ltr'><strong>tum</strong></span> <span class='ocrx_word' id='word_1_258' title='bbox 103 4143 242 4230; x_wconf 75' lang='lat' dir='ltr'><strong>perfecti</strong></span> <span class='ocrx_word' id='word_1_259' title='bbox 264 4140 452 4222; x_wconf 85' lang='lat' dir='ltr'><strong>servabant,</strong></span> <span class='ocrx_word' id='word_1_260' title='bbox 481 4142 537 4227; x_wconf 90' lang='lat' dir='ltr'><strong>qui</strong></span> <span class='ocrx_word' id='word_1_261' title='bbox 562 4142 764 4226; x_wconf 91' lang='lat' dir='ltr'><strong>superiorem</strong></span> <span class='ocrx_word' id='word_1_262' title='bbox 796 4141 973 4227; x_wconf 82' lang='lat' dir='ltr'><strong>quemdem</strong></span> <span class='ocrx_word' id='word_1_263' title='bbox 999 4141 1136 4206; x_wconf 88' lang='lat' dir='ltr'><strong>classem</strong></span> 
     </span>
     <span class='ocr_line' id='line_1_38' title="bbox 29 4237 1137 4318; baseline 0.008 -22"><span class='ocrx_word' id='word_1_264' title='bbox 29 4237 125 4303; x_wconf 84' lang='lat' dir='ltr'><strong>inilia</strong></span> <span class='ocrx_word' id='word_1_265' title='bbox 148 4251 243 4306; x_wconf 85' lang='lat' dir='ltr'><strong>secta</strong></span> <span class='ocrx_word' id='word_1_266' title='bbox 267 4237 520 4305; x_wconf 89' lang='lat' dir='ltr'><strong>constituebant.</strong></span> <span class='ocrx_word' id='word_1_267' title='bbox 552 4238 720 4303; x_wconf 78' lang='lat' dir='ltr'><strong>Sciendum</strong></span> <span class='ocrx_word' id='word_1_268' title='bbox 743 4250 857 4318; x_wconf 84' lang='lat' dir='ltr'><strong>autem,</strong></span> <span class='ocrx_word' id='word_1_269' title='bbox 882 4238 997 4303; x_wconf 88' lang='lat' dir='ltr'><strong>scribit</strong></span> <span class='ocrx_word' id='word_1_270' title='bbox 1019 4239 1137 4305; x_wconf 88' lang='lat' dir='ltr'><strong>Petrus</strong></span> 
     </span>
    </p>
   </div>
   <div class='ocr_carea' id='block_1_5' title="bbox 0 0 1418 4841">
    <p class='ocr_par' dir='ltr' id='par_1_8' title="bbox 0 0 1418 4841">
     <span class='ocr_line' id='line_1_39' title="bbox 0 0 1418 4841; baseline 0 0"><span class='ocrx_word' id='word_1_271' title='bbox 0 0 1418 4841; x_wconf 95' lang='lat' dir='ltr'><strong> </strong></span> 
     </span>
    </p>
   </div>
  </div>
 </body>
</html>
