2844 4840
347 448 490 502 Processus
508 453 602 500 contra
620 445 794 514 Templnrios.
1094 451 1129 504 97

43 595 73 656 od
91 599 166 682 acjm
182 604 353 681 pastorem,
379 592 413 654 id
437 602 481 654 est
506 588 729 676 Apostolorum
746 591 897 676 primum,
925 592 1060 658 Domino
1085 593 1128 658 la·

40 703 133 775 piretus,
151 701 351 778 praeceptum
375 699 438 752 est:
467 689 564 752 Posce
588 709 659 750 ones
683 710 766 750 meas
791 739 797 754 .
824 738 831 753 .
858 740 866 754 .
897 691 1047 772 Tacere,
1072 693 1129 776 flli

39 791 179 866 carissime,
203 789 286 874 quod
309 786 447 850 dolentes
471 785 645 872 referimus,
661 808 726 848 aon
741 797 805 848 tam
818 799 1023 873 praepostero
1036 813 1129 875 quam

39 886 104 950 ..uto
126 889 239 964 ordine,
262 885 353 949 scobis
369 885 461 969 quasi
483 885 518 947 in
533 884 632 948 lios-tis
655 883 870 964 interemtum,
895 910 1020 950 mantem
1045 897 1130 952 tuam

38 986 60 1045 in
75 1007 217 1069 personas
245 982 496 1068 Templariorum
527 991 556 1042 et
579 981 671 1057 bono,
707 992 736 1044 et
767 1004 830 1044 uois
853 983 1127 1072 qualitercumque,

37 1084 77 1145 nd
105 1107 189 1168 cispite
221 1083 265 1146 od
300 1080 503 1144 inclusionem
531 1080 668 1142 carceris
700 1080 879 1164 enteredicti,
914 1081 1055 1166 quodpm
1086 1085 1129 1148 acl

36 1179 163 1244 crnrndum
185 1179 304 1244 doloris
328 1179 458 1256 accedit,
490 1188 647 1255 eutecttam
670 1177 784 1240 nedrun
807 1201 869 1242 icon
892 1183 1050 1260 remisisti,
1074 1183 1130 1246 scd

34 1303 94 1357 scrin,
117 1291 146 1342 ut
159 1279 279 1364 fertur,
304 1277 347 1340 acl
362 1276 509 1361 fortiora
532 1277 718 1360 impinpcns,
743 1277 823 1361 ipsis
845 1300 909 1342 nais
932 1279 1129 1343 mediocriter

35 1399 63 1438 a:
83 1379 146 1462 ipsa
167 1377 312 1462 captione
337 1374 466 1460 afflictis
491 1373 695 1460 afflictionem
718 1375 886 1454 addidisti,
917 1377 972 1439 sed
995 1377 1127 1463 pucilam,

34 1475 60 1536 ul
75 1475 219 1559 pudorem
243 1473 418 1550 Ecclesiae,
452 1495 508 1535 nec
531 1472 635 1536 mittun
661 1482 746 1534 tuum
769 1474 798 1536 si
820 1472 894 1537 lenc
912 1479 1126 1561 perspeceris,

35 1571 224 1657 adpraesens
247 1570 463 1634 subticendum
480 1570 590 1656 potius
615 1569 817 1636 arbitramur.
844 1619 900 1636 ...
926 1573 964 1636 In
980 1597 1039 1658 qrco
1062 1576 1128 1660 qui·

33 1669 83 1732 lon
105 1683 153 1734 tuo
176 1672 221 1734 sic
244 1669 408 1754 repentino
427 1677 731 1754 processunastrum
748 1678 777 1730 et
790 1669 949 1733 Ecclesiae
965 1673 1128 1736 Romanae

33 1770 217 1852 citupmusum
247 1776 453 1852 cointemptum
490 1767 690 1829 communiter
730 1788 833 1830 omnes
864 1778 893 1830 et
923 1792 986 1832 non
1014 1771 1129 1856 absque

31 1863 194 1928 rationabili
216 1888 318 1930 causa.
337 1874 458 1940 notarit,
483 1873 517 1926 at
540 1863 584 1926 acl
607 1863 783 1948 scripturae
792 1863 1013 1949 prolixitatem
1027 1869 1128 1932 nitan-

30 1962 86 2024 lum
122 1963 205 2026 cilices
242 1985 355 2026 caussas
390 1959 509 2024 doloris
543 1971 571 2024 et
604 1960 829 2026 admirationis
863 1963 1062 2030 obmittamus
1085 1967 1130 2029 acl

26 2083 170 2144 peccemus,
210 2083 288 2146 piccus
316 2083 377 2145 pm·
409 2059 540 2122 dilectos
567 2057 656 2141 filios
687 2069 810 2122 nostros
841 2060 1068 2146 Berenparium
1101 2083 1130 2135 et

10 2155 199 2242 *Stiplurnum
222 2157 423 2244 Presbyteros
451 2153 641 2220 Cordinales
666 2155 724 2219 tibi
746 2157 907 2242 conplicare
930 2160 1127 2240 mandamns,

20 2261 95 2318 'tasum
124 2255 263 2320 nolentes
295 2255 597 2341 circumspectionem
628 2252 828 2338 aliquatenus
857 2258 1015 2340 ignorare,
1045 2259 1129 2343 quod

29 2353 295 2417 ciusdesiclcramns
319 2353 392 2418 totis
416 2351 535 2416 uiribus
558 2353 603 2415 sic
624 2374 763 2437 purpure
787 2353 943 2418 radicitus
965 2356 1044 2420 lianc
1059 2358 1127 2420 lior·

28 2461 74 2511 ‘siin
95 2449 263 2528 Ecclesiae,
291 2461 390 2536 prout
413 2472 463 2514 res
486 2451 559 2535 ipsa
583 2449 840 2535 eapostulucerit,
874 2452 957 2536 quod
981 2455 1014 2516 in
1032 2475 1127 2541 prae·

26 2547 140 2612 mutilum
164 2559 194 2611 et
213 2549 352 2632 posteris
365 2571 428 2610 nors
441 2539 605 2610 remaneat
620 2547 807 2635 bsptismadi,
832 2551 862 2612 si
876 2561 930 2628 est,
946 2550 1030 2634 quod
1041 2552 1129 2616 Deus

25 2647 162 2724 'uerterit
179 2644 362 2731 infectionis
377 2644 528 2724 scintilla,
554 2667 632 2730 quae
655 2647 756 2729 possit
775 2668 951 2730 procurare
965 2650 1129 2713 materiam

26 2744 157 2808 crcidirii.

94 2842 180 2905 Dein
207 2839 350 2925 postulat
373 2839 539 2921 Pontifex,
571 2849 608 2902 ut
638 2861 797 2925 personae
821 2851 854 2905 et
876 2841 964 2906 bona
989 2841 1125 2908 Ordinis

23 2959 122 3022 nrcge
145 2942 179 3004 in
206 2961 323 3002 manus
348 2935 575 3001 Cardinalium
601 2937 784 3002 tradantur.
814 2977 857 2986 -
889 2939 999 3006 Aliam
1024 2944 1123 3006 etiam

23 3038 134 3121 scripsit
158 3025 312 3101 Clemens
345 3033 515 3121 epistolam
540 3035 583 3100 ad
607 3057 717 3119 regem
751 3035 782 3102 d.
808 3035 841 3101 d.
867 3039 904 3100 1⁰
927 3039 1124 3104 Decembris

21 3153 43 3194 a.
71 3137 160 3216 1307,
202 3147 238 3198 ut
269 3135 403 3198 omnino
447 3133 686 3219 dissiparentur
724 3155 838 3198 omnes
875 3157 1023 3200 rumores
1066 3140 1122 3223 qui

21 3235 106 3314 sparsi
130 3244 234 3314 erant,
266 3254 306 3296 ac
335 3233 361 3295 si
386 3231 542 3295 Pontifex
572 3233 640 3316 regi
666 3234 835 3315 negotium
859 3233 1122 3319 Templariorum

21 3343 155 3395 aeonum
170 3331 357 3416 captionem
372 3331 598 3394 commisisset.
617 3329 791 3413 Significat
803 3352 909 3415 porro,
923 3353 957 3395 se
967 3333 1121 3418 gaudere,

20 3427 91 3509 qood
113 3451 172 3492 rex
197 3429 267 3512 ipse
292 3427 370 3492 talia
393 3427 476 3491 falsa
500 3449 570 3492 esse
588 3437 734 3508 testetur,
760 3427 915 3514 quodque
931 3440 1063 3512 asserat,
1089 3455 1122 3496 se

20 3523 214 3591 nullomodo
239 3525 382 3589 voluisse
405 3524 576 3589 Ecclesiae
595 3525 673 3611 jura
698 3524 836 3608 violare,
869 3526 926 3590 sed
950 3527 1027 3591 fidei
1052 3529 1122 3593 zelo

20 3635 126 3688 notum
157 3645 239 3688 esse.
286 3624 409 3687 Iterum
435 3623 655 3705 commendat,
686 3634 815 3686 utrem
840 3645 914 3689 cum
941 3624 1122 3690 Cardinali·

20 3717 68 3786 bns
94 3733 169 3808 apte
201 3722 372 3804 ordinet.¹)
419 3721 644 3807 Suspenderat
668 3719 821 3786 Clemens
850 3731 1020 3807 praeterea
1044 3745 1121 3788 mox

19 3837 114 3884 omnes
137 3818 314 3884 facultates
338 3820 569 3906 inquisitorum
594 3829 626 3883 et
650 3820 890 3905 episcoporum,
919 3842 961 3884 ne
985 3822 1121 3886 ulterius

19 3913 43 3978 in
64 3939 158 3982 cansa
174 3916 439 4002 'templariorum
463 3917 617 4004 progredi
642 3929 783 4004 possent,
808 3929 841 3981 et
864 3918 927 3984 sibi
951 3923 1119 4006 negotium

20 4009 68 4077 hoc
88 4015 283 4080 reservavit.

19 4157 215 4170 ——-———-—

77 4233 96 4298 ¹)
115 4229 195 4298 Apud
213 4227 305 4285 Balnt.
324 4227 354 4282 T.
374 4227 409 4282 11.
428 4243 453 4295 p.
474 4229 533 4284 112.

59 4336 195 4389 tangmsnn,
210 4337 396 4377 Dima-tattonrs¹
413 4337 478 4376 Tam.
495 4336 533 4377 VI.

1158 2853 1273 2894 Pontinus

1155 2918 1276 2967 pustulata.
