2814 4848
285 432 339 484 428
481 430 610 484 XXVIII.
634 431 672 485 lle
690 437 766 484 statu
786 431 925 486 societatis
943 433 1036 488 chrIst.
1055 449 1124 488 saec.
1144 433 1219 487 XIII.

287 571 408 654 derico,
433 583 542 637 temen
569 575 622 637 dic
647 575 684 638 3⁰
697 573 859 656 Octobris,
884 577 1075 662 praesertim
1094 599 1114 639 a
1131 575 1281 660 pluribus
1303 577 1392 640 archi-

287 672 449 756 episcopis
474 674 507 736 in
524 694 634 756 regem
652 672 775 736 electus
790 673 853 736 fuit
873 672 1048 736 Gulielmua
1066 672 1265 738 Hollandiae
1288 697 1391 740 comes.

286 770 679 856 regisqueadolesecntis,
704 772 838 856 (viginti
863 794 968 836 annos
993 770 1163 853 habebat),
1188 783 1298 857 partes
1314 773 1394 837 lnno·

287 871 415 933 centius
439 869 488 932 IV
516 869 647 933 Iirmare
671 871 763 934 nisus
787 880 845 934 est.
898 871 997 934 Initio
1029 869 1219 934 Gulielmus
1250 894 1301 934 res
1329 873 1394 934 satis

286 988 442 1053 prospere
458 970 534 1052 egit,
559 991 598 1032 ac
619 969 754 1031 civitate
771 969 974 1053 Aquisgrani
999 981 1190 1053 expugnata
1215 967 1269 1032 dic
1297 969 1394 1032 1111-

285 1063 432 1129 vembris
465 1068 535 1150 ipse
566 1065 690 1129 ibidem
723 1065 911 1130 solemniter
948 1076 1123 1129 coronatus
1155 1077 1214 1130 est.
1275 1067 1396 1130 Exarsit

286 1173 396 1226 tamen
434 1173 529 1228 atrox
562 1164 684 1229 bellum
719 1165 817 1228 civile
851 1167 883 1228 in
917 1163 1117 1243 Germania,
1151 1167 1198 1228 uti
1230 1166 1395 1251 quondam.

286 1282 388 1346 quum
419 1261 572 1348 Philipus
604 1263 733 1328 Suevus
767 1274 799 1326 et
829 1262 906 1328 Otto
931 1263 980 1326 IV
1009 1262 1051 1326 do
1075 1285 1175 1347 regno
1201 1263 1396 1328 dimicarent.

286 1361 417 1423 Interea
440 1360 630 1424 Fridericus
662 1363 696 1424 in
721 1363 871 1424 animum
895 1360 1084 1442 induxerat,
1117 1371 1153 1424 ut
1176 1361 1219 1425 ad
1249 1364 1398 1426 Innocen·

285 1459 369 1521 tium
386 1457 512 1543 Papam
538 1459 824 1544 comprimendum
850 1481 925 1522 cum
943 1461 1092 1522 exercitu
1106 1459 1313 1543 Lugdunum
1338 1484 1399 1524 con-

286 1555 445 1636 tenderet,
476 1557 597 1642 etjam
630 1577 742 1620 mense
766 1557 869 1620 Iunio
893 1579 922 1621 a.
950 1557 1035 1621 1246
1068 1579 1173 1643 usque
1206 1557 1247 1622 ad
1274 1559 1398 1643 Alpium

287 1664 414 1718 montes
438 1665 644 1739 pervenerat.
692 1655 758 1720 Sed
782 1677 885 1741 quum
910 1657 1133 1741 comperisset,
1163 1658 1197 1720 in
1220 1656 1399 1741 Longobar·

286 1753 342 1817 dio
366 1775 417 1816 res
435 1755 537 1838 ipsius
551 1753 740 1838 periclitari,
765 1775 933 1838 quumque
950 1756 1050 1817 etiam
1071 1752 1285 1818 Ludovicum
1303 1777 1398 1838 regern

286 1850 349 1920 sibi
378 1851 556 1915 adversum
589 1874 658 1915 esse
691 1851 889 1930 adverteret,
921 1873 998 1914 mox
1030 1853 1064 1915 in
1094 1852 1225 1916 Italiam
1258 1875 1399 1916 reversus

286 1960 343 2013 est.
392 1948 520 2013 Ibidem
556 1971 675 2032 magno
701 1970 777 2012 cum
801 1950 916 2036 vigore
940 1960 973 2013 et
996 1949 1087 2013 haud
1119 1951 1237 2014 minori
1274 1949 1399 2014 crudeli-

287 2057 352 2110 tate
377 2046 463 2110 bella
488 2069 548 2110 sua
572 2057 686 2110 contra
711 2045 839 2111 Siculos
864 2057 896 2110 et
920 2047 1159 2132 Longobardos
1191 2049 1399 2116 continuavit,

286 2168 455 2232 quumque
485 2148 628 2231 primum
661 2145 807 2209 secunda
838 2145 971 2210 fortuna
996 2155 1155 2226 uteretur,
1188 2145 1242 2208 die
1271 2145 1399 2209 1811·ἐ

285 2243 410 2308 bruarii
435 2246 512 2308 anni
535 2245 618 2308 1248
636 2244 762 2328 ingenti
779 2242 872 2306 clade
893 2267 913 2307 a
928 2243 1164 2308 Parmensibus
1188 2253 1237 2306 est
1261 2247 1399 2307 affectos

115 2352 275 2426 114404411-
374 2344 427 2408 47.
462 2343 511 2406 Eo
542 2351 689 2426 tempore
721 2341 912 2406 Fridericus
945 2341 1080 2428 quidem
1112 2341 1240 2428 aliquos
1275 2356 1399 2405 conano.

125 2419 373 2521 ²¹¹²³⁸⁸⁰⁸¹'¹'fecit,
397 2451 434 2504 ut
458 2463 532 2504 cum
558 2439 719 2504 Pontifice
743 2441 1028 2524 reconciliaretur;
1063 2439 1121 2504 sed
1152 2461 1255 2525 quum
1294 2439 1398 2525 princi

285 2541 341 2625 pia
365 2540 436 2624 ejus
460 2539 575 2603 cadem
610 2547 832 2619 remanerent,
868 2559 928 2602 nec
953 2561 995 2601 cx
1018 2539 1130 2602 animo
1163 2539 1233 2623 ipse
1258 2536 1398 2602 hostilem

287 2639 321 2703 in
345 2635 528 2701 Ecclesiam
564 2647 706 2700 mutaret
729 2635 944 2716 voluntatem,
978 2635 1065 2699 lucta
1098 2639 1346 2720 interregnum
1379 2645 1398 2696 et

287 2735 507 2799 sacerdotium
531 2734 735 2820 perduravit.
772 2732 878 2797 Multa
902 2734 1043 2798 adversa
1060 2733 1185 2798 ultImis
1209 2736 1309 2798 annis
1327 2736 1398 2795 vitat

286 2854 365 2896 suae
393 2833 588 2917 Imperatori
622 2831 826 2895 acciderunt.
884 2831 1009 2896 Ennius
1040 2831 1128 2895 lilius
1160 2831 1215 2895 die
1246 2833 1310 2896 26υ
1334 2829 1398 2912 llajl

287 2932 365 2994 anni
393 2931 477 2994 1249
502 2933 610 2994 victus
635 2941 667 2992 et
690 2939 807 3013 captus
831 2939 881 2994 est
903 2951 923 2992 a
947 2929 1226 3010 Bononiensibus,
1261 2932 1318 3016 qui
1345 2919 1398 2992 Fri

287 3027 389 3092 dorici
414 3050 538 3113 preces,
567 3038 604 3091 ut
626 3049 702 3091 eum
726 3027 870 3090 libertati
895 3027 1079 3107 redderent,
1104 3039 1316 3111 respuerunt,
1341 3047 1397 3110 cap

287 3126 459 3211 tivumque
484 3125 626 3190 Enzium
659 3135 793 3188 tenuere
817 3147 921 3211 usque
952 3125 994 3188 ad
1020 3135 1173 3194 mortem,
1208 3147 1296 3210 quac
1328 3145 1397 3188 ann<

291 3224 375 3286 1272
398 3224 530 3288 accidit.
579 3222 782 3288 Crudelitate
807 3234 840 3286 ct
863 3223 1013 3288 vindicta
1038 3224 1224 3308 Imperator
1248 3245 1285 3286 se
1309 3221 1397 3286 reddi

288 3321 337 3384 dit
352 3319 451 3384 valde
468 3343 624 3403 exosum;
648 3320 816 3406 praesules
833 3323 992 3406 captivos,
1018 3323 1065 3384 uti
1083 3323 1189 3384 Aretii
1208 3323 1397 3407 episcopum}

288 3419 506 3503 ignominiose
531 3416 645 3483 ultimo
670 3418 833 3504 supplicio
855 3420 982 3500 affecit3
1008 3419 1049 3482 de
1066 3417 1264 3483 mulieribus
1288 3431 1322 3482 et
1345 3439 1397 3504 par

288 3515 375 3580 vulis
400 3516 557 3580 ultionem
583 3516 737 3602 capiebat
753 3538 811 3602 pro
827 3517 1006 3602 conjugum
1024 3527 1056 3580 et
1071 3527 1202 3602 patrum
1222 3509 1397 3581 rebellione

288 3615 421 3677 Petrum
453 3613 494 3678 de
524 3614 651 3698 Vincis,
683 3615 827 3678 amicum
860 3623 891 3678 et
925 3613 1171 3691 cancellarium,
1203 3617 1261 3700 qui
1286 3614 1396 3680 dolosa

288 3722 321 3774 et
343 3711 526 3776 virulentas
551 3713 762 3797 Imperatoris
785 3711 941 3798 epistolas
963 3711 1170 3776 conscribere
1186 3723 1396 3777 consueverat

289 3811 412 3872 carceri
438 3812 645 3896 mancipavit
668 3820 700 3873 et
725 3811 896 3874 excaecari
921 3809 1011 3890 fecit,
1036 3810 1078 3874 ob
1103 3811 1329 3895 suspicionem
1353 3811 1396 3889 rot

289 3905 436 3992 videtur)
461 3908 548 3993 quod
574 3929 702 3971 veneno
728 3910 757 3972 ei
783 3917 920 3971 mortem
937 3929 1053 3992 parare
1070 3907 1222 3974 volucrit.
1269 3909 1396 3978 Damon

289 4027 391 4090 quum
415 4028 467 4069 res
491 4007 562 4091 ejus
592 4008 709 4070 iterum
742 4007 848 4088 magis
877 4028 1069 4092 prosperare
1101 4008 1311 4086 viderentur,
1345 4003 1396 4079 Flo

288 4104 446 4168 rentiolac
470 4104 559 4190 apud
576 4105 756 4168 Tarentum
775 4104 982 4188 dyssenteria
1002 4115 1181 4190 correptus,
1207 4104 1261 4170 die
1277 4105 1338 4168 130
1352 4103 1395 4166 Do

290 4201 432 4264 cambris
465 4203 543 4266 anni
579 4203 664 4266 1250
695 4201 849 4266 omnibus
882 4205 1009 4266 invisus
1042 4201 1193 4268 decessit
1244 4203 1298 4266 Ex
1322 4211 1395 4286 part
