2858 4834
370 497 407 548 De
426 495 514 549 initiis
533 495 740 550 controversiae.
1067 499 1115 550 tsi

31 665 53 702 n
75 642 204 704 Thomas
234 640 373 703 invenit.
428 639 516 701 Dein
551 638 790 703 condemnatus
822 649 879 720 cst,
913 649 948 700 ut
972 640 1114 723 principi

30 739 147 801 redderet
175 739 242 802 5th
265 735 368 801 libras
399 737 537 818 argenti,
569 759 651 822 quas
683 758 741 799 rex
773 759 807 799 se
839 747 952 798 mutuo
985 735 1115 798 dedisse

27 837 142 900 l'honae
175 833 407 900 contendebat.
461 833 526 896 Hic
557 836 719 918 reposuit,
753 857 786 896 sc
818 834 993 919 pecuniam
1026 833 1114 897 illam

27 935 87 996 leno
108 935 269 1019 accepisse
294 956 313 996 a
338 954 433 1016 rege3
464 931 520 995 sed
545 953 647 1017 quum
682 932 715 996 id
746 932 952 995 documentis
976 931 1115 1016 probare

27 1055 70 1094 noa
95 1041 205 1116 posset.
236 1033 334 1094 etiam
353 1052 410 1115 pro
428 1031 490 1093 ista
514 1031 656 1114 pecunia
672 1031 893 1116 fideijussores
918 1032 1114 1094 constituere

25 1129 181 1212 conpulsus
205 1139 265 1191 est.
300 1126 456 1204 Thomas,
489 1137 525 1190 ut
548 1137 706 1211 quantum
735 1139 847 1212 posset
870 1130 937 1211 regi
964 1129 1113 1200 deferret,

24 1227 67 1287 iu
86 1227 115 1290 in
137 1251 170 1290 re
195 1228 302 1289 cessit

89 1327 134 1388 ’.0.
151 1325 216 1390 Sed
235 1324 289 1388 die
305 1325 411 1404 tertia,
433 1321 487 1386 10²
502 1321 666 1402 Octobris,
692 1345 750 1385 rex
768 1322 955 1407 postulavit,
979 1336 1013 1388 ut
1030 1324 1114 1388 Tho·

25 1445 72 1486 ans
92 1427 248 1486 rationem
278 1421 428 1486 redderet
461 1421 501 1484 de
525 1420 711 1485 redditibus
742 1425 888 1486 omnium
922 1426 1111 1489 vacantium

23 1523 253 1605 spiiaopatniim.
279 1519 486 1582 abbatiarum
513 1531 546 1581 ct
570 1518 792 1597 baroniarum,
817 1543 898 1605 quos
923 1521 1115 1609 perceperat

24 1617 78 1681 «iun
104 1618 319 1683 cancellarius
350 1631 443 1682 esset.
498 1617 670 1698 Agebatur
701 1629 811 1681 autem
845 1619 885 1683 de
916 1621 1027 1684 30000
1060 1620 1112 1684 vel

24 1719 104 1780 11100
123 1716 217 1780 libris
241 1717 378 1798 argenti,
404 1724 437 1778 et
461 1714 635 1800 postulatio
661 1727 731 1778 crat
746 1716 843 1800 plane
861 1719 984 1803 iniqua,
1010 1741 1110 1804 quum

24 1813 135 1878 'ihomas
166 1839 186 1878 a
218 1816 345 1878 ratione
379 1813 549 1876 reddenda
584 1813 708 1876 solutus
739 1815 867 1890 fuisset,
906 1815 1038 1900 quando
1070 1817 1111 1880 ad

21 1913 313 1998 archiepiscopatum
345 1921 514 1997 promotus
539 1921 596 1975 est.
645 1911 745 1974 Petiit
769 1935 792 1977 s
818 1913 963 1976 Thomas
988 1937 1111 1978 morum

22 2008 195 2075 deliberandi
223 2009 265 2073 de
290 2030 324 2071 re
349 2031 423 2072 eum
448 2009 585 2094 reliquis
610 2008 826 2094 praesulibus.
875 2010 986 2090 Quum
1016 2013 1112 2097 plane

23 2112 224 2192 perspicerent,
247 2109 314 2190 regi
342 2109 543 2192 propositum
569 2129 648 2188 esse,
676 2119 710 2170 ut
733 2107 1019 2194 archiepiscopum
1044 2133 1113 2195 pcr-

24 2206 97 2270 1001.
120 2207 231 2292 plures
256 2207 413 2290 episcopi,
440 2206 524 2268 inter
548 2227 629 2292 quos
654 2215 724 2268 erat
747 2204 926 2288 Gilbertus,
952 2210 981 2272 ei
1007 2231 1112 2272 suase·

24 2321 82 2372 runi.
106 2317 136 2368 nt
160 2303 335 2368 abdicaret
349 2304 544 2387 dignitatem
567 2325 670 2378 suain,
698 2303 786 2367 haud
804 2304 899 2369 aliter
913 2307 1001 2369 enim
1018 2329 1112 2391 posse

23 2423 118 2465 struma
143 2402 229 2466 mala
254 2403 369 2465 averti,
418 2400 495 2464 Post
528 2401 610 2464 duos
643 2401 711 2465 dies
743 2401 852 2466 adhuc
883 2406 1111 2489 episcoporum

22 2504 124 2564 senaria
148 2513 249 2565 aucta
273 2510 330 2573 est,
355 2501 411 2584 qui
438 2500 613 2583 petierunt,
639 2512 675 2561 nt
698 2501 784 2583 regis
809 2500 1054 2564 misericordiae
1079 2524 1112 2564 sc

20 2593 133 2662 Thomas
157 2599 388 2662 committeret.
435 2597 500 2662 Sed
524 2597 793 2683 archiepiscopus
825 2601 939 2662 merito
973 2602 1110 2680 censuit,

21 2693 95 2774 ipsius
117 2709 147 2762 et
170 2695 342 2762 Ecclesiae
361 2696 440 2781 jura
463 2695 586 2758 tuenda
611 2719 690 2761 esse.
745 2695 834 2759 Hinc
858 2719 959 2782 quum
984 2697 1112 2760 videret

19 2791 85 2856 abire
107 2799 136 2858 in
162 2805 291 2880 partem
316 2793 490 2856 adversam
510 2793 675 2878 praesules
693 2796 841 2878 ignavos,
867 2805 1038 2881 postquam
1058 2818 1112 2860 eos

19 2885 186 2974 objurgavit,
228 2889 317 2977 quod
342 2891 523 2976 injustitiae
552 2913 585 2953 sc
615 2893 793 2977 participes
816 2891 1001 2975 redderent,
1036 2894 1111 2978 jure

20 2989 147 3066 primatus
171 2989 356 3058 interdixit.
383 3011 423 3051 ne
448 2988 583 3052 ulterius
608 2992 845 3074 contraipsum
863 2993 1004 3055 incuria
1022 2994 1110 3076 regia

20 3103 71 3147 run
92 3087 179 3153 laicis
204 3087 350 3151 tribunal
376 3099 620 3172 componerent,
651 3097 748 3172 atque
772 3087 815 3150 ad
839 3111 1003 3152 summum
1029 3092 1110 3154 Pou-

19 3181 111 3248 tilicem
134 3185 327 3272 appellavit.

84 3285 129 3346 2³8.
177 3284 253 3364 Quo
278 3284 364 3347 facto
382 3282 552 3347 (tilbertus
573 3283 796 3348 Londincnsis
820 3288 974 3370 reposuit,
999 3309 1032 3350 sc
1057 3309 1111 3372 pa-

21 3375 75 3439 ritu
108 3382 271 3467 appellare
302 3380 345 3443 ad
369 3380 564 3444 Pontificem
602 3392 714 3444 contra
739 3381 828 3446 illam
853 3383 1109 3468 prohibitionem

20 3473 249 3566 archiepiscopi3
275 3501 315 3542 ac
339 3477 417 3543 dein
441 3491 648 3542 secesserunt
662 3482 818 3565 episcopi.
852 3481 1015 3560 Quamvis
1032 3503 1109 3544 vero

19 3571 244 3642 adversarentur
266 3600 290 3642 s.
315 3577 475 3656 Thomas,
509 3587 619 3640 tamen
645 3599 746 3663 quum
771 3601 828 3641 rex
854 3578 1043 3664 postularet,
1077 3589 1110 3642 ut

21 3689 74 3733 run
103 3677 291 3758 proceribus
323 3675 363 3738 dc
397 3677 465 3761 ipso
498 3678 694 3739 sententiam
730 3677 1015 3741 condemnationis
1040 3699 1110 3761 pro·

22 3773 185 3846 nuntiarent,
212 3776 316 3838 satius
339 3773 528 3838 habuerunt
551 3785 735 3860 opportune
750 3777 797 3838 uti
816 3775 870 3838 illa
888 3774 1110 3861 prohibitione

21 3865 238 3958 archiepiscopi,
279 3884 310 3934 et
348 3872 513 3935 abstinere
544 3895 564 3935 a
595 3875 756 3936 sententia
790 3875 822 3936 in
856 3895 930 3936 eum
962 3872 1108 3938 ferenda.

24 3961 76 4027 lese
97 3971 189 4052 igitur
212 3993 233 4035 a
258 3971 350 4035 curia
369 3970 490 4056 judicii
516 3982 711 4055 separarunt
735 3971 910 4056 praesules,
943 3969 1040 4035 simul
1064 3985 1110 4033 ta-

26 4077 74 4124 uen
94 4087 200 4132 omnes
224 4067 435 4154 appellarunt
458 4067 500 4131 ad
524 4066 720 4132 Pontificem
746 4081 860 4132 eontra
884 4069 1109 4154 archipraesu-

26 4151 75 4258 lcn.
98 4185 187 4248 quem
220 4165 389 4250 perjuram
421 4166 587 4245 dixerunt,
620 4165 706 4251 quod
732 4165 819 4247 leges
853 4169 945 4246 regni
970 4167 1013 4230 ab
1037 4169 1121 4256 ipso¹

22 4271 115 4328 ,lirinus
135 4263 424 4346 transgrederetur.

1140 1617 1270 1667 Appellatio

1136 1681 1165 1719 ad
1176 1679 1272 1720 Pontlfl·

1172 1753 1229 1782 cent.
