2902 4848
152 2175 273 2214 Sententia

153 2239 272 2288 adoptato.

303 460 357 514 318
590 459 715 514 XXXIV.
736 460 775 514 De
795 459 915 514 Concilio
934 460 1151 556 constantiensi²

304 603 510 690 aliorumque
534 603 652 668 similis
677 603 847 668 doctrinae
871 614 1044 669 auctorum
1069 606 1157 668 inter
1173 603 1358 686 catholicos,
1380 627 1416 670 uc

304 701 345 765 de
370 701 608 765 haereticorum
635 701 897 787 expositionibus
920 699 1105 786 loquamur.
1152 701 1205 767 Illi
1232 705 1331 786 igitur
1352 726 1417 766 con-

304 799 459 882 tendunt,
495 800 699 864 declaratum
730 799 831 864 fuisse
862 803 895 864 in
930 799 994 864 illis
1028 799 1186 878 decretis,
1224 802 1417 868 Pontificem.

304 900 403 962 ctiam
428 897 612 982 legitimum
637 909 829 978 etcertum,
864 900 983 984 subjici
1009 900 1316 981 constitutionibus,
1340 921 1418 983 prae·

305 997 419 1081 ceptis,
444 995 708 1061 ordinationibus
732 998 972 1082 cujuscumque
990 996 1130 1061 Concilii
1156 999 1371 1067 oecumenici.
1392 1012 1420 1058 ct

304 1096 330 1159 si
357 1096 404 1158 eis
428 1115 543 1179 parere
567 1095 807 1158 contumaciter
831 1097 1078 1178 contempserit,
1104 1117 1179 1159 eum
1197 1097 1312 1182 puniri
1337 1117 1420 1180 posse

305 1203 337 1256 et
361 1194 462 1257 etiam
486 1191 618 1277 deponi.
667 1192 719 1256 Ex
744 1215 809 1276 qua
834 1190 1058 1277 explicatione
1088 1214 1203 1258 omnes
1228 1215 1420 1279 consequen·
1445 1200 1446 1264 ζ

304 1292 368 1354 tias
392 1292 502 1355 statim
527 1289 682 1370 inferunt,
716 1311 800 1374 quae
825 1289 972 1373 legitime
1005 1311 1120 1354 eorum
1145 1291 1363 1376 opinionibus
1383 1291 1420 1353 s-

305 1409 383 1452 vere
416 1387 582 1453 videntur.
629 1387 762 1450 Etenim
796 1389 964 1471 supposito
997 1386 1060 1451 hoc
1092 1387 1305 1453 decretorum
1337 1411 1417 1452 senso

306 1486 479 1552 manifeste
512 1487 647 1566 eruitur,
681 1483 867 1548 Concilium
903 1507 973 1549 esse
1006 1507 1106 1570 supra
1133 1487 1273 1568 Papam,
1308 1487 1416 1570 Papam

305 1607 376 1649 esse
392 1583 563 1648 subditum
580 1582 764 1646 canonibus
783 1580 923 1647 Consilii
941 1583 1151 1664 universalis,
1170 1583 1308 1648 decreta
1324 1584 1417 1668 Papae¹

305 1685 339 1747 in
364 1682 613 1768 quaestionibus
638 1680 714 1744 fidei
740 1701 835 1765 posse
858 1703 878 1744 a
903 1680 1053 1745 Concilio
1078 1683 1250 1746 reformari
1277 1693 1313 1743 ot
1335 1683 1419 1743 etiam

305 1791 463 1866 tanquam
489 1779 656 1844 haeretica
674 1778 831 1863 judicari.

394 1881 447 1944 34.
494 1879 594 1943 Initio
626 1876 760 1962 quidem
786 1876 964 1940 videbatur
988 1877 1085 1941 nobis
1117 1899 1160 1941 ex
1184 1876 1237 1939 his
1261 1875 1420 1960 seligenda
1446 1961 1447 1964 Ἴ

305 1978 468 2042 sententia
493 1975 649 2055 secunda,
675 1996 711 2039 eo
737 1974 824 2060 quod
851 1977 1129 2056 existimaremus,
1161 1977 1308 2060 primum
1333 1973 1422 2060 expli·

305 2079 469 2142 cntionem
500 2073 630 2140 illorum
663 2073 869 2137 decretorum
902 2072 1100 2138 benevolam
1139 2073 1277 2160 quidem
1307 2095 1377 2138 esse
1398 2090 1422 2134 cr

305 2176 410 2262 piam,
444 2171 502 2237 scd
535 2173 667 2236 veritati
698 2193 764 2235 non
796 2173 874 2234 satis
906 2174 1096 2237 convenire.
1144 2171 1209 2236 Sed
1243 2195 1279 2236 rc
1306 2186 1422 2236 mature

305 2293 478 2358 perpensa,
503 2291 685 2352 censemus,
711 2291 826 2333 revera
839 2291 880 2332 ex
897 2270 1058 2352 gravibus
1071 2281 1103 2334 et
1115 2269 1230 2334 solidis
1246 2269 1424 2334 rationibus

305 2385 375 2434 tum
410 2370 545 2432 internis
572 2380 643 2431 tum
672 2369 809 2432 externis
845 2367 967 2452 colligi,
1008 2371 1160 2453 primam,
1186 2370 1424 2454 expositionem

306 2469 417 2534 sensui
455 2466 589 2532 litterali
625 2476 657 2528 ct
691 2465 856 2550 objectivo
894 2466 1101 2530 decretorum
1140 2465 1363 2550 respondere,
1401 2479 1425 2526 ct

306 2567 423 2630 merito
454 2587 473 2628 a
503 2565 711 2650 gravissimis
742 2563 805 2627 illis
829 2563 1021 2628 auctoribus
1045 2566 1142 2629 tradi.
1190 2563 1353 2627 Rationes
1377 2585 1427 2624 cur

306 2667 352 2728 ita
377 2664 605 2726 existimemus
623 2661 695 2747 jam
719 2663 907 2726 afferamus.
939 2701 979 2710 -
1014 2664 1049 2725 1⁰
1073 2663 1165 2726 Finis
1188 2661 1327 2746 quidem
1354 2661 1427 2744 legis

306 2783 372 2828 uon
398 2760 488 2824 cadit
511 2760 573 2825 sub
597 2760 679 2845 lege,
704 2759 761 2824 sed
786 2769 897 2823 tamen
922 2770 971 2823 est
995 2762 1138 2845 optimus
1162 2759 1245 2843 legis
1269 2761 1427 2844 interpres

306 2862 340 2925 iu
366 2859 487 2940 dubiis,
521 2859 663 2934 scilicet,
691 2879 792 2942 quum
821 2857 946 2944 aliquid
973 2859 1005 2921 in
1031 2859 1233 2922 contrarium
1258 2857 1429 2920 evidenter

307 2979 372 3023 uon
402 2956 519 3022 obstat.
566 2956 667 3020 Porro
693 2953 880 3019 Concilium
915 2955 1069 3035 declarat,
1108 2955 1207 3020 finem
1241 2977 1326 3018 suao
1363 2977 1428 3018 con-

306 3058 486 3122 stitutionis
511 3057 544 3118 in
569 3055 733 3140 principio
758 3056 892 3139 quintae
923 3055 1088 3135 sessionis,
1119 3054 1245 3118 scilicet
1272 3057 1428 3139 esst-irps·

307 3157 423 3220 tionem
445 3155 549 3239 ipsius
572 3152 757 3230 schismatis,
791 3161 820 3212 et
853 3152 1009 3230 unionem,
1043 3162 1072 3214 et
1094 3151 1356 3238 reformandorum
1380 3153 1427 3215 Eo

306 3253 421 3318 clasiae
437 3254 511 3330 Dei,
535 3250 784 3336 comequoudom
799 3249 948 3334 facilius,
974 3251 1113 3312 securius
1135 3258 1166 3312 ct
1188 3247 1332 3312 liberius.
1383 3249 1427 3313 Es

306 3352 358 3416 his
377 3351 449 3436 jem
474 3349 583 3433 colligi
609 3348 750 3430 videtur,
776 3347 864 3432 quod
883 3345 938 3410 illa
956 3348 1146 3410 constitutio
1162 3346 1320 3412 ordinata
1338 3351 1426 3412 unios

305 3461 376 3515 crat
399 3449 441 3513 ad
467 3447 556 3513 illum
582 3448 866 3510 circumstantiam
892 3457 925 3508 et
948 3443 1030 3508 illud
1047 3443 1246 3524 Concilium,
1272 3467 1340 3510 nec
1365 3449 1426 3508 sino

305 3547 399 3632 gravi
426 3547 550 3609 motivo
574 3545 644 3630 ejus
668 3557 762 3608 tenor
786 3543 985 3607 ulteriusest
1003 3542 1244 3608 extendendus.
1272 3581 1317 3592 -
1344 3545 1426 3609 201,

307 3666 443 3730 corpore
468 3644 544 3707 dein
570 3645 674 3728 ipsius
691 3641 936 3706 constitutionis
952 3640 1099 3706 declarat
1115 3639 1320 3724 Concilium,
1346 3639 1425 3728 qnol

306 3743 370 3808 sibi
395 3742 526 3828 quilibet
549 3747 763 3832 cujuscumque
788 3749 889 3803 status
912 3737 961 3802 vel
984 3739 1186 3815 conditionis,
1218 3739 1351 3804 etiamsi
1377 3761 1427 3826 po

302 3841 394 3928 pulis
418 3843 544 3919 existat,
569 3838 694 3904 obedire
719 3848 872 3900 tencatur.
905 3837 1006 3900 Haud
1030 3837 1145 3902 dicunt
1169 3839 1266 3900 etium
1283 3837 1428 3924 pupulis.

307 3939 364 4004 olid
396 3941 523 4004 etiamsi
548 3937 682 4024 populis
714 3939 842 4013 existat,
875 3947 907 3998 et
937 3935 1123 3999 differentia
1149 3935 1242 4012 hacc,
1276 3936 1427 4022 quamvis

305 4163 417 4218 alcrrzrotn
437 4161 485 4216 illa
504 4175 641 4226 nunquam
661 4157 810 4212 obtinuisse
830 4157 1052 4224 approbationem
1066 4155 1097 4210 R.
1112 4155 1261 4212 Pontifiois.
1281 4157 1311 4211 C.
1325 4157 1358 4210 G.
1372 4153 1427 4212 tn.

307 4251 330 4312 tt,
352 4243 411 4296 ibt).
