2836 4848
259 398 349 452 Laeta
366 399 497 454 Friderici
516 399 545 452 II
563 415 623 452 cum
641 399 699 454 RR.
719 399 904 455 Pontificibus.
1088 401 1142 456 423

114 547 168 608 41.
202 542 312 623 Quum
345 543 535 607 Fridericus
563 565 648 628 quae
679 545 713 607 in
745 541 893 608 Concilio
921 543 1139 628 Lugdunensi
1156 558 1304 601 cretenau

42 653 137 706 contra
160 663 232 706 eum
256 650 378 704 statuta
394 641 525 704 fuerant
545 643 767 727 comperisset,
792 642 826 706 in
842 663 902 704 sna
918 642 1140 706 obstinatione
1204 624 1258 662 ¹¹⁸⁰·

42 763 242 822 perseverans,
267 738 483 803 vehementes
514 742 579 804 iras
608 750 722 804 contra
745 739 941 804 Pontificem
972 749 1004 803 et
1027 738 1139 803 Eccle-

41 839 107 900 siam
129 839 286 924 concepit.
334 837 399 901 Die
422 838 483 902 31⁰
505 837 588 902 Julii
618 837 743 902 litteras
774 837 867 902 dedit
897 837 940 902 ad
971 837 1140 924 praesules

40 947 63 996 et
90 935 197 1000 fideles
226 918 380 1019 Angliac,
414 935 535 1022 quibus
564 937 686 1022 injuste
706 959 751 1000 se
783 958 854 1000 esse
882 937 1070 1021 depositum
1100 958 1140 999 ae

39 1033 211 1098 demnatum
235 1037 390 1098 evincere
421 1034 557 1099 studuit.
594 1035 755 1118 Agnoscit
782 1034 927 1120 quidem,
951 1033 1138 1099 Romanum

38 1131 212 1196 Pontificem
228 1131 361 1218 plenam
378 1134 607 1196 auctoritatem
627 1133 750 1197 habere
773 1134 808 1196 ia
823 1132 1055 1220 spiritualibus,
1079 1131 1139 1196 sed

37 1251 84 1290 nee
101 1231 173 1313 jure
196 1229 313 1294 divino
337 1253 399 1294 nec
417 1230 493 1315 jure
510 1231 656 1295 humano
681 1234 721 1313 ei,
747 1231 927 1312 contendit,
953 1253 1025 1294 eam
1050 1240 1138 1316 pote·

36 1337 135 1390 statem
160 1330 348 1410 convenire,
379 1337 416 1392 ut
438 1350 540 1412 regna
564 1329 740 1393 transferat
762 1352 801 1393 ac
824 1331 992 1415 principes
1014 1340 1138 1415 tempo-

36 1423 82 1487 rali
97 1448 230 1510 poenae,
254 1448 432 1510 regnorum
446 1429 642 1512 privatione,
668 1427 833 1512 subjiciat.
869 1427 1024 1512 Ineptum
1039 1426 1137 1511 plane

34 1545 90 1586 esse
113 1523 347 1608 Imperatorem
361 1525 557 1606 Romanum,
582 1523 664 1590 nulli
681 1525 746 1610 legi
763 1525 961 1610 subjectum,
985 1537 1022 1588 ut
1038 1525 1136 1610 maje-

35 1623 110 1684 statis
132 1621 240 1686 laesae
264 1643 356 1686 reum
381 1621 551 1686 damnare.
597 1623 659 1686 Per
691 1647 785 1708 qaam
817 1623 1046 1708 (sententiam),
1078 1625 1134 1705 ait,

34 1719 192 1802 laperator
215 1721 378 1784 Romanas
400 1722 435 1784 ia
458 1721 564 1784 laesae
583 1723 760 1809 majestatie
775 1722 903 1784 crimine
926 1723 1044 1786 dicitur
1066 1746 1135 1787 aaa·

33 1816 191 1895 detractas,
220 1841 279 1903 per·
301 1843 395 1904 qaam
425 1818 595 1882 ridiculose
628 1818 690 1903 lepi
719 1819 899 1908 srcbjicitar,
933 1822 988 1906 qai
1017 1821 1136 1906 lepidas

32 1915 155 1977 caricibus
171 1916 381 2002 imperialiter
404 1927 450 1979 eat
464 1916 595 1980 solatas.
633 1915 746 1980 Multis
762 1938 858 2001 porro
876 1925 1014 1982 conatur
1030 1930 1135 1984 osten-

31 2011 102 2085 dere,
126 2015 394 2099 praecipitanter,
426 2012 599 2078 arbitrarie
624 2024 656 2078 et
679 2025 793 2078 eontra
811 2015 897 2100 juris
921 2019 1134 2101 praescripta,

31 2111 300 2177 condemnationis
324 2115 522 2176 sententiam
541 2101 711 2198 'prolatam
731 2113 842 2177 luisse.
850 2113 874 2200 ¹)
913 2115 1017 2178 Acres
1034 2117 1133 2179 etiam

29 2205 137 2273 litteras
170 2209 264 2274 dedit
293 2210 337 2274 ad
368 2231 461 2296 reges
494 2222 527 2274 et
555 2212 733 2296 principes,
765 2211 886 2297 quibus
914 2215 948 2276 in
973 2214 1133 2278 Innocen-

27 2305 92 2369 tium
116 2308 166 2371 IV
190 2318 225 2371 et
247 2308 420 2372 ecclesiam
445 2309 628 2376 Romanam
653 2312 814 2374 conviciis
838 2311 968 2376 invehit
991 2323 1024 2376 et
1046 2315 1134 2398 prin·

26 2405 99 2488 cipes
113 2417 230 2470 contm
245 2406 440 2470 Pontificem
457 2409 590 2471 excitat.
641 2407 713 2486 Qui,
738 2408 862 2489 scribit,
887 2422 999 2474 vocata
1013 2415 1132 2498 synodo

25 2513 50 2560 tt
69 2505 181 2568 asserit
203 2503 354 2589 cenerati,
378 2515 489 2568 contra
511 2529 578 2582 aas,
612 2531 667 2570 aec
690 2509 803 2572 citatos
825 2532 880 2571 aee
903 2531 999 2594 saper
1023 2509 1134 2596 aliqua

19 2599 123 2682 scatade
146 2603 199 2667 cel
216 2604 380 2690 pravitate
404 2605 567 2682 convictos,
602 2627 698 2668 ansas
721 2617 767 2668 eet
790 2610 976 2670 sententiam
1008 2609 1131 2694 deposi-

25 2699 103 2762 tienis
125 2711 274 2778 staticerc,
298 2725 392 2787 qaam
409 2713 542 2788 praeter
566 2706 702 2767 omnium
728 2727 835 2789 repam
858 2729 981 2769 enorme
999 2713 1131 2797 praeja-

23 2794 122 2860 dia’am
143 2821 212 2861 aaa
229 2811 359 2884 poterat
382 2801 535 2865 stabilire.
596 2801 681 2875 Quid
704 2805 787 2866 caim
808 2804 896 2866 vobis
928 2805 1062 2890 ainpnlia
1084 2831 1130 2870 re-

21 2893 96 2974 yilna
117 2896 313 2982 sircqalancm
335 2921 500 2984 reynerum
525 2924 545 2962 a
560 2900 652 2985 socie
670 2900 746 2965 talis
756 2903 918 2988 principis
932 2905 1131 2969 sacerdotem

22 2993 175 3057 finiendam
189 3017 255 3057 aon
270 3007 420 3084 superesi,
445 3000 475 3060 ei
496 3021 555 3062 aas
578 3009 608 3062 et
625 3001 809 3084 principum
825 2999 972 3066 electione
988 3003 1128 3082 solemni,

20 3101 44 3146 rt
62 3091 289 3177 approbatione
315 3096 409 3158 toties
432 3094 603 3174 Ecclesiae,
636 3097 711 3160 dam
733 3096 811 3162 cleri
824 3099 893 3181 fide
918 3127 955 3164 ae
978 3101 1128 3188 reliq-ione

22 3189 157 3270 clamant,
192 3190 356 3278 imperiali
387 3193 567 3258 diademate
601 3195 755 3260 divinitae
785 3198 963 3282 iaeipnitaa,
998 3214 1027 3265 et
1060 3203 1129 3267 alia

20 3307 99 3368 rrqaa
123 3287 248 3352 nobilia
269 3291 430 3374 mapnc'fice
461 3291 679 3376 paberrraotes,
712 3293 767 3358 ille
796 3295 998 3381 deponendos
1021 3324 1127 3387 appre-

20 3383 100 3462 (ὕων,
130 3393 222 3476 effac
245 3389 350 3474 quoad
373 3388 593 3474 temporalium
623 3391 810 3456 detrimenta
833 3417 897 3457 noa
920 3398 1059 3475 intereat,
1093 3401 1127 3461 in

20 3503 64 3543 aaa
84 3483 209 3570 aliqu-id
232 3508 372 3550 exercere
396 3489 522 3572 riparia,
557 3490 650 3552 etiarn
677 3491 707 3552 ai
729 3513 844 3554 caecae
868 3492 1024 3578 lepitimae
1051 3519 1126 3581 pra·

20 3573 163 3648 lurcatur.
219 3583 330 3647 Veram
360 3606 436 3670 qaas
460 3587 669 3651 sacerdotalis
701 3589 745 3651 eia
774 3589 908 3672 infestat
938 3592 1049 3656 abusio
1067 3618 1126 3680 po-

21 3682 133 3760 testatis,
157 3691 189 3744 et
214 3706 234 3744 a
257 3705 373 3745 mmmo
396 3687 756 3771 eonatarpraecipitare
772 3687 927 3766 deorsam,
950 3712 1006 3752 aec
1024 3693 1127 3776 pri-mi

20 3795 115 3854 tranas,
140 3803 196 3842 nec
219 3779 364 3860 ultimi&

90 3877 140 3939 42.
168 3877 296 3939 Verum
322 3877 484 3942 Friderioi
510 3891 619 3964 partes
637 3883 806 3968 principes
831 3883 1031 3949 nullomodo
1057 3909 1123 3950 sus·

20 3973 135 4052 cepisse,
170 3985 305 4038 enarrat
328 3975 448 4040 diserte
471 3977 660 4042 Matthaeus
683 3979 787 4064 Paris,
820 3983 879 4044 etsi
904 3991 1019 4047 auctor
1040 3985 1124 4048 Pon-

78 4091 96 4186 ἡ
113 4128 154 4191 Ap
183 4093 535 4192 nutriere-areaorres,v1.
556 4127 617 4184 aar.

77 4203 95 4268 ²)
113 4205 144 4258 V.
165 4221 210 4272 ap.
230 4205 266 4259 M.
286 4205 364 4260 Paris
383 4207 418 4260 ad
437 4223 460 4260 a.
483 4209 558 4263 1245.
