2850 4834
390 495 432 549 De
449 493 640 548 htinoritsrrun
659 495 755 550 turbis.
1083 499 1135 552 179

40 638 223 723 judiciariam
260 640 427 702 actionem
463 646 633 702 exerceret
668 637 745 703 fidei
782 637 916 724 Censor,
956 649 1055 726 atque
1091 641 1135 707 ad

44 736 190 801 concilium
223 735 455 821 religiosarum
487 734 690 799 familiarum
722 739 926 822 praepositos
959 747 991 802 et
1025 738 1136 824 plures

8 845 9 848 ’
42 833 103 898 ahos
123 835 269 899 doctores
293 843 539 919 congregasset,
571 854 613 896 ex
637 834 678 897 iis
702 834 923 920 Berengarius
946 836 1050 901 Talon
1075 838 1135 902 Mi·

8 937 9 942 ’
42 934 125 996 nonita
145 931 317 1016 theologus
340 933 487 1017 negavit,
512 933 715 1016 superiorem
740 932 916 998 articulum
941 934 982 998 de
998 956 1136 1020 pauper·

8 1109 9 1118 ἵ
42 1039 90 1092 tate
110 1028 226 1096 Christi
249 1029 457 1094 haereticum
481 1050 561 1110 esse,
587 1028 645 1092 sed
670 1030 891 1096 orthodoxum
917 1041 949 1096 et
965 1034 999 1096 in
1015 1033 1137 1096 Decre-

8 1157 9 1188 1
41 1127 83 1190 tali
101 1127 233 1211 Nicolsi,
258 1129 362 1206 Exiit,
388 1129 551 1191 contineri
576 1127 764 1210 contendit3
789 1129 915 1193 dictum
941 1150 1020 1194 vero
1044 1151 1136 1195 revo-

40 1247 97 1288 care
116 1227 226 1312 jussus
258 1225 300 1290 ad
325 1225 445 1291 Sedem
469 1224 696 1310 Apostolicam
727 1228 933 1311 provocavit.
985 1227 1039 1292 Ex
1073 1228 1137 1293 bac

39 1323 155 1390 scintilla
179 1326 296 1409 ingens
321 1322 514 1387 incendium
539 1331 647 1387 ortum
672 1325 760 1406 est.¹)

107 1439 154 1505 29.
202 1438 289 1504 Cum
324 1441 413 1503 enim
445 1439 667 1524 Berengarius
706 1441 741 1503 in
776 1462 867 1504 sacro
905 1439 1135 1506 Cardinalium
1154 1448 1307 1496 ΟΜΝ·

39 1547 132 1601 senatu
153 1539 380 1623 proposuisset
402 1539 613 1617 sententiam,
647 1537 822 1622 pontificio
842 1538 941 1625 jussu
965 1540 1135 1626 custodiae
1159 1514 1293 1613 pbiriiiii⁰

37 1633 152 1699 traditus
182 1649 241 1716 est,
273 1657 313 1698 ac
336 1633 564 1718 theologorum
590 1633 796 1698 celeberrimi
823 1635 901 1701 dein
925 1648 1037 1702 coetus
1061 1661 1135 1704 con-

38 1735 148 1814 gregati,
183 1742 220 1796 ut
244 1733 469 1796 controversia
493 1730 712 1797 dirimeretur.
760 1732 811 1796 Ac
835 1736 990 1820 primum,
1026 1747 1063 1800 ut
1085 1760 1136 1801 ac-

38 1840 127 1893 curate
160 1832 309 1916 quaestio
348 1839 545 1909 versaretur,
583 1833 937 1896 excommunicationis
975 1856 1083 1918 poena
1117 1859 1137 1900 a

37 1924 148 1992 Nicolao
163 1928 256 2013 Papa
280 1929 460 1992 constituta
484 1927 591 1990 ineos
610 1929 667 2012 qui
692 1927 733 1990 de
749 1927 846 1992 Bulla
861 1931 953 1994 Esau
976 1931 1136 2018 discepta-

36 2024 119 2088 tiones
142 2037 174 2089 et
197 2025 485 2110 interpretationes
515 2025 736 2102 instituerent,
761 2048 820 2110 per
842 2027 1018 2112 Joannem,
1048 2029 1137 2094 edita

36 2117 255 2188 Constitutione
271 2122 356 2196 Quia
377 2122 645 2208 nonnunquam,²)
669 2147 829 2208 suspensa
853 2137 910 2191 est.
945 2128 1033 2192 Tum
1056 2150 1136 2193 vero

35 2219 150 2305 indigna
182 2223 326 2307 suspicio
359 2220 592 2285 nonnullorum
624 2244 839 2286 susurronum
865 2225 946 2288 vitio
980 2247 1137 2308 magnam

35 2317 311 2384 Franciscanorum
337 2318 584 2384 multitudinem
608 2321 766 2406 pervasit,
790 2321 956 2386 Joannem
972 2322 1078 2388 XXII
1102 2326 1137 2389 in

34 2415 278 2482 adversariorum
303 2440 437 2482 suorum
461 2427 571 2503 partes
595 2417 766 2484 inclinare.
813 2420 854 2483 In
877 2419 1014 2486 Ordinis
1038 2423 1137 2486 comi·

34 2514 75 2576 tiis
94 2537 187 2600 porro
200 2517 355 2580 Perusiae
380 2518 589 2600 congregatis
613 2518 737 2601 primas
761 2516 949 2582 schismatis
972 2519 1062 2582 faces
1085 2542 1137 2584 ac·

34 2611 205 2694 conderent,
238 2615 360 2699 quippe
384 2615 419 2677 in
443 2635 517 2676 eam
548 2615 767 2678 temeritatem
791 2636 826 2679 se
850 2616 1069 2701 projecerunt,
1101 2627 1139 2681 ut

34 2707 94 2772 dum
116 2710 308 2796 Apostolica
332 2710 435 2775 Sedes
468 2712 504 2774 in
532 2711 692 2795 agitanda
723 2711 979 2799 definiendaque
1010 2724 1137 2779 contro-

34 2809 121 2872 versia
143 2819 306 2893 occupata
331 2819 425 2890 esset,
450 2809 514 2893 ipsi
538 2811 736 2874 sententiam
760 2832 853 2874 suam
879 2813 1044 2877 universis
1058 2811 1137 2877 fide·

32 2901 101 2968 libus
129 2905 308 2990 encyclicis
330 2905 448 2970 litteris
471 2909 712 2992 proposuerint,
745 2911 839 2993 quasi
859 2909 932 2994 jem
955 2933 976 2973 a
999 2910 1137 2976 Nicolao

32 3001 57 3064 in
86 3003 239 3068 decretali
275 3005 368 3068 Exiit
406 3004 659 3090 promulgatam.
707 3003 775 3070 Sed
806 3006 964 3072 Nicolaus
1000 3007 1041 3072 do
1073 3009 1137 3073 ista

32 3105 214 3184 quaestione,
241 3104 274 3167 in
299 3125 365 3188 qua
388 3103 532 3189 plurima
556 3103 794 3186 distinguenda
809 3105 958 3170 Joannes
973 3105 1076 3170 XXII
1101 3109 1137 3174 in

31 3203 84 3262 suis
106 3199 405 3265 Constitutionibus
428 3201 579 3284 illustrat,
611 3201 783 3266 decretoria
813 3226 879 3268 non
904 3212 975 3268 erat
997 3203 1136 3290 locutus,

32 3298 175 3385 simulque
199 3302 424 3380 constituerat,
449 3310 486 3363 ut
501 3301 528 3364 si
545 3300 626 3385 quid
641 3300 870 3384 ambiguitatis
893 3305 928 3366 in
949 3303 1020 3388 ejus
1039 3301 1137 3366 dictis

30 3399 206 3478 emersisset,
231 3397 408 3482 explicatio
433 3421 453 3460 a
473 3398 622 3462 Romano
637 3398 800 3462 Pontifice
815 3399 959 3484 petenda
983 3410 1077 3466 esset.
1096 3435 1134 3450 -

30 3490 146 3560 Litteris
191 3497 293 3581 igitur
338 3495 517 3580 encyclicis
559 3497 737 3560 Minoritae
781 3495 1014 3578 declarabant,
1065 3519 1137 3582 pro·

30 3593 206 3671 positionem
236 3595 388 3678 superius
420 3596 555 3658 citatam
589 3616 659 3658 esse
691 3616 808 3658 senam
841 3605 874 3659 et
906 3595 1136 3678 orthodoxam,

30 3685 113 3774 idque
135 3713 155 3753 a
168 3690 305 3755 Nicolao
323 3701 356 3754 et
371 3689 520 3756 Concilio
538 3691 723 3756 Viennensi
748 3715 818 3756 esse
843 3691 1035 3774 definitum3
1059 3691 1137 3758 illis·

30 3805 80 3867 que
108 3786 224 3852 litteris
253 3787 521 3874 subscripserunt
544 3789 689 3854 Michasl
715 3788 879 3854 Caesones
903 3789 1058 3864 Minister,
1082 3813 1137 3876 ge-

30 3884 142 3969 neralis,
167 3885 353 3952 Gulielmus
377 3886 508 3952 Ochum
531 3889 684 3953 Minister
708 3888 862 3972 Angliae,
888 3885 1056 3953 Henricus
1076 3889 1136 3953 Mi·

28 3981 114 4046 nister
134 3983 364 4067 Alemanniae,
398 3984 568 4051 Arnaldus
591 3985 744 4051 Minister
767 3987 971 4072 Aquitaniae
998 3995 1032 4050 et
1063 3996 1137 4050 octo

89 4203 107 4275 ¹)
126 4205 182 4260 Cir.
201 4205 382 4274 Baynaldnm,
402 4207 436 4262 ad
455 4223 479 4263 a
501 4209 580 4263 1322.
600 4224 627 4262 n.
646 4209 688 4263 53.
865 4229 869 4239 ·

86 4283 106 4357 ¹)
124 4287 277 4357 Extrevcg.
297 4288 413 4343 Joannis
431 4288 522 4344 XXII.
542 4289 599 4345 'lit
618 4288 694 4346 XIV.
714 4289 742 4346 O.
761 4289 800 4346 II.
825 4303 828 4315 ·
978 4377 1028 4432 12*
