<?xml version="1.0" encoding="UTF-8"?>
<!DOCTYPE html PUBLIC "-//W3C//DTD XHTML 1.0 Transitional//EN"
    "http://www.w3.org/TR/xhtml1/DTD/xhtml1-transitional.dtd">
<html xmlns="http://www.w3.org/1999/xhtml" xml:lang="en" lang="en">
 <head>
  <title>
</title>
<meta http-equiv="Content-Type" content="text/html;charset=utf-8" />
  <meta name='ocr-system' content='tesseract 3.04.00' />
  <meta name='ocr-capabilities' content='ocr_page ocr_carea ocr_par ocr_line ocrx_word'/>
</head>
<body>
  <div class='ocr_page' id='page_1' title='image "./dissertationess00junggoog_0878.png"; bbox 0 0 2902 4848; ppageno 0'>
   <div class='ocr_carea' id='block_1_1' title="bbox 383 439 1119 497">
    <p class='ocr_par' dir='ltr' id='par_1_1' title="bbox 383 439 1119 497">
     <span class='ocr_line' id='line_1_1' title="bbox 383 439 1119 497; baseline 0.004 -3"><span class='ocrx_word' id='word_1_1' title='bbox 383 441 423 494; x_wconf 81' lang='lat' dir='ltr'><em>lle</em></span> <span class='ocrx_word' id='word_1_2' title='bbox 442 439 560 494; x_wconf 79' lang='lat' dir='ltr'><strong>Concilio</strong></span> <span class='ocrx_word' id='word_1_3' title='bbox 578 439 737 496; x_wconf 88' lang='lat' dir='ltr'><em>Basilsensi.</em></span> <span class='ocrx_word' id='word_1_4' title='bbox 1066 445 1119 497; x_wconf 81' lang='lat' dir='ltr'><em>sla</em></span> 
     </span>
    </p>
   </div>
   <div class='ocr_carea' id='block_1_2' title="bbox 2 583 1163 2528">
    <p class='ocr_par' dir='ltr' id='par_1_2' title="bbox 13 583 1119 943">
     <span class='ocr_line' id='line_1_2' title="bbox 16 583 1118 668; baseline 0.005 -23"><span class='ocrx_word' id='word_1_5' title='bbox 16 596 42 645; x_wconf 88' lang='lat' dir='ltr'><em>el</em></span> <span class='ocrx_word' id='word_1_6' title='bbox 60 583 320 668; x_wconf 79' lang='lat' dir='ltr'>impugnabatur,</span> <span class='ocrx_word' id='word_1_7' title='bbox 345 583 416 668; x_wconf 88' lang='lat' dir='ltr'><em>ejus</em></span> <span class='ocrx_word' id='word_1_8' title='bbox 441 593 560 647; x_wconf 84' lang='lat' dir='ltr'><em>natura</em></span> <span class='ocrx_word' id='word_1_9' title='bbox 583 595 616 648; x_wconf 89' lang='lat' dir='ltr'><em>et</em></span> <span class='ocrx_word' id='word_1_10' title='bbox 639 606 769 649; x_wconf 89' lang='lat' dir='ltr'><em>summa</em></span> <span class='ocrx_word' id='word_1_11' title='bbox 792 586 972 650; x_wconf 88' lang='lat' dir='ltr'><em>auctoritas</em></span> <span class='ocrx_word' id='word_1_12' title='bbox 996 609 1016 650; x_wconf 89' lang='lat' dir='ltr'><em>a</em></span> <span class='ocrx_word' id='word_1_13' title='bbox 1033 587 1118 652; x_wconf 91' lang='lat' dir='ltr'><em>Con·</em></span> 
     </span>
     <span class='ocr_line' id='line_1_3' title="bbox 16 680 1115 769; baseline 0.005 -26"><span class='ocrx_word' id='word_1_14' title='bbox 16 680 76 744; x_wconf 86' lang='lat' dir='ltr'><em>cilio</em></span> <span class='ocrx_word' id='word_1_15' title='bbox 98 683 308 746; x_wconf 89' lang='lat' dir='ltr'><em>oecumenico</em></span> <span class='ocrx_word' id='word_1_16' title='bbox 333 683 505 746; x_wconf 86' lang='lat' dir='ltr'><em>vindicata</em></span> <span class='ocrx_word' id='word_1_17' title='bbox 521 693 554 746; x_wconf 89' lang='lat' dir='ltr'><em>et</em></span> <span class='ocrx_word' id='word_1_18' title='bbox 570 685 605 748; x_wconf 89' lang='lat' dir='ltr'><em>in</em></span> <span class='ocrx_word' id='word_1_19' title='bbox 622 682 769 747; x_wconf 84' lang='lat' dir='ltr'><em>evidenti</em></span> <span class='ocrx_word' id='word_1_20' title='bbox 786 683 860 747; x_wconf 86' lang='lat' dir='ltr'><em>luce</em></span> <span class='ocrx_word' id='word_1_21' title='bbox 878 685 984 769; x_wconf 89' lang='lat' dir='ltr'><em>posita</em></span> <span class='ocrx_word' id='word_1_22' title='bbox 1000 697 1059 752; x_wconf 89' lang='lat' dir='ltr'><em>est.</em></span> <span class='ocrx_word' id='word_1_23' title='bbox 1078 723 1115 733; x_wconf 92' lang='lat'><em>-</em></span> 
     </span>
     <span class='ocr_line' id='line_1_4' title="bbox 15 777 1119 864; baseline 0.005 -22"><span class='ocrx_word' id='word_1_24' title='bbox 15 779 143 863; x_wconf 53' lang='lat' dir='ltr'><em>Qemus</em></span> <span class='ocrx_word' id='word_1_25' title='bbox 177 781 279 864; x_wconf 84' lang='lat' dir='ltr'><em>igitur</em></span> <span class='ocrx_word' id='word_1_26' title='bbox 313 781 456 864; x_wconf 88' lang='lat' dir='ltr'><em>primum</em></span> <span class='ocrx_word' id='word_1_27' title='bbox 492 779 531 842; x_wconf 78' lang='lat' dir='ltr'><em>sle</em></span> <span class='ocrx_word' id='word_1_28' title='bbox 567 777 706 846; x_wconf 78' lang='lat' dir='ltr'><em>Concilio</em></span> <span class='ocrx_word' id='word_1_29' title='bbox 738 778 928 864; x_wconf 87' lang='lat' dir='ltr'><em>Basileensi,</em></span> <span class='ocrx_word' id='word_1_30' title='bbox 967 783 1044 848; x_wconf 89' lang='lat' dir='ltr'><em>dein</em></span> <span class='ocrx_word' id='word_1_31' title='bbox 1080 783 1119 847; x_wconf 76' lang='lat' dir='ltr'><em>(le</em></span> 
     </span>
     <span class='ocr_line' id='line_1_5' title="bbox 13 875 190 943; baseline 0.011 -3"><span class='ocrx_word' id='word_1_32' title='bbox 13 875 190 943; x_wconf 82' lang='lat' dir='ltr'><em>Florentino.</em></span> 
     </span>
    </p>

    <p class='ocr_par' dir='ltr' id='par_1_3' title="bbox 2 974 1163 2528">
     <span class='ocr_line' id='line_1_6' title="bbox 88 974 1118 1063; baseline 0.004 -25"><span class='ocrx_word' id='word_1_33' title='bbox 88 977 116 1042; x_wconf 87' lang='grc'><em>2,</em></span> <span class='ocrx_word' id='word_1_34' title='bbox 163 975 215 1040; x_wconf 90' lang='lat' dir='ltr'><em>Dc</em></span> <span class='ocrx_word' id='word_1_35' title='bbox 247 974 398 1040; x_wconf 84' lang='lat' dir='ltr'><em>Concilio</em></span> <span class='ocrx_word' id='word_1_36' title='bbox 422 975 603 1040; x_wconf 87' lang='lat' dir='ltr'><em>Basileensi</em></span> <span class='ocrx_word' id='word_1_37' title='bbox 636 976 763 1042; x_wconf 88' lang='lat' dir='ltr'><em>consuli</em></span> <span class='ocrx_word' id='word_1_38' title='bbox 795 986 951 1062; x_wconf 77' lang='lat' dir='ltr'><em>possunt:</em></span> <span class='ocrx_word' id='word_1_39' title='bbox 990 977 1118 1063; x_wconf 87' lang='lat' dir='ltr'><em>stbe,</em></span> 
     </span>
     <span class='ocr_line' id='line_1_7' title="bbox 13 1070 1119 1154; baseline 0.006 -20"><span class='ocrx_word' id='word_1_40' title='bbox 13 1070 143 1138; x_wconf 86' lang='lat' dir='ltr'><em>Colleclis</em></span> <span class='ocrx_word' id='word_1_41' title='bbox 178 1071 295 1139; x_wconf 85' lang='lat' dir='ltr'><em>Concil.</em></span> <span class='ocrx_word' id='word_1_42' title='bbox 332 1075 367 1138; x_wconf 90' lang='lat' dir='ltr'><em>T.</em></span> <span class='ocrx_word' id='word_1_43' title='bbox 393 1075 466 1138; x_wconf 90' lang='lat' dir='ltr'><em>XII.</em></span> <span class='ocrx_word' id='word_1_44' title='bbox 491 1111 535 1121; x_wconf 89' lang='lat'><em>-</em></span> <span class='ocrx_word' id='word_1_45' title='bbox 559 1074 683 1154; x_wconf 80' lang='lat' dir='ltr'><em>Menai,</em></span> <span class='ocrx_word' id='word_1_46' title='bbox 718 1076 752 1139; x_wconf 89' lang='lat' dir='ltr'><em>T.</em></span> <span class='ocrx_word' id='word_1_47' title='bbox 778 1077 1050 1142; x_wconf 87' lang='lat' dir='ltr'><em>XXIX-XXXI.</em></span> <span class='ocrx_word' id='word_1_48' title='bbox 1075 1115 1119 1125; x_wconf 89' lang='lat'><em>-</em></span> 
     </span>
     <span class='ocr_line' id='line_1_8' title="bbox 8 1169 1119 1256; baseline 0.008 -25"><span class='ocrx_word' id='word_1_49' title='bbox 8 1169 160 1252; x_wconf 83' lang='lat' dir='ltr'><em>llnynaldi</em></span> <span class='ocrx_word' id='word_1_50' title='bbox 186 1180 219 1234; x_wconf 92' lang='lat' dir='ltr'><em>et</em></span> <span class='ocrx_word' id='word_1_51' title='bbox 241 1169 412 1256; x_wconf 87' lang='lat' dir='ltr'><em>Spendani</em></span> <span class='ocrx_word' id='word_1_52' title='bbox 437 1169 581 1234; x_wconf 77' lang='lat' dir='ltr'><em>Annales</em></span> <span class='ocrx_word' id='word_1_53' title='bbox 613 1197 642 1238; x_wconf 84' lang='lat' dir='ltr'><em>a.</em></span> <span class='ocrx_word' id='word_1_54' title='bbox 668 1174 900 1237; x_wconf 71' lang='lat' dir='ltr'><em>leel-1437.</em></span> <span class='ocrx_word' id='word_1_55' title='bbox 925 1211 965 1222; x_wconf 90' lang='lat'><em>-</em></span> <span class='ocrx_word' id='word_1_56' title='bbox 992 1175 1119 1240; x_wconf 83' lang='lat' dir='ltr'><em>Natalis</em></span> 
     </span>
     <span class='ocr_line' id='line_1_9' title="bbox 7 1269 1120 1352; baseline 0.004 -21"><span class='ocrx_word' id='word_1_57' title='bbox 7 1269 197 1352; x_wconf 79' lang='lat' dir='ltr'><strong>Alexander,</strong></span> <span class='ocrx_word' id='word_1_58' title='bbox 231 1269 274 1334; x_wconf 88' lang='lat' dir='ltr'><em>H.</em></span> <span class='ocrx_word' id='word_1_59' title='bbox 300 1271 337 1333; x_wconf 78' lang='lat' dir='ltr'><em>ll.</em></span> <span class='ocrx_word' id='word_1_60' title='bbox 368 1271 504 1334; x_wconf 87' lang='lat' dir='ltr'><em>Dissert.</em></span> <span class='ocrx_word' id='word_1_61' title='bbox 546 1271 628 1334; x_wconf 89' lang='lat' dir='ltr'><em>VIII</em></span> <span class='ocrx_word' id='word_1_62' title='bbox 657 1272 692 1336; x_wconf 87' lang='lat' dir='ltr'><em>in</em></span> <span class='ocrx_word' id='word_1_63' title='bbox 722 1295 803 1338; x_wconf 86' lang='lat' dir='ltr'><em>saec.</em></span> <span class='ocrx_word' id='word_1_64' title='bbox 833 1273 973 1336; x_wconf 81' lang='lat' dir='ltr'><em>XV-ll</em></span> <span class='ocrx_word' id='word_1_65' title='bbox 980 1273 1026 1336; x_wconf 93' lang='lat' dir='ltr'><em>VI</em></span> <span class='ocrx_word' id='word_1_66' title='bbox 1052 1296 1120 1336; x_wconf 85' lang='lat' dir='ltr'><em>cnm</em></span> 
     </span>
     <span class='ocr_line' id='line_1_10' title="bbox 6 1367 1118 1456; baseline 0.007 -28"><span class='ocrx_word' id='word_1_67' title='bbox 6 1367 206 1432; x_wconf 81' lang='lat' dir='ltr'><em>animadvers.</em></span> <span class='ocrx_word' id='word_1_68' title='bbox 240 1367 446 1454; x_wconf 75' lang='lat' dir='ltr'><em>Roncaplice.</em></span> <span class='ocrx_word' id='word_1_69' title='bbox 477 1405 520 1415; x_wconf 90' lang='lat'><em>-</em></span> <span class='ocrx_word' id='word_1_70' title='bbox 550 1368 725 1450; x_wconf 84' lang='lat' dir='ltr'><em>Zaccaria,</em></span> <span class='ocrx_word' id='word_1_71' title='bbox 765 1370 967 1456; x_wconf 67' lang='lat' dir='ltr'><em>Antsfebron.</em></span> <span class='ocrx_word' id='word_1_72' title='bbox 1008 1372 1040 1434; x_wconf 87' lang='lat' dir='ltr'><em>P.</em></span> <span class='ocrx_word' id='word_1_73' title='bbox 1074 1373 1118 1436; x_wconf 94' lang='lat' dir='ltr'><em>II.</em></span> 
     </span>
     <span class='ocr_line' id='line_1_11' title="bbox 6 1465 1163 1552; baseline 0.006 -26"><span class='ocrx_word' id='word_1_74' title='bbox 6 1465 35 1526; x_wconf 88' lang='lat' dir='ltr'><em>L.</em></span> <span class='ocrx_word' id='word_1_75' title='bbox 57 1466 115 1529; x_wconf 89' lang='lat' dir='ltr'><em>IV.</em></span> <span class='ocrx_word' id='word_1_76' title='bbox 140 1491 165 1530; x_wconf 90' lang='lat' dir='ltr'><em>c.</em></span> <span class='ocrx_word' id='word_1_77' title='bbox 190 1467 251 1531; x_wconf 90' lang='lat' dir='ltr'><em>III.</em></span> <span class='ocrx_word' id='word_1_78' title='bbox 277 1475 307 1529; x_wconf 86' lang='lat' dir='ltr'><em>et</em></span> <span class='ocrx_word' id='word_1_79' title='bbox 330 1465 532 1552; x_wconf 81' lang='lat' dir='ltr'><em>Antifebren.</em></span> <span class='ocrx_word' id='word_1_80' title='bbox 558 1469 673 1532; x_wconf 80' lang='lat' dir='ltr'><em>vindic.</em></span> <span class='ocrx_word' id='word_1_81' title='bbox 700 1469 836 1532; x_wconf 87' lang='lat' dir='ltr'><em>Dissert.</em></span> <span class='ocrx_word' id='word_1_82' title='bbox 861 1468 920 1532; x_wconf 91' lang='lat' dir='ltr'><em>IV.</em></span> <span class='ocrx_word' id='word_1_83' title='bbox 945 1492 969 1534; x_wconf 93' lang='lat' dir='ltr'><em>c.</em></span> <span class='ocrx_word' id='word_1_84' title='bbox 994 1469 1051 1532; x_wconf 88' lang='lat' dir='ltr'><em>IX.</em></span> <span class='ocrx_word' id='word_1_85' title='bbox 1075 1503 1120 1514; x_wconf 90' lang='lat'><em>-</em></span> <span class='ocrx_word' id='word_1_86' title='bbox 1157 1488 1163 1497; x_wconf 87' lang='lat'>·</span> 
     </span>
     <span class='ocr_line' id='line_1_12' title="bbox 5 1554 1119 1652; baseline 0.006 -28"><span class='ocrx_word' id='word_1_87' title='bbox 5 1561 204 1644; x_wconf 85' lang='lat' dir='ltr'><em>lluzzarelli,</em></span> <span class='ocrx_word' id='word_1_88' title='bbox 242 1564 293 1627; x_wconf 88' lang='lat' dir='ltr'><em>De</em></span> <span class='ocrx_word' id='word_1_89' title='bbox 314 1554 512 1628; x_wconf 70' lang='lat' dir='ltr'><em>&#39;anctoritate</em></span> <span class='ocrx_word' id='word_1_90' title='bbox 549 1567 640 1629; x_wconf 82' lang='lat' dir='ltr'><em>Rom.</em></span> <span class='ocrx_word' id='word_1_91' title='bbox 671 1566 791 1652; x_wconf 67' lang='lat' dir='ltr'><em>Pontef.</em></span> <span class='ocrx_word' id='word_1_92' title='bbox 829 1567 863 1630; x_wconf 93' lang='lat' dir='ltr'><em>T.</em></span> <span class='ocrx_word' id='word_1_93' title='bbox 888 1567 932 1630; x_wconf 91' lang='lat' dir='ltr'><em>II.</em></span> <span class='ocrx_word' id='word_1_94' title='bbox 966 1590 990 1630; x_wconf 88' lang='lat' dir='ltr'><em>c.</em></span> <span class='ocrx_word' id='word_1_95' title='bbox 1023 1569 1051 1630; x_wconf 82' lang='lat' dir='ltr'><em>l.</em></span> <span class='ocrx_word' id='word_1_96' title='bbox 1076 1603 1119 1614; x_wconf 90' lang='lat'>-</span> 
     </span>
     <span class='ocr_line' id='line_1_13' title="bbox 3 1658 1119 1742; baseline 0.004 -19"><span class='ocrx_word' id='word_1_97' title='bbox 3 1658 33 1724; x_wconf 82' lang='lat' dir='ltr'><em>C.</em></span> <span class='ocrx_word' id='word_1_98' title='bbox 58 1661 137 1742; x_wconf 82' lang='lat' dir='ltr'><em>Fen,</em></span> <span class='ocrx_word' id='word_1_99' title='bbox 171 1661 247 1725; x_wconf 86' lang='lat' dir='ltr'><em>Pius</em></span> <span class='ocrx_word' id='word_1_100' title='bbox 271 1663 311 1726; x_wconf 95' lang='lat' dir='ltr'><em>II</em></span> <span class='ocrx_word' id='word_1_101' title='bbox 336 1663 428 1727; x_wconf 90' lang='lat' dir='ltr'><em>Ponl.</em></span> <span class='ocrx_word' id='word_1_102' title='bbox 454 1663 546 1726; x_wconf 81' lang='lat' dir='ltr'><em>Man.</em></span> <span class='ocrx_word' id='word_1_103' title='bbox 577 1687 598 1726; x_wconf 86' lang='lat' dir='ltr'><em>a</em></span> <span class='ocrx_word' id='word_1_104' title='bbox 628 1663 796 1728; x_wconf 81' lang='lat' dir='ltr'><em>calumniis</em></span> <span class='ocrx_word' id='word_1_105' title='bbox 819 1664 998 1728; x_wconf 82' lang='lat' dir='ltr'><em>vindicatas</em></span> <span class='ocrx_word' id='word_1_106' title='bbox 1023 1666 1119 1727; x_wconf 85' lang='lat' dir='ltr'><em>ternis</em></span> 
     </span>
     <span class='ocr_line' id='line_1_14' title="bbox 2 1759 1119 1848; baseline 0.003 -27"><span class='ocrx_word' id='word_1_107' title='bbox 2 1759 277 1823; x_wconf 68' lang='lat' dir='ltr'><em>retractationibus</em></span> <span class='ocrx_word' id='word_1_108' title='bbox 309 1764 386 1848; x_wconf 83' lang='lat' dir='ltr'><em>ejas,</em></span> <span class='ocrx_word' id='word_1_109' title='bbox 422 1761 534 1846; x_wconf 81' lang='lat' dir='ltr'><em>quibas</em></span> <span class='ocrx_word' id='word_1_110' title='bbox 567 1762 653 1825; x_wconf 84' lang='lat' dir='ltr'><em>dicta</em></span> <span class='ocrx_word' id='word_1_111' title='bbox 684 1773 713 1826; x_wconf 91' lang='lat' dir='ltr'><em>et</em></span> <span class='ocrx_word' id='word_1_112' title='bbox 744 1764 864 1848; x_wconf 87' lang='lat' dir='ltr'><em>scripta</em></span> <span class='ocrx_word' id='word_1_113' title='bbox 889 1785 949 1847; x_wconf 81' lang='lat' dir='ltr'><em>pro</em></span> <span class='ocrx_word' id='word_1_114' title='bbox 978 1759 1119 1826; x_wconf 77' lang='lat' dir='ltr'><em>Concilio</em></span> 
     </span>
     <span class='ocr_line' id='line_1_15' title="bbox 2 1855 1119 1949; baseline 0.004 -29"><span class='ocrx_word' id='word_1_115' title='bbox 2 1855 176 1922; x_wconf 76' lang='lat' dir='ltr'><em>Baaileensi</em></span> <span class='ocrx_word' id='word_1_116' title='bbox 198 1869 310 1922; x_wconf 85' lang='lat' dir='ltr'><em>centra</em></span> <span class='ocrx_word' id='word_1_117' title='bbox 333 1859 508 1944; x_wconf 74' lang='lat' dir='ltr'><em>Etsyenians</em></span> <span class='ocrx_word' id='word_1_118' title='bbox 531 1859 587 1922; x_wconf 89' lang='lat' dir='ltr'><em>IV</em></span> <span class='ocrx_word' id='word_1_119' title='bbox 611 1862 757 1949; x_wconf 80' lang='lat' dir='ltr'><em>ejuravit.</em></span> <span class='ocrx_word' id='word_1_120' title='bbox 804 1860 929 1924; x_wconf 77' lang='lat' dir='ltr'><em>Romae</em></span> <span class='ocrx_word' id='word_1_121' title='bbox 956 1859 1051 1924; x_wconf 84' lang='lat'><strong><em>1823.</em></strong></span> <span class='ocrx_word' id='word_1_122' title='bbox 1076 1897 1119 1908; x_wconf 93' lang='lat'><em>—-</em></span> 
     </span>
     <span class='ocr_line' id='line_1_16' title="bbox 2 1953 1119 2042; baseline 0.004 -26"><span class='ocrx_word' id='word_1_123' title='bbox 2 1953 118 2034; x_wconf 83' lang='lat' dir='ltr'><em>Palma,</em></span> <span class='ocrx_word' id='word_1_124' title='bbox 145 1953 298 2022; x_wconf 82' lang='lat' dir='ltr'><em>Praelect.</em></span> <span class='ocrx_word' id='word_1_125' title='bbox 330 1957 365 2020; x_wconf 87' lang='lat' dir='ltr'><em>T.</em></span> <span class='ocrx_word' id='word_1_126' title='bbox 384 1957 440 2020; x_wconf 92' lang='lat' dir='ltr'><em>IV.</em></span> <span class='ocrx_word' id='word_1_127' title='bbox 460 1981 496 2042; x_wconf 85' lang='lat' dir='ltr'><em>p.</em></span> <span class='ocrx_word' id='word_1_128' title='bbox 522 1958 548 2021; x_wconf 95' lang='lat' dir='ltr'><em>I.</em></span> <span class='ocrx_word' id='word_1_129' title='bbox 573 1981 599 2025; x_wconf 91' lang='lat' dir='ltr'><em>c.</em></span> <span class='ocrx_word' id='word_1_130' title='bbox 622 1961 653 2021; x_wconf 85' lang='lat'><em>5.</em></span> <span class='ocrx_word' id='word_1_131' title='bbox 680 1995 723 2005; x_wconf 88' lang='lat'>-</span> <span class='ocrx_word' id='word_1_132' title='bbox 746 1957 874 2039; x_wconf 83' lang='lat' dir='ltr'><em>Helela,</em></span> <span class='ocrx_word' id='word_1_133' title='bbox 903 1955 935 2023; x_wconf 92' lang='lat' dir='ltr'><em>C.</em></span> <span class='ocrx_word' id='word_1_134' title='bbox 965 1955 1004 2022; x_wconf 80' lang='lat' dir='ltr'><em>G.</em></span> <span class='ocrx_word' id='word_1_135' title='bbox 1028 1958 1067 2022; x_wconf 91' lang='lat' dir='ltr'><em>B.</em></span> <span class='ocrx_word' id='word_1_136' title='bbox 1091 1958 1119 2022; x_wconf 91' lang='lat' dir='ltr'><em>I.</em></span> 
     </span>
     <span class='ocr_line' id='line_1_17' title="bbox 2 2053 1119 2140; baseline 0.002 -23"><span class='ocrx_word' id='word_1_137' title='bbox 2 2053 181 2140; x_wconf 77' lang='lat' dir='ltr'><em>Einlcitnnp</em></span> <span class='ocrx_word' id='word_1_138' title='bbox 204 2065 234 2118; x_wconf 88' lang='lat' dir='ltr'><em>el</em></span> <span class='ocrx_word' id='word_1_139' title='bbox 249 2055 288 2119; x_wconf 90' lang='lat' dir='ltr'><em>B.</em></span> <span class='ocrx_word' id='word_1_140' title='bbox 311 2053 380 2118; x_wconf 87' lang='lat' dir='ltr'><em>VII.</em></span> <span class='ocrx_word' id='word_1_141' title='bbox 406 2091 448 2100; x_wconf 90' lang='lat'><em>-</em></span> <span class='ocrx_word' id='word_1_142' title='bbox 473 2054 628 2136; x_wconf 79' lang='lat' dir='ltr'><em>Ledaeas,</em></span> <span class='ocrx_word' id='word_1_143' title='bbox 652 2055 783 2119; x_wconf 79' lang='lat' dir='ltr'><em>Iolenn</em></span> <span class='ocrx_word' id='word_1_144' title='bbox 808 2079 867 2119; x_wconf 86' lang='lat' dir='ltr'><em>oon</em></span> <span class='ocrx_word' id='word_1_145' title='bbox 888 2055 1119 2140; x_wconf 63' lang='lat' dir='ltr'><em>Torquemnda</em></span> 
     </span>
     <span class='ocr_line' id='line_1_18' title="bbox 2 2151 1118 2235; baseline 0.004 -21"><span class='ocrx_word' id='word_1_146' title='bbox 2 2151 159 2235; x_wconf 80' lang='lat' dir='ltr'><em>Freiburg</em></span> <span class='ocrx_word' id='word_1_147' title='bbox 194 2152 290 2216; x_wconf 77' lang='lat'><strong><em>1879.</em></strong></span> <span class='ocrx_word' id='word_1_148' title='bbox 328 2189 371 2199; x_wconf 90' lang='lat'><em>-</em></span> <span class='ocrx_word' id='word_1_149' title='bbox 411 2151 670 2235; x_wconf 83' lang='lat' dir='ltr'><em>Hergenrilther,</em></span> <span class='ocrx_word' id='word_1_150' title='bbox 714 2154 750 2218; x_wconf 85' lang='lat' dir='ltr'><em>K.</em></span> <span class='ocrx_word' id='word_1_151' title='bbox 779 2152 818 2218; x_wconf 80' lang='lat' dir='ltr'><em>G.</em></span> <span class='ocrx_word' id='word_1_152' title='bbox 857 2153 891 2218; x_wconf 82' lang='grc' dir='ltr'><em>Τ.</em></span> <span class='ocrx_word' id='word_1_153' title='bbox 916 2153 959 2217; x_wconf 95' lang='lat' dir='ltr'><em>II.</em></span> <span class='ocrx_word' id='word_1_154' title='bbox 989 2151 1021 2218; x_wconf 92' lang='lat' dir='ltr'><em>C.</em></span> <span class='ocrx_word' id='word_1_155' title='bbox 1045 2155 1072 2220; x_wconf 91' lang='lat' dir='ltr'><em>I.</em></span> <span class='ocrx_word' id='word_1_156' title='bbox 1096 2154 1118 2219; x_wconf 87' lang='lat' dir='ltr'><em>i.</em></span> 
     </span>
     <span class='ocr_line' id='line_1_19' title="bbox 2 2248 1120 2336; baseline 0.003 -23"><span class='ocrx_word' id='word_1_157' title='bbox 2 2251 38 2335; x_wconf 76' lang='lat' dir='ltr'><em>‘p.</em></span> <span class='ocrx_word' id='word_1_158' title='bbox 62 2253 108 2314; x_wconf 84' lang='lat'><em>90</em></span> <span class='ocrx_word' id='word_1_159' title='bbox 133 2249 241 2336; x_wconf 82' lang='lat' dir='ltr'><em>sqq.),·</em></span> <span class='ocrx_word' id='word_1_160' title='bbox 284 2251 317 2315; x_wconf 92' lang='lat' dir='ltr'><em>T.</em></span> <span class='ocrx_word' id='word_1_161' title='bbox 342 2251 404 2314; x_wconf 89' lang='lat' dir='ltr'><em>III.</em></span> <span class='ocrx_word' id='word_1_162' title='bbox 433 2274 466 2335; x_wconf 86' lang='lat' dir='ltr'><em>p.</em></span> <span class='ocrx_word' id='word_1_163' title='bbox 491 2253 572 2328; x_wconf 83' lang='lat'><em>357,</em></span> <span class='ocrx_word' id='word_1_164' title='bbox 613 2248 670 2314; x_wconf 89' lang='lat' dir='ltr'><em>ubi</em></span> <span class='ocrx_word' id='word_1_165' title='bbox 705 2252 815 2315; x_wconf 86' lang='lat' dir='ltr'><em>varios</em></span> <span class='ocrx_word' id='word_1_166' title='bbox 852 2250 934 2316; x_wconf 91' lang='lat' dir='ltr'><em>alios</em></span> <span class='ocrx_word' id='word_1_167' title='bbox 970 2261 1120 2316; x_wconf 80' lang='lat' dir='ltr'><em>auctores</em></span> 
     </span>
     <span class='ocr_line' id='line_1_20' title="bbox 2 2347 1120 2434; baseline 0.005 -27"><span class='ocrx_word' id='word_1_168' title='bbox 2 2349 145 2411; x_wconf 75' lang='lat' dir='ltr'><em>invenies</em></span> <span class='ocrx_word' id='word_1_169' title='bbox 171 2348 297 2412; x_wconf 84' lang='lat' dir='ltr'><em>citatos.</em></span> <span class='ocrx_word' id='word_1_170' title='bbox 324 2385 367 2395; x_wconf 89' lang='lat'><em>-</em></span> <span class='ocrx_word' id='word_1_171' title='bbox 390 2347 442 2412; x_wconf 92' lang='lat' dir='ltr'><em>De</em></span> <span class='ocrx_word' id='word_1_172' title='bbox 467 2350 506 2411; x_wconf 89' lang='lat' dir='ltr'><em>iis</em></span> <span class='ocrx_word' id='word_1_173' title='bbox 530 2350 586 2434; x_wconf 89' lang='lat' dir='ltr'><em>qui</em></span> <span class='ocrx_word' id='word_1_174' title='bbox 612 2349 815 2433; x_wconf 86' lang='lat' dir='ltr'><em>seripserunt</em></span> <span class='ocrx_word' id='word_1_175' title='bbox 838 2349 879 2414; x_wconf 89' lang='lat' dir='ltr'><em>de</em></span> <span class='ocrx_word' id='word_1_176' title='bbox 897 2348 1031 2432; x_wconf 88' lang='lat' dir='ltr'><em>Synodo</em></span> <span class='ocrx_word' id='word_1_177' title='bbox 1049 2348 1120 2413; x_wconf 87' lang='lat' dir='ltr'><em>Flo-</em></span> 
     </span>
     <span class='ocr_line' id='line_1_21' title="bbox 2 2444 470 2528; baseline 0.004 -20"><span class='ocrx_word' id='word_1_178' title='bbox 2 2449 132 2527; x_wconf 75' lang='lat' dir='ltr'><em>entina,</em></span> <span class='ocrx_word' id='word_1_179' title='bbox 160 2444 299 2508; x_wconf 82' lang='lat' dir='ltr'><em>inferius</em></span> <span class='ocrx_word' id='word_1_180' title='bbox 324 2467 470 2528; x_wconf 82' lang='lat' dir='ltr'><em>agemus.</em></span> 
     </span>
    </p>
   </div>
   <div class='ocr_carea' id='block_1_3' title="bbox 282 2798 826 3004">
    <p class='ocr_par' dir='ltr' id='par_1_4' title="bbox 282 2798 826 3004">
     <span class='ocr_line' id='line_1_22' title="bbox 541 2798 576 2862; baseline -0.057 0"><span class='ocrx_word' id='word_1_181' title='bbox 541 2798 576 2862; x_wconf 87' lang='lat'><em>1.</em></span> 
     </span>
     <span class='ocr_line' id='line_1_23' title="bbox 282 2914 826 3004; baseline 0.004 -4"><span class='ocrx_word' id='word_1_182' title='bbox 282 2938 348 3000; x_wconf 89' lang='lat' dir='ltr'><em>De</em></span> <span class='ocrx_word' id='word_1_183' title='bbox 371 2914 553 3003; x_wconf 74' lang='lat' dir='ltr'><em>Concilio</em></span> <span class='ocrx_word' id='word_1_184' title='bbox 577 2937 826 3004; x_wconf 80' lang='lat' dir='ltr'><em>Bastleensl.</em></span> 
     </span>
    </p>
   </div>
   <div class='ocr_carea' id='block_1_4' title="bbox 2 3113 1290 3886">
    <p class='ocr_par' dir='ltr' id='par_1_5' title="bbox 2 3113 1290 3886">
     <span class='ocr_line' id='line_1_24' title="bbox 71 3113 1263 3200; baseline -0.003 -19"><span class='ocrx_word' id='word_1_185' title='bbox 71 3119 106 3182; x_wconf 89' lang='lat'><em>3.</em></span> <span class='ocrx_word' id='word_1_186' title='bbox 135 3115 254 3194; x_wconf 77' lang='lat' dir='ltr'><em>Quum</em></span> <span class='ocrx_word' id='word_1_187' title='bbox 278 3116 312 3178; x_wconf 92' lang='lat' dir='ltr'><em>in</em></span> <span class='ocrx_word' id='word_1_188' title='bbox 331 3113 480 3178; x_wconf 83' lang='lat' dir='ltr'><em>Concilio</em></span> <span class='ocrx_word' id='word_1_189' title='bbox 496 3113 754 3194; x_wconf 85' lang='lat' dir='ltr'><em>Constantiensi‚</em></span> <span class='ocrx_word' id='word_1_190' title='bbox 781 3115 925 3178; x_wconf 83' lang='lat' dir='ltr'><em>sessione</em></span> <span class='ocrx_word' id='word_1_191' title='bbox 950 3115 1120 3198; x_wconf 84' lang='lat' dir='ltr'><em>trigesima</em></span> <span class='ocrx_word' id='word_1_192' title='bbox 1158 3126 1263 3200; x_wconf 57' lang='lat' dir='ltr'><em>sinodo·</em></span> 
     </span>
     <span class='ocr_line' id='line_1_25' title="bbox 6 3191 1290 3298; baseline -0.005 -18"><span class='ocrx_word' id='word_1_193' title='bbox 6 3239 80 3294; x_wconf 86' lang='lat' dir='ltr'><em>ona,</em></span> <span class='ocrx_word' id='word_1_194' title='bbox 108 3215 235 3280; x_wconf 86' lang='lat' dir='ltr'><em>fuisset</em></span> <span class='ocrx_word' id='word_1_195' title='bbox 257 3221 426 3292; x_wconf 88' lang='lat' dir='ltr'><em>statutum,</em></span> <span class='ocrx_word' id='word_1_196' title='bbox 458 3222 592 3297; x_wconf 87' lang='lat' dir='ltr'><em>etpost</em></span> <span class='ocrx_word' id='word_1_197' title='bbox 615 3214 880 3298; x_wconf 87' lang='lat' dir='ltr'><em>quinquennium</em></span> <span class='ocrx_word' id='word_1_198' title='bbox 906 3211 997 3276; x_wconf 87' lang='lat' dir='ltr'><em>aliud</em></span> <span class='ocrx_word' id='word_1_199' title='bbox 1022 3191 1290 3292; x_wconf 47' lang='lat' dir='ltr'><em>habehim*</em></span> 
     </span>
     <span class='ocr_line' id='line_1_26' title="bbox 2 3309 1120 3395; baseline -0.003 -18"><span class='ocrx_word' id='word_1_200' title='bbox 2 3326 72 3377; x_wconf 86' lang='lat' dir='ltr'><em>etur</em></span> <span class='ocrx_word' id='word_1_201' title='bbox 99 3309 296 3376; x_wconf 86' lang='lat' dir='ltr'><em>Concilium</em></span> <span class='ocrx_word' id='word_1_202' title='bbox 320 3309 485 3394; x_wconf 86' lang='lat' dir='ltr'><em>generale,</em></span> <span class='ocrx_word' id='word_1_203' title='bbox 510 3320 543 3373; x_wconf 90' lang='lat' dir='ltr'><em>et</em></span> <span class='ocrx_word' id='word_1_204' title='bbox 566 3311 730 3376; x_wconf 88' lang='lat' dir='ltr'><em>Martinus</em></span> <span class='ocrx_word' id='word_1_205' title='bbox 748 3310 787 3392; x_wconf 94' lang='lat' dir='ltr'><em>V,</em></span> <span class='ocrx_word' id='word_1_206' title='bbox 813 3313 957 3374; x_wconf 84' lang='lat' dir='ltr'><em>sessione</em></span> <span class='ocrx_word' id='word_1_207' title='bbox 982 3309 1120 3395; x_wconf 88' lang='lat' dir='ltr'><em>quadra-</em></span> 
     </span>
     <span class='ocr_line' id='line_1_27' title="bbox 4 3406 1120 3494; baseline -0.004 -19"><span class='ocrx_word' id='word_1_208' title='bbox 4 3416 110 3476; x_wconf 88' lang='lat' dir='ltr'><em>esima</em></span> <span class='ocrx_word' id='word_1_209' title='bbox 139 3420 272 3494; x_wconf 85' lang='lat' dir='ltr'><em>quarta,</em></span> <span class='ocrx_word' id='word_1_210' title='bbox 298 3407 339 3472; x_wconf 89' lang='lat' dir='ltr'><em>de</em></span> <span class='ocrx_word' id='word_1_211' title='bbox 361 3407 496 3472; x_wconf 84' lang='lat' dir='ltr'><em>Patrem</em></span> <span class='ocrx_word' id='word_1_212' title='bbox 522 3428 683 3472; x_wconf 87' lang='lat' dir='ltr'><em>consensu</em></span> <span class='ocrx_word' id='word_1_213' title='bbox 709 3407 930 3494; x_wconf 88' lang='lat' dir='ltr'><em>illudPapiae</em></span> <span class='ocrx_word' id='word_1_214' title='bbox 955 3406 1120 3471; x_wconf 86' lang='lat' dir='ltr'><em>celebran-</em></span> 
     </span>
     <span class='ocr_line' id='line_1_28' title="bbox 5 3505 1119 3592; baseline -0.004 -18"><span class='ocrx_word' id='word_1_215' title='bbox 5 3533 59 3574; x_wconf 93' lang='lat' dir='ltr'><em>um</em></span> <span class='ocrx_word' id='word_1_216' title='bbox 87 3507 286 3586; x_wconf 81' lang='lat' dir='ltr'><em>indixisset,</em></span> <span class='ocrx_word' id='word_1_217' title='bbox 312 3506 400 3570; x_wconf 89' lang='lat' dir='ltr'><em>idem</em></span> <span class='ocrx_word' id='word_1_218' title='bbox 418 3505 574 3570; x_wconf 87' lang='lat' dir='ltr'><em>Pontifex</em></span> <span class='ocrx_word' id='word_1_219' title='bbox 598 3529 627 3570; x_wconf 87' lang='lat' dir='ltr'><em>a.</em></span> <span class='ocrx_word' id='word_1_220' title='bbox 648 3507 732 3570; x_wconf 89' lang='grc'><strong>1423</strong></span> <span class='ocrx_word' id='word_1_221' title='bbox 759 3507 849 3570; x_wconf 90' lang='lat' dir='ltr'><em>misit</em></span> <span class='ocrx_word' id='word_1_222' title='bbox 871 3515 1013 3592; x_wconf 87' lang='lat' dir='ltr'><em>quatuor</em></span> <span class='ocrx_word' id='word_1_223' title='bbox 1029 3527 1119 3591; x_wconf 88' lang='lat' dir='ltr'><em>prse-</em></span> 
     </span>
     <span class='ocr_line' id='line_1_29' title="bbox 2 3601 1121 3690; baseline -0.005 -17"><span class='ocrx_word' id='word_1_224' title='bbox 2 3623 62 3673; x_wconf 75' lang='lat' dir='ltr'><em>tles</em></span> <span class='ocrx_word' id='word_1_225' title='bbox 87 3606 257 3690; x_wconf 81' lang='lat' dir='ltr'><em>Papiam,</em></span> <span class='ocrx_word' id='word_1_226' title='bbox 290 3603 347 3690; x_wconf 91' lang='lat' dir='ltr'><em>qui</em></span> <span class='ocrx_word' id='word_1_227' title='bbox 377 3601 525 3668; x_wconf 90' lang='lat' dir='ltr'><em>Concilio</em></span> <span class='ocrx_word' id='word_1_228' title='bbox 558 3603 683 3668; x_wconf 88' lang='lat' dir='ltr'><em>indicto</em></span> <span class='ocrx_word' id='word_1_229' title='bbox 715 3615 913 3689; x_wconf 88' lang='lat' dir='ltr'><em>praeessent.</em></span> <span class='ocrx_word' id='word_1_230' title='bbox 960 3603 1121 3667; x_wconf 85' lang='lat' dir='ltr'><em>Inchoata</em></span> 
     </span>
     <span class='ocr_line' id='line_1_30' title="bbox 2 3699 1122 3788; baseline -0.006 -17"><span class='ocrx_word' id='word_1_231' title='bbox 2 3711 41 3771; x_wconf 78' lang='lat' dir='ltr'><em>rit</em></span> <span class='ocrx_word' id='word_1_232' title='bbox 63 3724 199 3770; x_wconf 86' lang='lat' dir='ltr'><em>revera</em></span> <span class='ocrx_word' id='word_1_233' title='bbox 223 3700 378 3786; x_wconf 86' lang='lat' dir='ltr'><em>Synodus</em></span> <span class='ocrx_word' id='word_1_234' title='bbox 410 3701 463 3765; x_wconf 88' lang='lat' dir='ltr'><em>die</em></span> <span class='ocrx_word' id='word_1_235' title='bbox 489 3702 549 3765; x_wconf 82' lang='lat'><em>23⁰</em></span> <span class='ocrx_word' id='word_1_236' title='bbox 573 3699 713 3786; x_wconf 85' lang='lat' dir='ltr'><em>Aprilis,</em></span> <span class='ocrx_word' id='word_1_237' title='bbox 747 3701 805 3765; x_wconf 88' lang='lat' dir='ltr'><em>sed</em></span> <span class='ocrx_word' id='word_1_238' title='bbox 829 3725 932 3788; x_wconf 90' lang='lat' dir='ltr'><em>quum</em></span> <span class='ocrx_word' id='word_1_239' title='bbox 957 3700 1038 3765; x_wconf 91' lang='lat' dir='ltr'><em>nulli</em></span> <span class='ocrx_word' id='word_1_240' title='bbox 1063 3711 1122 3765; x_wconf 88' lang='lat' dir='ltr'><em>aut</em></span> 
     </span>
     <span class='ocr_line' id='line_1_31' title="bbox 2 3797 1120 3886; baseline -0.004 -19"><span class='ocrx_word' id='word_1_241' title='bbox 2 3829 44 3869; x_wconf 67' lang='lat' dir='ltr'><em>are</em></span> <span class='ocrx_word' id='word_1_242' title='bbox 71 3801 168 3870; x_wconf 87' lang='lat' dir='ltr'><em>nulli</em></span> <span class='ocrx_word' id='word_1_243' title='bbox 194 3800 341 3886; x_wconf 88' lang='lat' dir='ltr'><em>episcopi</em></span> <span class='ocrx_word' id='word_1_244' title='bbox 367 3799 563 3884; x_wconf 85' lang='lat' dir='ltr'><em>transalpini</em></span> <span class='ocrx_word' id='word_1_245' title='bbox 588 3799 797 3880; x_wconf 87' lang='lat' dir='ltr'><em>advenirent,</em></span> <span class='ocrx_word' id='word_1_246' title='bbox 828 3810 861 3863; x_wconf 91' lang='lat' dir='ltr'><em>et</em></span> <span class='ocrx_word' id='word_1_247' title='bbox 890 3797 962 3863; x_wconf 89' lang='lat' dir='ltr'><em>lues</em></span> <span class='ocrx_word' id='word_1_248' title='bbox 994 3821 1120 3883; x_wconf 84' lang='lat' dir='ltr'><em>grassa·</em></span> 
     </span>
    </p>
   </div>
   <div class='ocr_carea' id='block_1_5' title="bbox 2 3895 1119 3989">
    <p class='ocr_par' dir='ltr' id='par_1_6' title="bbox 2 3895 1119 3989">
     <span class='ocr_line' id='line_1_32' title="bbox 2 3895 1119 3989; baseline -0.009 -20"><span class='ocrx_word' id='word_1_249' title='bbox 2 3917 77 3984; x_wconf 68' lang='lat' dir='ltr'><em>etur,</em></span> <span class='ocrx_word' id='word_1_250' title='bbox 97 3907 186 3989; x_wconf 85' lang='lat' dir='ltr'><em>post</em></span> <span class='ocrx_word' id='word_1_251' title='bbox 202 3897 284 3961; x_wconf 90' lang='lat' dir='ltr'><em>duos</em></span> <span class='ocrx_word' id='word_1_252' title='bbox 300 3918 429 3960; x_wconf 88' lang='lat' dir='ltr'><em>menses</em></span> <span class='ocrx_word' id='word_1_253' title='bbox 446 3895 571 3981; x_wconf 88' lang='lat' dir='ltr'><em>placuit</em></span> <span class='ocrx_word' id='word_1_254' title='bbox 581 3895 769 3961; x_wconf 90' lang='lat' dir='ltr'><em>Concilium</em></span> <span class='ocrx_word' id='word_1_255' title='bbox 787 3896 962 3961; x_wconf 88' lang='lat' dir='ltr'><em>transferre</em></span> <span class='ocrx_word' id='word_1_256' title='bbox 974 3896 1088 3963; x_wconf 83' lang='lat' dir='ltr'><em>Senes.</em></span> <span class='ocrx_word' id='word_1_257' title='bbox 1097 3898 1119 3980; x_wconf 90' lang='lat'><em>¹)</em></span> 
     </span>
    </p>
   </div>
   <div class='ocr_carea' id='block_1_6' title="bbox 3 4063 210 4076">
    <p class='ocr_par' dir='ltr' id='par_1_7' title="bbox 3 4063 210 4076">
     <span class='ocr_line' id='line_1_33' title="bbox 3 4063 210 4076; baseline -0.005 -7"><span class='ocrx_word' id='word_1_258' title='bbox 3 4063 210 4076; x_wconf 67' lang='lat' dir='ltr'><em>....-o-·-·--</em></span> 
     </span>
    </p>
   </div>
   <div class='ocr_carea' id='block_1_7' title="bbox 2 4127 1121 4298">
    <p class='ocr_par' dir='ltr' id='par_1_8' title="bbox 2 4127 1121 4298">
     <span class='ocr_line' id='line_1_34' title="bbox 50 4127 1121 4223; baseline -0.007 -16"><span class='ocrx_word' id='word_1_259' title='bbox 50 4156 73 4223; x_wconf 76' lang='lat'><em>1)</em></span> <span class='ocrx_word' id='word_1_260' title='bbox 102 4150 246 4214; x_wconf 82' lang='lat' dir='ltr'><em>Tempore</em></span> <span class='ocrx_word' id='word_1_261' title='bbox 272 4127 463 4200; x_wconf 76' lang='lat' dir='ltr'><em>translationis</em></span> <span class='ocrx_word' id='word_1_262' title='bbox 488 4145 606 4200; x_wconf 81' lang='lat' dir='ltr'><em>aderant</em></span> <span class='ocrx_word' id='word_1_263' title='bbox 628 4151 745 4213; x_wconf 67' lang='lat' dir='ltr'><em>qnmuor</em></span> <span class='ocrx_word' id='word_1_264' title='bbox 771 4146 889 4214; x_wconf 86' lang='lat' dir='ltr'><em>episcopi</em></span> <span class='ocrx_word' id='word_1_265' title='bbox 908 4145 1044 4211; x_wconf 83' lang='lat' dir='ltr'><em>Germani,</em></span> <span class='ocrx_word' id='word_1_266' title='bbox 1073 4162 1121 4200; x_wconf 87' lang='lat' dir='ltr'><em>sex</em></span> 
     </span>
     <span class='ocr_line' id='line_1_35' title="bbox 2 4225 361 4298; baseline -0.031 -10"><span class='ocrx_word' id='word_1_267' title='bbox 2 4237 56 4298; x_wconf 85' lang='lat' dir='ltr'><em>elli,</em></span> <span class='ocrx_word' id='word_1_268' title='bbox 78 4237 111 4288; x_wconf 85' lang='lat' dir='ltr'><em>et</em></span> <span class='ocrx_word' id='word_1_269' title='bbox 134 4227 248 4294; x_wconf 84' lang='lat' dir='ltr'><em>aliquot</em></span> <span class='ocrx_word' id='word_1_270' title='bbox 266 4225 361 4294; x_wconf 81' lang='lat' dir='ltr'><em>Angli,</em></span> 
     </span>
    </p>
   </div>
   <div class='ocr_carea' id='block_1_8' title="bbox 0 0 1456 4848">
    <p class='ocr_par' dir='ltr' id='par_1_9' title="bbox 0 0 1456 4848">
     <span class='ocr_line' id='line_1_36' title="bbox 0 0 1456 4848; baseline 0 1"><span class='ocrx_word' id='word_1_271' title='bbox 0 0 1456 4848; x_wconf 95' lang='lat' dir='ltr'><em> </em></span> 
     </span>
    </p>
   </div>
  </div>
 </body>
</html>
