2902 4848
246 468 286 521 De
305 465 421 522 decretis
439 465 570 522 sessionis
589 473 702 533 quartae
721 473 750 522 et
768 468 887 534 quintae

11 710 83 794 fidei
104 721 133 772 et
156 709 289 774 salntem
312 709 501 786 animorum,
526 707 610 792 qood
632 708 687 772 boc
710 719 757 770 cat
779 707 819 772 ab
833 709 990 774 uniumia
1009 707 1131 776 Cllrieti
1153 677 1245 717 ”mm
1260 676 1292 717 v

10 808 151 892 fidelibus
174 806 440 894 approbandam?
487 805 832 870 Animadvertendum
858 827 936 870 vero
961 821 1018 887 est,
1049 808 1128 872 dum

18 905 170 970 llartinus
201 906 336 988 agnosci
367 902 439 967 vult
467 900 653 967 Concilium
684 901 937 968 Constantiense
969 916 1006 970 ut
1036 927 1130 970 oecu-

18 1006 185 1082 menicum,
216 1023 291 1066 eum
317 1000 500 1086 intelligere
525 1001 709 1085 Synodum,
742 1003 789 1066 uti
814 1012 894 1065 tnnc
919 1006 1045 1068 eratin
1070 1027 1131 1068 sua

16 1103 240 1186 conjunctione
264 1122 340 1164 cum
365 1099 525 1164 Pontifice
549 1111 581 1162 et
604 1109 768 1184 quatenus
791 1104 982 1188 peripsum
1006 1106 1131 1189 priores

15 1199 248 1285 supplebantur
279 1197 437 1276 defectus,
470 1196 559 1264 haud
591 1218 670 1262 vero
701 1196 766 1261 illis
796 1198 908 1263 verbis
939 1201 1130 1286 significari,

15 1319 128 1382 semper
143 1295 330 1361 Concilium
347 1294 429 1360 illud
445 1316 523 1358 vere
540 1297 792 1360 oecumenicum
808 1297 919 1361 fuisse.
927 1300 951 1376 ¹)
984 1298 1132 1384 Reliquis

15 1394 120 1460 verbis
151 1397 340 1460 continetur
363 1392 498 1479 quidem
524 1392 699 1478 implicite,
732 1395 928 1458 Pontificem
960 1405 1031 1460 rata
1055 1418 1132 1508 quo-

13 1515 71 1579 que
96 1493 218 1558 habere
243 1514 329 1578 qnae
352 1514 371 1554 a
397 1490 546 1555 Concilio
579 1491 763 1577 approbata
796 1491 937 1571 fuerant,
969 1493 1061 1557 sed
1052 1496 1133 1578 ipsis

15 1593 160 1656 verbis
147 1616 182 1655 ru
197 1592 347 1676 savorem
364 1589 444 1674 fidei
466 1601 497 1652 et
519 1611 554 1652 so
557 1589 651 1652 intem
677 1591 854 1654 animorum
879 1591 952 1675 jam
975 1593 1132 1654 restrictio

15 1690 173 1774 quaedam
199 1689 368 1768 innuitur3
393 1688 510 1752 eadem
526 1709 568 1750 ex
585 1685 696 1750 indole
718 1709 828 1752 rerum
853 1709 893 1751 ac
909 1688 1133 1754 declaratione

15 1788 199 1872 posteriore,
225 1808 290 1871 qua
314 1736 471 1848 Pobtifex
495 1806 650 1869 expresse
674 1787 815 1870 requirit
838 1797 996 1872 tanquam
1022 1789 1133 1852 condi-

14 1887 143 1964 tionem,
169 1895 206 1948 ut
222 1883 438 1947 conciliariter
455 1882 588 1947 decreta
605 1883 740 1946 condita
755 1883 889 1964 fuerint,
907 1885 1132 1950 confirmatur.

14 1983 174 2047 Martinus
191 1983 221 2044 V
244 1981 381 2068 quidem
406 2003 472 2044 non
498 1980 682 2044 declaravit
705 1991 828 2066 aperte,
854 1982 975 2067 quibus
992 1982 1134 2048 decretis

14 2083 181 2166 speciatim
208 2079 492 2144 confirmationem
518 2078 708 2162 denegaret,
733 2089 832 2165 atque
857 2081 890 2142 id
915 2090 1050 2166 propter
1073 2081 1134 2144 dif-

14 2179 109 2244 licilia
133 2189 321 2263 temporum
337 2175 497 2262 adjuncta
511 2176 594 2240 forte
607 2176 698 2240 hand
711 2177 889 2242 videbatur
900 2188 1133 2264 opportunum.

1433 21 1437 94 l

19 621 248 697 repraesentans
272 610 447 675 Ecclesium
477 609 669 695 approbavit
691 620 721 674 et
744 611 965 697 approbatio
980 614 1129 698 savorem
1153 615 1288 654 ⁰⁰⁶¹·“fl0
1434 409 1439 648 l

81 2410 101 2478 ¹)
122 2409 233 2476 Optime
251 2407 372 2462 advertit
389 2407 421 2462 cl.
441 2407 605 2472 Morzarelli,
625 2407 716 2474 alique
735 2407 861 2472 Concilio,
881 2410 923 2462 nti
942 2410 1087 2464 secundum
1106 2417 1136 2465 et

14 2491 144 2556 quintum,
171 2505 225 2542 non
253 2488 467 2557 congregatione
494 2489 540 2542 sed
568 2488 734 2542 auctoritate
760 2502 818 2542 esse
846 2491 1022 2544 oecumenica
1061 2491 1136 2546 Haec

14 2580 99 2625 antem
120 2571 272 2624 auctoritas
290 2569 450 2638 supervenit
467 2576 530 2637 post
542 2569 708 2624 celebratum
723 2570 871 2624 Concilium
885 2587 919 2624 ex
932 2572 1135 2628 confirmatione

15 2651 40 2704 R.
60 2651 212 2706 Pontificis.
249 2651 315 2704 Inde
338 2657 429 2704 minen
450 2652 638 2717 rtrrrccrtpatire
663 2665 711 2716 pro
729 2655 849 2718 tempore
874 2650 1063 2706 celebrationis
1078 2652 1136 2719 jam

14 2731 60 2784 diri
80 2733 173 2785 solent
191 2730 291 2797 Synodi
314 2730 463 2798 generales.
490 2761 522 2768 -
550 2729 636 2795 Quum
656 2729 835 2784 MartinusV
861 2730 1012 2798 publicavit
1029 2733 1136 2786 Bullam

14 2813 87 2865 later
106 2829 212 2876 omnes,
234 2810 292 2878 jam
311 2809 459 2864 Concilium
479 2809 688 2863 constantiense
708 2810 785 2876 quasi
809 2809 841 2862 de
860 2825 929 2865 noro
952 2811 1136 2866 instauratum

13 2893 100 2946 iuerat
130 2897 162 2945 et
187 2889 368 2944 constitutum
395 2890 549 2944 universale
581 2905 629 2956 per
657 2889 783 2943 unionem
803 2889 1024 2944 Obedientiamm
1042 2897 1071 2945 et
1089 2907 1138 2958 per

13 2971 224 3040 praesidentiam
243 2969 361 3038 legitimi
381 2971 477 3024 summi
491 2970 630 3023 Pontificis
650 2977 772 3024 recenter
790 2971 884 3025 creati.
910 2971 1032 3024 Summm
1046 2981 1138 3026 autem

15 3053 139 3108 Pontifex
153 3052 288 3106 Martinus
307 3065 356 3118 per
373 3049 443 3104 hanc
461 3050 567 3104 Bullam
588 3049 759 3104 confirmavit
771 3049 861 3104 omniu
876 3050 984 3105 decreta
992 3052 1049 3118 jam
1063 3050 1139 3105 iacta

14 3151 28 3186 a
46 3131 170 3187 Concilio
184 3131 388 3185 Constantiensi
408 3129 436 3183 in
454 3130 598 3184 retroactis
615 3130 779 3184 sessionibus
798 3137 893 3184 contra
911 3130 997 3185 dictus
1016 3132 1140 3186 haereses

12 3223 36 3266 et
54 3213 218 3272 haereticos,
255 3210 352 3265 Potuit
370 3211 459 3278 igitur
473 3210 610 3277 appellare
622 3210 833 3264 constantiense
846 3211 999 3264 Concilium
1011 3215 1139 3282 pencrole

12 3295 91 3347 etiam
112 3307 163 3361 pro
182 3306 213 3346 eo
233 3297 359 3358 tempore,
387 3291 486 3357 inquo
512 3292 568 3344 tale
595 3291 716 3358 rigorose
742 3305 794 3342 non
814 3288 918 3357 iuerat3
947 3292 1073 3357 quoniam
1092 3309 1139 3360 per

13 3389 106 3428 noram
128 3371 380 3426 condemnationem
399 3370 513 3424 Concilii
532 3369 688 3424 indubitate
707 3369 845 3438 generalis
863 3379 892 3424 et
910 3371 1140 3427 confirmationem

14 3455 101 3522 Papae
121 3451 302 3520 supplebatur
314 3450 437 3506 deiectus
451 3451 685 3504 oecumenicitatis
699 3451 796 3518 prioris
810 3451 1048 3506 condemnationis.
1073 3453 1140 3507 Inde

13 3537 92 3588 etiam
120 3533 156 3586 ab
180 3532 229 3586 hoc
256 3539 330 3586 certo
355 3537 432 3585 statu
458 3531 692 3586 oecumenicitatis
717 3547 751 3585 ex
770 3531 972 3586 confirmatione
992 3532 1139 3598 Pontificis,

14 3615 165 3669 Concilium
185 3613 213 3666 in
231 3619 307 3666 statu
327 3612 505 3666 antecedente
525 3619 639 3666 vocatur
668 3613 857 3680 ›critic-opotire
885 3613 1013 3678 generale
1040 3612 1141 3678 absque

15 3695 142 3748 veniatis
161 3692 263 3746 oliensa
278 3692 360 3761 juxta
378 3709 485 3746 sensum
505 3693 573 3746 alias
592 3693 734 3745 usitatum.
761 3691 802 3744 Ex
822 3690 863 3744 his
882 3691 962 3746 facile
981 3693 1141 3761 intelligun-

14 3781 55 3828 tur
83 3775 135 3829 illa
161 3773 280 3841 ejusdem
303 3773 413 3826 Bullae:
444 3773 537 3839 ,Item
563 3780 655 3826 utrum
681 3772 782 3836 credat,
811 3772 880 3838 quod
906 3772 1142 3826 condemnationes

14 3853 127 3909 Joanuis
149 3852 256 3908 Wiclei.
275 3853 390 3908 Joannis
404 3853 469 3918 Hus,
489 3859 518 3907 et
531 3853 690 3918 Hieronymi
710 3851 743 3904 de
757 3851 855 3919 Praga,
876 3852 1007 3906 lactaede
1020 3853 1141 3920 personis

14 3949 112 4000 comm,
133 3934 211 3990 libris
221 3939 250 3988 et
262 3933 429 3988 documentis
442 3949 490 4001 per
502 3949 608 3988 sacrum
621 3933 750 4000 generale
764 3931 971 3986 Constantiense
984 3932 1141 3998 Concilium,

15 4015 116 4070 luerint
137 4015 210 4084 juste
228 4020 258 4068 et
276 4013 329 4068 rite
348 4014 439 4067 factae
459 4021 487 4067 et
506 4031 522 4066 a
541 4013 663 4080 quolibet
683 4011 815 4066 catholico
835 4028 883 4079 pro
894 4012 995 4066 talibus
1009 4013 1142 4066 tenendae

15 4107 38 4150 et
58 4098 176 4151 tirmiter
194 4094 379 4149 asserendae.“
418 4095 487 4148 Erat
501 4094 650 4148 Concilium
669 4093 790 4161 rigorose
808 4093 936 4160 generale
955 4093 984 4146 in
1003 4092 1142 4146 confirma·

15 4179 84 4232 tione
98 4175 342 4239 condemnationis,
361 4181 390 4229 et
403 4181 527 4242 respectu
540 4173 743 4242 approbationis
753 4173 900 4238 Pontifiois,
914 4189 945 4226 ac
958 4173 1143 4240 nuncupative

15 4257 163 4312 universim
182 4255 312 4323 generale
331 4255 384 4309 dici
403 4261 521 4323 poterat.
