2828 4842
267 444 306 498 De
324 445 353 499 vi
372 445 494 500 coactiva
513 445 649 500 Ecclesiae
668 445 696 500 in
715 445 871 500 haereticos.
1079 449 1136 504 349

36 611 116 651 comm
137 610 233 676 super
253 590 436 674 iniquitates
459 612 535 652 suas
549 590 704 653 Dominus
727 590 765 652 de
782 589 866 653 coelo
884 593 1064 676 prospexit,
1089 592 1136 656 ad

34 689 296 750 criminationem
318 710 409 750 suam
431 709 593 773 rerumque
611 686 861 772 publicationem
877 711 1006 752 suarum
1025 713 1131 755 seeun-

32 783 85 846 lsm
114 787 349 848 cersstitutiones
379 785 487 848 ciuiles
515 797 545 846 et
574 788 745 849 canonicas
775 797 821 850 est
847 809 1048 872 processum,
1085 800 1131 868 ut,

30 883 264 964 penadmodum
287 885 437 968 scriptum
460 894 516 960 est,
540 884 709 968 impioram
728 881 835 970 spolia
851 886 936 973 justi
952 886 1077 963 tollant,
1102 897 1135 952 et

29 977 136 1044 diritius
159 983 370 1046 descurizent
391 984 542 1067 ipsorum.
573 981 659 1046 Licet
683 984 781 1078 ipitur
805 1005 938 1069 eaquae
963 984 1054 1070 apud
1076 1006 1133 1050 cos

28 1077 132 1158 pidum
153 1079 305 1144 baeretici
327 1080 506 1165 deposuisse
522 1080 680 1158 dicuntur,
696 1083 777 1144 sicut
793 1092 823 1144 et
839 1081 925 1146 aliae
948 1105 999 1146 res
1023 1106 1129 1148 eorum

22 1197 69 1258 pro
89 1177 263 1260 ωπῇεοαιίε
286 1179 350 1242 sint
373 1181 481 1242 merito
506 1179 730 1265 computanda,
758 1181 834 1265 quia
859 1189 962 1244 tannen
984 1181 1128 1245 cbrists'a·

26 1297 69 1333 nae
90 1275 251 1360 sclipiouis
272 1299 337 1339 non
360 1286 415 1357 est,
452 1278 614 1340 occasione
646 1276 794 1362 lepalium
814 1290 1055 1364 praeceptorum
1079 1279 1129 1343 ob·

26 1381 91 1436 tenta
112 1375 301 1460 cupiditatis
323 1375 379 1438 boc
392 1374 479 1458 fleri,
503 1375 588 1460 qaod
606 1378 717 1460 potius
740 1399 837 1440 causa
853 1375 942 1440 debet
965 1379 1129 1441 correctio·

26 1471 62 1530 nis
82 1471 214 1558 impleri,
239 1474 443 1536 universitati
465 1484 588 1537 uestrae
606 1496 669 1560 per
684 1473 871 1560 Apostolica
894 1476 1015 1560 scriptu
1031 1498 1130 1561 pree-

26 1569 147 1652 ripiendo
171 1571 370 1651 mandamus,
396 1581 551 1655 qstatenus
574 1595 612 1634 ea
636 1594 714 1656 quae
733 1586 833 1657 penes
846 1593 900 1634 vos
915 1571 954 1634 ab
963 1572 1131 1638 laurencio

25 1679 80 1726 arnt
100 1668 255 1753 deposita,
287 1669 353 1731 nisi
376 1668 498 1754 forsan
523 1669 567 1732 ud
588 1669 644 1731 boc
660 1670 858 1754 praemoniti
880 1670 948 1732 sine
973 1669 1130 1734 dilatione

24 1767 182 1828 ‘strateius
207 1765 251 1828 ad
265 1765 426 1829 Ecclesiae
451 1768 604 1830 unitatem
627 1766 741 1844 redire,
765 1777 800 1830 ut
823 1768 868 1830 sic
891 1766 930 1829 de
953 1769 1128 1832 miseratio·

23 1885 76 1923 nisu
98 1865 230 1927 Domini
252 1863 452 1928 multitudine
485 1865 527 1928 sit
558 1888 626 1928 cum
653 1866 697 1927 eis
721 1864 941 1928 mesericordia
955 1865 1128 1950 facienda,

23 1957 113 2024 tituta
137 1962 213 2045 fllia
237 1960 341 2024 nobili
363 1965 431 2026 uiro
456 1959 580 2026 &inani
603 1963 641 2025 de
665 1963 864 2046 Monteforti,
896 1963 946 2026 cui
970 1975 1056 2028 terra
1088 1966 1127 2028 de

20 2055 174 2144 lsjvrsmodi
192 2058 409 2148 pestilentium
435 2060 581 2124 sordibus
597 2063 730 2146 capiate
751 2063 874 2124 nouiter
889 2071 935 2123 est
948 2062 1125 2136 commissa,

20 2177 68 2218 cnm
97 2157 228 2220 consilio
264 2168 294 2221 et
320 2159 473 2222 mandato
498 2157 686 2242 Lepatorum
708 2169 885 2222 nostrorum
909 2161 1073 2244 assipnare
1097 2181 1128 2234 et

20 2254 121 2318 tedere
140 2258 333 2342 procuretis,
363 2257 491 2342 inpios
515 2277 589 2319 usus
613 2277 672 2327 nro
690 2256 831 2341 pnsblieis
860 2257 998 2346 ejusdem
1021 2267 1126 2322 terrae

19 2349 188 2416 utilitatibus
213 2353 463 2440 expendenda.¹)
494 2353 548 2417 Ex
563 2351 614 2416 his
637 2353 743 2433 vides,
768 2363 838 2416 tum
856 2353 1022 2439 objectiva
1039 2378 1125 2440 quae

19 2443 212 2515 innocentius
229 2451 281 2515 ΙΙΙ
305 2463 420 2516 contra
434 2451 617 2516 haereticos
633 2452 712 2516 fecit
735 2452 896 2537 aequitati
922 2463 954 2514 et
972 2453 1125 2537 justitiae

21 2550 126 2629 ungis
150 2551 342 2630 convenire,
367 2559 436 2614 tum
462 2549 647 2635 subjective
671 2550 774 2613 animi
799 2548 870 2634 ejus
888 2572 1003 2614 sensus
1021 2551 1123 2616 fuisse

20 2639 94 2724 plane
116 2647 314 2732 praeclaros.

85 2807 334 2872 sesamam
359 2809 406 2870 rei
430 2808 546 2892 paucis
569 2773 661 2870 hisce¹
685 2805 850 2891 capitibus
878 2807 1043 2893 complexi
1068 2833 1294 2895 summm,

20 2917 81 2980 mus,
92 2905 146 2968 sed
159 2915 385 2990 opportunum
402 2905 534 2969 videtur
554 2904 722 2991 aliquanto
739 2908 926 2970 accuratius
941 2928 1117 2992 exponere,
1148 2909 1276 2951 l²⁰f⁹²¹⁰¹ffl

20 3017 66 3078 qua
86 3005 211 3067 ratione
239 3002 380 3067 saeculis
410 3002 607 3068 duodecimo
632 3024 671 3066 ac
696 3002 923 3067 decimotertio
956 3003 1118 3090 legislatio

20 3097 217 3165 ecclesiastica
251 3123 292 3164 ae
324 3099 432 3164 civilis
465 3101 574 3187 quoad
606 3100 789 3164 haereticos
821 3123 854 3164 se
883 3101 1047 3184 habuerit,
1079 3128 1119 3170 ac

22 3199 100 3276 uagis
123 3201 295 3285 magisque
326 3221 397 3262 sese
421 3199 592 3264 evolverit.
617 3237 658 3245 -
683 3199 760 3263 lam
792 3221 879 3263 anno
906 3201 991 3264 1119
1023 3224 1117 3286 syno-

21 3289 64 3356 ius
84 3295 253 3378 Tolosane,
287 3319 372 3383 quae
398 3295 527 3362 Caiixto
553 3296 763 3382 IIpraeside
787 3296 1034 3378 celebrantem,
1066 3322 1117 3364 ca-

21 3409 83 3454 none
103 3397 138 3458 3⁰
161 3405 279 3460 contra
303 3394 487 3460 haereticos
511 3393 809 3481 (Petrobrusianos)
833 3398 962 3460 statuit:
996 3398 1117 3476 „Porro

22 3508 60 3550 cos
78 3494 127 3577 qui
149 3493 322 3578 religionis
346 3495 489 3578 speciem
507 3492 710 3574 simulantes,
735 3493 905 3557 Dominici
922 3497 1067 3579 corporis
1083 3509 1119 3562 et

22 3593 160 3671 unguinis
185 3603 441 3673 sacramentum,
472 3613 648 3676 puerorum
673 3590 851 3675 baptisma,
881 3593 1114 3677 sacerdotium,

23 3696 191 3754 sessuros
217 3689 458 3754 ecclesiasticos
481 3689 626 3770 ordines,
652 3700 684 3752 et
707 3686 929 3772 legitimarum
954 3691 1116 3758 damnant

22 3779 123 3850 loedere
148 3790 353 3874 nuptiarum,
387 3799 545 3874 tanquam
578 3787 761 3850 haereticos
792 3787 834 3851 ab
866 3786 1017 3852 Ecclesia
1050 3790 1112 3855 Dei

24 3879 196 3958 uitiasset
222 3887 435 3966 damnamus,
470 3896 499 3948 et
524 3907 586 3971 per
614 3894 788 3970 potestates
820 3896 947 3949 exteras
978 3891 1115 3952 cotircem'

24 3983 211 4066 praecipimus.
258 3984 457 4048 Defensores
481 4005 611 4070 quoque
637 3985 782 4068 ipsorum
805 3981 951 4068 ejusdem
977 3984 1112 4050 damna-

76 4219 92 4280 ¹t
109 4222 167 4292 Eup.
189 4223 220 4276 L.
241 4223 305 4279 XII.
326 4239 367 4292 ep.
389 4224 448 4279 126.
