2828 4842
342 445 489 514 Expeditio
506 447 627 500 cruciate
645 451 750 512 quarta.
1073 447 1125 502 313

42 608 218 669 magnacum
235 588 458 653 sollicitudine
475 591 561 653 inter
572 589 769 676 multiplices
786 588 1008 671 difficultates,
1024 611 1126 676 quan·

40 697 87 746 tum
107 694 237 769 poterat,
262 685 420 750 ecclesiae
438 686 825 772 Constantinopolitanae
848 687 962 774 illique
981 688 1125 773 Imperio

40 781 189 862 providero.
226 821 269 831 -
306 782 480 868 Colligitur
510 795 622 849 autem
653 807 696 848 ex
720 785 828 865 dictis,
866 785 1071 872 amplissima
1094 796 1127 849 et

40 879 109 942 valde
135 881 289 946 sublimia
323 883 424 946 luisse
448 883 586 948 consilia
609 883 791 966 Pontifiois,
822 895 854 948 et
878 886 1008 949 nonnisi
1032 887 1126 970 regni

38 975 117 1040 dirini
132 981 273 1044 interris
288 982 527 1061 extensionem,
552 1004 610 1067 spe
625 982 784 1063 fervente,
810 984 919 1067 ipsum
936 985 970 1046 in
987 983 1027 1048 iis
1041 1005 1126 1069 quae

38 1073 80 1138 hac
106 1078 133 1139 in
164 1100 199 1141 re
235 1079 302 1163 egit
334 1079 524 1144 intendisse.
573 1079 722 1159 Quodsi
748 1101 826 1143 vero
851 1081 933 1144 forte
957 1102 996 1145 ea
1019 1089 1127 1145 aetate

37 1187 129 1238 statum
159 1199 269 1240 rerum
303 1177 337 1240 in
367 1177 503 1242 Oriente
534 1199 600 1241 non
632 1180 710 1241 satis
741 1190 981 1263 perspexerunt
1002 1179 1126 1260 Latini,

36 1293 78 1334 nec
98 1273 200 1336 media
224 1274 375 1338 efficacia
398 1297 528 1361 semper
551 1275 743 1358 adhibuere,
769 1285 888 1340 uttum
913 1277 1126 1341 ecclesiarum

36 1371 124 1433 unioni
146 1383 215 1435 tum
239 1372 375 1458 Imperii
400 1373 549 1437 firmitati
575 1373 791 1455 consulerent,
816 1377 862 1438 ita
886 1383 922 1438 ut
945 1397 965 1438 a
988 1375 1128 1439 Graecis

35 1467 58 1528 in
76 1471 236 1540 aversione
261 1479 376 1534 contra
391 1470 529 1535 Latinos
552 1470 725 1536 obstinatis
749 1473 862 1536 scissio
886 1481 1071 1556 augeretur,
1096 1483 1129 1536 et

34 1563 174 1649 aliquanto
216 1579 290 1653 post
326 1569 508 1654 Imperium
546 1568 685 1633 latinum
726 1567 1127 1656 Constantinopolitanum

33 1677 218 1748 vacuaretur,
251 1665 285 1730 id
310 1689 389 1730 sane
412 1667 607 1731 Innocentio
631 1667 683 1730 III
707 1667 824 1753 culpae
848 1671 932 1732 verti
957 1671 1081 1754 nequit.

101 1861 170 1926 104.
215 1861 337 1925 Paucis
375 1861 636 1948 complectamur
673 1884 712 1926 ea
747 1885 831 1948 quae
864 1863 997 1928 adfata
1028 1864 1127 1950 hujus
1145 1868 1285 1946 Impar-ula

33 1955 143 2040 Imperii
165 1961 341 2044 pertinent.
389 1959 472 2024 Inde
502 1960 544 2024 ab
570 1961 663 2025 initio
694 1961 863 2025 infirmum
893 1961 956 2024 fuit
979 1961 1042 2026 hoc
1065 1963 1129 2026 Im·
1160 1935 1273 1976 ‘imm'

30 2057 145 2134 perium,
182 2069 215 2120 et
246 2059 397 2141 germina
432 2057 656 2122 dissolutionis
686 2068 784 2144 atque
810 2060 961 2122 interitus
985 2063 1129 2124 contine·

30 2149 183 2220 hemerin
209 2156 265 2220 illa
289 2157 538 2241 provinciarum
565 2157 729 2220 divisione
760 2156 820 2220 sub
846 2157 986 2220 diversis
1011 2160 1130 2242 princi-

28 2250 116 2330 pibus,
140 2275 242 2338 quarn
268 2255 513 2339 descripsimus.
544 2257 619 2318 Hoc
644 2265 739 2339 pacto
764 2257 852 2319 enim
876 2255 974 2319 robor
997 2256 1129 2320 firmum

29 2349 185 2414 ltrnaaioe
228 2353 371 2436 Imperio
422 2373 487 2415 non
531 2353 654 2434 inerat,
705 2354 771 2416 imo
814 2352 988 2416 conatibus
1031 2355 1131 2417 irritis

27 2443 90 2508 illud
118 2448 233 2512 tuendi
268 2451 354 2512 vires
384 2447 657 2530 absorbebantur,
694 2472 778 2535 quae
809 2452 915 2513 exseri
948 2453 1131 2536 potuissent

27 2541 57 2602 nd
78 2546 320 2630 expeditionem
351 2549 533 2611 cruciatam
559 2547 809 2611 conficiendam.
856 2547 1002 2612 Thomas
1027 2549 1131 2613 Moro-

27 2641 85 2722 eini,
106 2645 305 2727 patriarcha,
337 2667 403 2709 non
428 2666 483 2709 aas
508 2646 641 2709 videtur
672 2645 828 2709 habuisse
855 2645 947 2710 dotes
970 2649 1130 2731 egregias,

28 2749 53 2796 ut
72 2741 100 2802 in
124 2745 316 2827 permagnis
340 2742 593 2806 difficultattbus
616 2766 668 2808 res
692 2742 931 2807 ecclesiasticas
954 2755 1030 2828 apte
1047 2744 1131 2807 ordi·

26 2853 108 2904 naret.
140 2841 274 2905 Nimiae
290 2863 310 2904 a
326 2841 461 2904 Venetis
485 2840 726 2926 dependentiae
750 2842 820 2926 ipsc
835 2843 993 2924 arguitur,
1019 2863 1130 2927 quam·

27 2935 63 2994 tia·
83 2937 162 3003 forte
189 2939 230 3004 ob
254 2961 364 3003 rerum
388 2941 557 3023 angustias
572 2942 615 3003 sit
630 2939 849 3003 excusandus.
882 2939 957 3025 Ipso
975 2939 1131 3004 defuncto

33 3055 54 3094 a.
78 3037 183 3122 1211),
208 3037 252 3100 ob
277 3036 460 3101 discordias
484 3037 563 3102 cleri
585 3059 644 3123 per
666 3037 777 3122 plures
801 3060 905 3101 annos
929 3037 1023 3101 sedes
1048 3036 1130 3101 Con-

24 3135 301 3220 suntinopolitana
333 3137 483 3213 vacavit,
520 3135 626 3199 donec
658 3159 687 3200 a.
722 3136 806 3199 1215
841 3135 1055 3198 Innocentius
1079 3135 1131 3198 III

24 3227 208 3296 liervasinm
225 3233 372 3297 Tuscum
387 3234 611 3319 patriarcham
629 3232 934 3318 Constantinopolis
949 3234 1129 3298 constituit.

24 3325 48 3386 la
66 3333 293 3396 anctoritatem
318 3342 351 3395 et
374 3341 569 3416 potestatem
584 3353 688 3411 suam,
712 3332 794 3394 acsi
812 3352 960 3394 summus
976 3330 1131 3395 Pontifex

22 3439 99 3504 esset,
123 3429 255 3494 studuit
278 3429 449 3514 ampliare,
475 3431 521 3492 ite
546 3441 582 3492 ut
605 3427 647 3492 ab
664 3427 857 3514 Apostolica
873 3428 958 3494 Sede
983 3429 1131 3493 severius

24 3528 148 3590 monitus
173 3531 233 3608 sit3
258 3527 347 3590 idem
371 3527 451 3590 fecit
474 3526 662 3591 Matthaeus
685 3525 886 3611 patriarcha,
911 3525 981 3610 ejus
1005 3547 1131 3590 succes·

24 3643 75 3691 sor,
111 3628 165 3710 qui
199 3637 234 3690 et
264 3625 391 3689 divitiis
422 3623 663 3710 congregandis
693 3625 832 3688 nimium
868 3633 938 3687 erat
974 3625 1131 3689 intentus.

25 3717 68 3784 lsti
89 3723 300 3809 patriarchae
322 3745 479 3808 graecum
503 3722 663 3808 populum
687 3721 777 3786 haud
801 3722 864 3786 sibi
889 3720 1131 3805 devincierunt,

24 3821 67 3881 red
102 3825 211 3906 potius
253 3821 481 3903 offenderunt3
518 3821 678 3905 neglectis
715 3820 914 3884 Pontificum
953 3820 1130 3902 mandatis,

25 3915 192 4004 ¹lespoticae
226 3919 446 3984 dominationi
478 3918 670 4000 inhiabant,
704 3928 737 3981 et
768 3919 884 3981 unioni
917 3916 1131 3981 ecclesiarum

27 4019 252 4094 promovendae
277 4039 395 4103 parum
419 4017 638 4103 profecerunt.
679 4017 900 4101 Imperatores
925 4036 1002 4078 vero
1035 4014 1131 4079 latini

26 4133 102 4196 aegre
132 4139 276 4202 regnum
309 4137 406 4179 suum
436 4117 521 4180 tueri
552 4123 739 4201 potuerunt,
774 4135 876 4200 quum
901 4113 1027 4176 incolae
1052 4115 1132 4198 ipsis
