2916 4842
271 441 360 495 Lucta
377 439 508 495 Friderioi
527 439 542 493 1
559 447 655 526 eontra
674 440 856 494 Alexandrum
874 439 925 494 111.
1108 441 1158 496 131
1273 457 1277 471 ¹

63 599 114 647 tres
136 583 331 665 cardinales,
363 583 528 648 Henricns
558 583 709 666 Pisanus,
739 583 887 650 Joannes
911 583 1159 669 Neapolitanus,

59 697 85 744 et
104 679 279 746 Gulielmus
304 681 494 746 Cardinalis
516 680 559 745 ad
585 681 720 746 vincula
744 704 769 748 s.
786 680 887 748 Petri.
934 681 999 747 Eos
1023 682 1158 768 quidem

59 779 231 844 Alexander
252 779 306 844 111
338 779 428 844 haud
461 801 616 865 expresse
649 779 824 866 deputavit
854 791 891 844 nt
918 801 995 844 suos
1017 778 1159 866 legatos3

56 877 103 941 sed
128 880 195 942 sine
219 877 322 942 dubio
346 879 417 964 ipso
442 879 667 942 consentiente
691 876 726 942 hi
750 888 815 942 tres
839 875 1043 958 Cardinales,
1076 879 1330 984 ᾳηοεθῒῗοᾞτ*

55 989 138 1039 antea
162 976 234 1062 jam
267 987 304 1039 ut
334 974 459 1060 legatos
489 973 534 1040 ad
558 973 688 1040 Galliae
712 985 744 1040 et
766 973 910 1060 Angliae
938 996 1032 1060 reges
1065 977 1160 1039 mise-

56 1086 103 1153 rat,
128 1074 254 1158 synodo
278 1073 461 1138 Tolosanae
485 1073 715 1156 interfuerunt,
755 1072 993 1159 Pontificisque
1015 1095 1158 1154 ,causam

54 1170 267 1236 defenderunt.
304 1170 459 1256 Synodus
489 1170 572 1234 haec
602 1192 670 1235 non
694 1170 842 1257 ejusdem
867 1169 986 1235 indolis
1011 1181 1089 1252 erat,
1119 1193 1159 1234 ac

54 1269 298 1334 conciliabulum
323 1269 445 1333 Paviae
470 1267 632 1334 habitum.
678 1269 785 1354 Reges
809 1271 897 1333 enim
922 1291 987 1334 non
1017 1268 1080 1333 sibi
1110 1291 1161 1334 ar-

53 1377 246 1450 rogas-erant,
272 1369 320 1431 uti
345 1366 545 1450 Fridericus,
570 1389 643 1432 eam
667 1369 908 1448 auctoritatem,
942 1376 978 1430 ut
1000 1355 1159 1453 tauquam

53 1489 211 1552 mmmmm
238 1464 396 1544 tribunal,
428 1465 524 1550 cujus
548 1467 730 1530 sententiae
752 1463 908 1529 Pontifex
939 1487 973 1529 se
997 1464 1160 1550 subjicere

53 1563 185 1646 deberet,
226 1563 393 1649 synodum
421 1573 654 1629 convocarent.
708 1560 775 1627 Sed
814 1573 1050 1648 congregatum
1090 1572 1161 1627 erat

54 1662 234 1742 concilium,
273 1672 310 1725 ut
342 1663 495 1726 examine
531 1660 572 1726 de
603 1660 763 1726 electione
793 1663 981 1726 accuratius
1008 1663 1158 1726 instituto

53 1759 218 1844 pleniorem
244 1781 353 1824 rerum
368 1759 611 1844 intelligentiam
633 1758 800 1844 praesules
816 1761 1034 1844 acquirerent.
1062 1760 1159 1823 Prae·

52 1857 217 1922 ridebatur
239 1867 350 1920 autem
374 1856 416 1921 ab
431 1856 623 1921 Alexandro
648 1858 725 1940 lore,
750 1868 787 1920 ut
811 1857 882 1942 ejus
905 1855 1021 1921 electio
1044 1878 1161 1942 agnos-

51 1969 167 2020 ceretur
189 1965 349 2040 tanquam
371 1953 530 2039 legitima,
560 1955 730 2040 ipsiusque
753 1955 941 2019 auctoritati
974 1975 1044 2018 seso
1067 1977 1160 2040 prae·

51 2051 125 2117 sulas
155 2051 286 2118 Galliae
322 2063 355 2116 et
382 2050 525 2137 Angliae
563 2052 803 2119 submitterent.
854 2051 944 2116 Hinc
980 2052 1161 2138 prudenter

52 2153 115 2235 egit,
138 2161 304 2237 quatenus
328 2147 522 2214 Cardinales
551 2149 677 2236 aliquot
700 2148 748 2214 illi
772 2150 900 2235 synodo
924 2152 1081 2214 interesse
1106 2173 1159 2214 cu·

52 2261 134 2328 rarat,
157 2249 313 2334 quamvis
330 2250 470 2311 evitaret
493 2249 656 2334 quidquid
680 2250 751 2335 ejus
774 2251 1003 2314 auctoritatem
1026 2248 1158 2313 laedere

53 2345 92 2410 rel
128 2346 316 2410 diminuere
353 2356 471 2432 posset.
523 2344 715 2411 Generatim
746 2347 938 2411 Alexander
967 2347 1019 2411 111
1057 2347 1159 2411 variis

51 2443 284 2525 occasionibus,
324 2464 427 2529 quum
457 2467 516 2508 rex
547 2444 689 2529 Angliae
726 2445 780 2509 vel
813 2443 942 2510 Galliae
972 2467 1006 2508 so
1034 2447 1158 2531 passim

49 2541 230 2606 vacillantes
254 2540 466 2606 ostenderent
490 2543 524 2606 in
539 2541 708 2629 fidelitate,
732 2566 855 2630 magna
878 2544 1054 2629 prudentia
1077 2565 1157 2608 usus

48 2655 95 2720 est,
126 2651 161 2704 ut
185 2638 285 2704 simul
310 2637 357 2703 nil
381 2638 554 2724 derogaret
577 2641 731 2725 dignitati
755 2664 844 2724 suae,
877 2665 916 2706 ac
940 2641 1157 2707 nihilominus

48 2735 242 2802 humanitate
265 2747 299 2801 et
321 2735 555 2802 benevolentia
579 2737 642 2804 sibi
666 2741 834 2826 principes
858 2740 1053 2805 devinciret.

122 2836 175 2902 33.
223 2833 264 2899 In
295 2835 368 2920 ipsa
406 2834 534 2918 synodo
564 2835 729 2902 Tolosana
766 2829 951 2923 pericnlum
987 2837 1157 2924 quoddam

48 2935 198 3018 apparuit,
235 2934 413 3018 quominus
444 2935 647 3019 quaestionis
669 2935 844 3022 pendentis
872 2935 990 3001 solutio
1018 2936 1157 3001 ulterius

48 3042 275 3116 prorogaretur.
324 3029 363 3095 Id
387 3031 475 3095 enim
498 3030 601 3118 aliqui
625 3033 804 3098 consiliarii
828 3033 966 3099 Henrioi
990 3033 1024 3098 II
1047 3056 1158 3099 saecu·

47 3125 96 3192 lari
119 3131 241 3193 astantia
264 3127 459 3194 suadebant.
507 3130 558 3193 Ita
586 3129 744 3197 dicebant
776 3131 944 3197 humiliari
977 3154 1071 3218 posse
1095 3133 1158 3197 Ro·

48 3246 165 3291 manam
195 3225 372 3291 ecclesiam
404 3227 613 3313 principibus
643 3251 741 3314 saepe
770 3250 954 3308 onerosam,
986 3241 1019 3294 et
1047 3231 1155 3295 donec

49 3337 137 3389 morte
151 3325 288 3390 alterius
303 3323 474 3389 Pontificis
490 3326 638 3410 quaestio
654 3326 844 3410 solveretur,
863 3350 959 3415 posse
972 3327 1157 3415 redipioaem

48 3423 250 3509 episcoporum
268 3446 330 3509 per
352 3421 479 3509 ungulo
500 3445 600 3509 regna
622 3425 774 3512 sufficere.
822 3423 1001 3492 Octaviani
1032 3436 1065 3492 et
1088 3429 1157 3493 Fri·

49 3517 137 3584 derici
160 3520 261 3606 legati
292 3518 382 3584 idem
411 3520 652 3607 approbabant,
690 3522 885 3588 Lndovious
909 3523 975 3589 VII
1005 3547 1039 3589 se
1069 3527 1158 3609 regis

51 3616 219 3700 Anglorum
243 3617 407 3683 voluntati
431 3640 500 3683 rem
525 3621 730 3684 committere
753 3620 978 3706 profitebatur,
1012 3631 1045 3686 et
1068 3623 1157 3688 Hen-

52 3714 127 3778 ricns
153 3739 214 3781 rex
244 3713 338 3780 inid
364 3715 437 3801 jam
466 3716 705 3803 propendebat.
752 3717 947 3784 cardinales
970 3718 1155 3785 Alexandri

50 3823 194 3894 quantum
233 3823 412 3900 potuerunt
449 3813 642 3880 dilationem
679 3817 775 3880 istam
814 3838 918 3903 usque
948 3816 993 3882 ad
1017 3833 1156 3883 mortem
1183 3824 1187 3830 ’

52 3911 137 3974 nnius
164 3933 206 3974 ex
229 3911 515 3996 competitoribus,
546 3935 632 3999 qnae
664 3935 743 3978 sane
774 3913 998 3980 funestissima
1028 3917 1155 3994 luisset,

51 4017 183 4072 avertere
205 4009 411 4075 studuerunt.
458 4007 569 4096 Atque
591 4033 631 4075 ea
654 4013 836 4092 occasione,
862 4025 899 4077 ut
919 4012 1103 4079 Henricnm
1118 4013 1155 4080 11

53 4101 257 4188 devincirent,
298 4107 423 4193 nuptiis
459 4109 545 4173 inter
574 4108 773 4192 Henricum‚
813 4109 951 4176 Henrici
979 4111 1014 4177 II
1050 4111 1157 4178 filium

53 4211 236 4288 septennem,
259 4213 293 4268 et
315 4203 547 4289 Margaretam,
581 4205 746 4273 Lndovici
771 4207 838 4273 VII
865 4207 968 4273 liliam
991 4212 1156 4277 triennem

958 4316 996 4372 9*
