2814 4848
301 437 355 492 366
464 439 579 493 XXVII.
598 439 639 494 De
658 439 760 496 haeres.
780 441 947 510 repressione
966 457 997 494 so
1015 441 1048 494 de
1067 439 1259 494 Decretaiibus.

302 582 392 666 cipia
422 581 463 646 de
491 582 567 668 jure
600 598 634 647 et
665 586 865 650 anctoritate
896 585 1069 649 Pontificis
1098 586 1264 669 proponit,
1293 605 1355 646 rem
1381 575 1400 660 il

303 689 477 766 utramque
508 691 635 766 partem
668 681 782 763 librat,
816 704 856 746 ac
887 691 1053 767 postremo
1084 683 1236 767 petitioni
1266 675 1400 754 Willelnl

302 776 530 842 obsecundare
563 778 718 864 declinat.
773 779 847 844 Hoc
878 779 949 845 loco
981 781 1159 864 praecipue
1191 781 1338 844 animum
1365 781 1398 842 ad

302 883 431 939 vertere
454 886 583 961 oportet
597 877 641 942 ad
657 880 835 964 principia,
859 879 995 963 quaein
1011 877 1068 941 illa
1084 876 1223 962 epistole
1237 889 1400 964 occurrunt

394 1027 446 1096 62.
471 1029 595 1114 Incipit
617 1029 681 1092 bac
705 1031 832 1093 ratione
857 1025 1060 1092 Decrctelis:
1083 1029 1287 1093 Innocentius
1300 1030 1352 1092 Ill
1368 1051 1400 1090 no

191 1116 231 1145 '⁰‘
303 1124 362 1188 bili
390 1128 472 1205 aira,
511 1125 666 1191 Willelmo
701 1127 839 1190 Domino
865 1123 1160 1212 Montispessulani.
1189 1164 1232 1172 -
1258 1127 1320 1190 Per
1340 1137 1400 1215 rent

299 1220 433 1286 rabilem
454 1223 598 1309 fratrem
628 1235 785 1302 nostrum,
818 1223 1036 1287 Arelatensem
1069 1225 1349 1311 archiepiscopum,
1376 1221 1400 1296 ol

301 1319 411 1384 Sedem
426 1321 644 1407 Apostolicam
668 1321 873 1398 accedentem,
898 1333 954 1385 tua
976 1321 1066 1386 nobis
1089 1321 1243 1385 nobilitas
1267 1323 1383 1408 supplic

299 1420 353 1496 rit,
386 1429 421 1480 ut
434 1417 526 1502 filios
556 1430 624 1483 tuos
649 1417 885 1505 lepitimationis
915 1419 1119 1506 dipnaremur
1143 1417 1234 1482 titulo
1266 1419 1389 1483 decorar

298 1527 452 1600 quatenus
475 1519 521 1580 cis
542 1518 705 1601 quominus
730 1516 789 1580 tibi
811 1517 1009 1580 antecederent
1023 1517 1182 1581 natalium
1206 1518 1337 1607 objectio
1360 1540 1392 1579 no

298 1624 430 1679 noceret.
454 1653 498 1661 —
523 1615 650 1678 Profert
672 1613 749 1678 dein
773 1614 929 1678 Pontifex
962 1616 1107 1699 primurn
1140 1617 1308 1700 quaedam
1331 1636 1382 1698 erg

300 1721 421 1794 menta,
445 1734 531 1798 quae
554 1735 597 1776 ex
614 1713 691 1798 jure
715 1713 863 1776 Romano
888 1722 987 1797 atquo
1011 1715 1171 1778 canonico
1196 1713 1327 1777 desumi
1351 1723 1400 1798 pos*

299 1819 385 1892 sent,
417 1821 454 1874 nt
483 1811 719 1888 ostenderetur,
754 1811 901 1874 Romano
927 1811 1081 1874 Pontifici
1113 1821 1313 1897 potestatem
1344 1797 1400 1972 mil

299 1908 557 1992 legitimationis,
586 1931 671 1995 quae
694 1908 894 1993 respiciebat
928 1910 1082 1972 effectum
1115 1930 1181 1973 non
1212 1931 1306 1974 mera
1332 1911 1376 1994 spi

299 2004 431 2088 tuelem,
455 2006 512 2070 sed
537 2008 671 2071 omnino
695 2005 920 2093 temporalem,
945 2017 1141 2092 competere.
1192 2007 1289 2081 Qsaod
1311 2019 1400 2098 auten

299 2101 423 2182 scribit,
457 2127 550 2190 super
573 2105 628 2168 boc
650 2103 838 2191 Apostolica
863 2103 960 2168 Sedes
987 2104 1120 2190 plenam
1143 2105 1257 2169 babeat
1279 2117 1398 2193 potesta

299 2211 368 2278 tem,
399 2223 439 2264 ea
462 2201 519 2264 illo
542 2201 677 2280 uidetur,
708 2203 791 2287 quod
822 2225 924 2286 quum,
956 2203 1091 2266 dirersis
1123 2206 1229 2267 causis
1259 2204 1389 2290 inspecti

299 2321 366 2361 curn
388 2299 575 2382 quibusdam
596 2302 699 2362 mium
724 2299 859 2383 lepitime
882 2302 1005 2386 penitis,
1039 2323 1103 2364 nou
1125 2301 1333 2366 natuerals'bus
1356 2312 1383 2364 ta

300 2407 364 2458 tum
386 2396 442 2460 sed
465 2397 656 2460 adulterinis
687 2400 782 2460 ctiam
805 2397 1012 2482 dispensavit,
1043 2400 1089 2462 sic
1112 2401 1156 2462 ad
1179 2411 1270 2464 actus
1295 2402 1393 2486 spirits

300 2494 367 2557 ales
390 2517 442 2557 eos
465 2493 652 2580 lepitimans,
676 2505 711 2558 nt
729 2505 861 2580 possent
883 2497 918 2558 in
942 2497 1105 2582 episcopos
1125 2503 1361 2582 promoveris

299 2591 435 2654 similius
458 2593 597 2664 creditur
628 2603 657 2656 et
675 2591 879 2678 probabilius
907 2603 1089 2679 reputatur,
1122 2606 1158 2658 ut
1181 2619 1232 2659 eos
1267 2599 1314 2660 ad
1336 2621 1370 2660 ac

299 2691 473 2775 lepitimare
496 2691 602 2753 valeat
618 2690 806 2768 saeculares,
826 2693 1027 2776 praesertim,
1052 2695 1081 2756 si
1094 2705 1228 2778 praeter
1244 2683 1400 2778 Romanul

299 2789 478 2872 Pontificem
499 2790 583 2851 inter
609 2789 747 2852 domines
775 2789 968 2873 superiorem
1000 2788 1099 2853 alium
1130 2813 1194 2853 uon
1224 2779 1400 2878 capnoscanl

299 2888 375 2970 quia
397 2909 465 2950 eum
487 2890 590 2974 major
612 2888 647 2950 in
669 2885 895 2972 spiritualibus
919 2898 982 2950 tam
1002 2889 1178 2973 prudentia
1201 2913 1297 2974 quam
1322 2879 1400 2974 auctu]

299 2985 381 3046 ritas
404 2994 433 3046 et
456 2983 616 3049 idoneitas
638 2986 829 3069 requiratur,
854 2986 937 3068 quod
951 2987 986 3048 iu
1001 2988 1118 3074 majori
1140 2988 1335 3066 conceditur,
1358 2989 1380 3051 li

300 3091 363 3144 tum
386 3083 481 3144 etiam
503 3081 627 3146 uidetur
657 3105 722 3146 esse
745 3085 780 3147 in
802 3085 928 3149 minori.
953 3083 1153 3149 -Similes
1183 3084 1298 3150 adbuc
1329 3089 1400 3172 ratiq

299 3200 358 3242 nes
381 3179 527 3261 adducit,
553 3181 599 3244 ita
614 3193 724 3244 tamen
749 3191 787 3243 ut
809 3191 936 3244 tantum
956 3181 1141 3268 allepentur,
1165 3183 1256 3249 hand
1279 3207 1358 3249 vero
1380 3181 1400 3264 dl

301 3277 412 3342 valore
435 3299 547 3342 aarum
565 3281 761 3342 sententiam
779 3280 922 3362 proferat
937 3280 1167 3362 innocentius3
1192 3280 1321 3348 dixeris
1347 3287 1400 3372 istu

301 3377 463 3461 imprimis
491 3377 636 3440 rationes
667 3376 708 3440 ab
740 3375 990 3463 archiepiscopo
1021 3377 1208 3443 Arelatensi
1240 3373 1400 3468 propositi

300 3475 411 3538 luisse.

389 3617 442 3680 63.
468 3616 554 3680 Dein
579 3617 675 3680 affert
689 3616 846 3680 Pontifex
870 3627 1102 3702 argumentum
1127 3645 1148 3684 a
1163 3620 1312 3706 fortiori,
1338 3613 1400 3706 qnol

300 3735 320 3776 a
348 3712 477 3778 Comite
509 3715 713 3799 propositum
749 3713 867 3780 fuerat.
929 3715 1116 3797 Videbatur,
1155 3717 1287 3798 scribit,
1322 3699 1400 3792 autel

300 3809 447 3898 (Comes)
479 3835 519 3874 ea
542 3833 576 3874 eo
602 3813 723 3875 trabere
746 3815 897 3901 majorem
921 3814 1091 3878 andaciam
1107 3813 1312 3900 postulandi,
1343 3793 1400 3901 quel

300 3933 365 3973 non
388 3910 477 3996 loupe
495 3921 604 3996 petere
628 3909 793 3994 copelatar
816 3909 1000 3996 exemplum,
1032 3913 1088 3976 sed
1115 3915 1150 3976 in
1173 3911 1324 3999 favorem
1342 3897 1400 3998 ped

303 4009 400 4071 tionis
422 4008 609 4097 hujusmodi,
641 4007 725 4092 quod
747 4029 804 4070 uos
826 4009 915 4093 ipsos
937 4010 972 4071 in
995 4033 1093 4074 causa
1116 4010 1217 4074 simili
1233 4010 1353 4096 secisse
1374 3999 1400 4090 dl

304 4104 407 4184 cebat,
433 4115 566 4190 poterat
589 4103 737 4191 alleparc.
788 4103 864 4169 Cum
895 4109 977 4170 enim
1009 4105 1204 4174 clarissimus
1229 4111 1266 4172 iu
1299 4107 1398 4174 Clrist

294 4203 388 4284 filius
410 4213 516 4267 noster
543 4203 711 4288 Philippus
738 4223 796 4264 rea
821 4201 1017 4267 Francorum
1048 4202 1199 4285 illustris,
1229 4207 1400 4270 carissimat
