2868 4844
115 481 128 524 e
255 456 297 510 De
315 454 431 510 decretis
450 453 581 508 sessionis
600 459 715 520 quartae
734 461 763 508 et
781 453 902 520 quintae.
1086 453 1139 507 311

41 599 240 664 firmationem
265 598 352 663 hanc
377 599 540 684 imprimis
563 599 707 683 pertinet
730 595 909 661 declaratio
934 597 1031 661 oralis
1056 597 1139 661 Mar·
1158 601 1229 639 ”ml
1251 609 1295 639 ⁰0¹¹

41 700 85 762 tini
108 697 137 762 V
162 699 196 762 in
221 699 367 762 sessione
392 697 647 782 quadragesima
670 697 787 781 quinta
811 715 896 780 quae
920 707 990 758 erat
1014 694 1140 776 ultima,

41 817 65 858 se
83 794 264 880 approbare
288 818 327 860 ea
351 817 435 881 quae
465 796 498 858 ia
521 796 663 858 materiis
677 794 761 877 fidei
783 791 1000 856 conciliariter
1022 802 1144 857 statuta

40 905 124 959 erant.
172 891 249 972 Qua
272 895 446 957 occasions
471 892 527 956 illa
558 890 739 956 declaratio
764 890 853 955 edita
886 889 995 970 fucrit,
1029 892 1146 976 paucis

36 989 153 1074 juvabit
183 1012 360 1075 exponere.
415 991 453 1054 ln
494 990 559 1054 fine
598 990 734 1055 ultimae
772 990 926 1052 sessionis
960 986 1146 1053 Cardinalis

40 1087 216 1172 haynaldus
239 1112 259 1152 a
282 1111 308 1154 s.
333 1091 415 1152 Vito
440 1111 482 1152 ex
498 1088 654 1152 mandato
679 1087 851 1152 Pontificis
869 1086 941 1171 jam
965 1086 1068 1150 verba
1093 1086 1147 1150 de·

40 1188 188 1250 missionis
226 1187 424 1272 protulerat:
465 1187 614 1264 Domini,
652 1189 695 1250 ite
726 1187 762 1249 ia
787 1208 890 1271 pace,
930 1205 969 1248 ac
1001 1185 1149 1249 Joannes

39 1285 198 1369 episcopus
223 1283 419 1348 Catanensis
447 1305 632 1348 sermonem
658 1295 728 1346 erat
758 1283 915 1352 facturus„
963 1283 1059 1347 Tunc
1082 1305 1149 1347 eur·

39 1393 182 1446 rexerunt
204 1392 350 1448 oratores
374 1383 461 1466 regis
475 1381 632 1446 Poloniae
649 1393 681 1445 et
697 1382 808 1464 magni
826 1380 921 1444 ducis
937 1380 1148 1462 Lithuaniae,

37 1501 68 1542 ec
88 1483 220 1545 nomine
245 1480 459 1545 dominorum
490 1502 624 1544 suorum
658 1478 919 1565 postulaverunt,
952 1489 989 1543 ut
1019 1478 1150 1543 libellus

39 1576 80 1644 Fr.
102 1579 245 1644 Joannis
270 1576 483 1661 Falkenberg
507 1576 546 1642 Ο.
572 1577 604 1644 S.
630 1578 684 1659 D.,
717 1599 815 1663 quem
840 1580 999 1646 dicebant
1022 1579 1149 1642 notorie

37 1675 270 1740 curdelissimas
293 1677 462 1741 continere
486 1675 638 1740 haereses
670 1675 726 1757 (cle
750 1679 916 1743 occisione
939 1678 1085 1762 tyranni)
1118 1684 1151 1739 et

32 1773 90 1855 jam
123 1774 318 1838 damnatum
349 1797 419 1838 esse
448 1774 492 1838 ad
516 1776 627 1859 ignem
651 1797 671 1838 a
695 1776 887 1842 nationibus
910 1787 944 1840 et
967 1773 1149 1839 Cardinali·

37 1869 98 1952 bus,
124 1895 214 1937 nnnc
239 1875 338 1937 etiam
355 1874 390 1936 in
404 1871 541 1958 publica
557 1873 702 1936 sessione
718 1873 910 1938 solemniter
925 1875 1148 1938 damnaretur.

37 1967 129 2034 Secus
169 1973 258 2054 enim
299 1968 486 2034 Concilium
526 1992 591 2034 non
625 1971 816 2036 satisfacere
852 1973 981 2037 muneri
1013 1991 1071 2035 suo
1109 1968 1150 2032 de

37 2066 219 2132 haeresibus
249 2067 490 2154 exstirpandis,
523 2079 556 2132 et
586 2071 654 2154 regi
687 2091 727 2133 ac
761 2070 838 2135 duci
872 2070 955 2135 nihil
986 2068 1149 2153 reliquum

36 2185 106 2245 esse,
134 2168 196 2230 nisi
223 2176 258 2229 ut
281 2176 541 2251 protestarentur
563 2175 596 2230 et
619 2167 661 2230 ad
678 2168 826 2232 futurum
849 2167 1054 2255 appellarent
1068 2164 1149 2229 Con-

37 2263 142 2328 cilium
165 2264 329 2346 generale.
377 2263 496 2329 Statim
528 2262 731 2348 replicarunt
760 2266 968 2350 patriarchae
993 2262 1150 2328 Constan-

35 2362 265 2447 tinopolitenus
311 2372 344 2426 et
384 2361 614 2427 Antiochense
651 2373 683 2426 et
724 2364 860 2449 qnidam
909 2364 1151 2428 Dominicanus

36 2458 209 2545 Hispanus,
232 2460 382 2526 libellum
402 2462 502 2524 istum
526 2460 617 2524 haud
640 2459 682 2524 ab
707 2462 849 2526 omnibus
874 2461 1032 2526 membris
1048 2461 1151 2524 natio-

35 2577 105 2622 num
126 2558 317 2643 judicatum
347 2581 418 2622 esse
450 2557 664 2622 haereticum.
711 2559 774 2624 His
807 2559 862 2624 alii
888 2560 954 2626 alia
977 2555 1152 2644 responde·

33 2667 123 2735 runt,
169 2679 208 2720 ac
249 2656 410 2720 tumultus
448 2667 582 2720 exortus
627 2667 685 2720 est.
759 2656 911 2740 „Quibus
951 2657 999 2720 sic
1044 2655 1151 2736 lactis,

32 2757 256 2818 sanctissimus
281 2755 445 2819 Dominus
477 2764 587 2820 noster
611 2754 697 2818 dixit
724 2756 954 2841 respondendo
987 2755 1029 2818 ad
1062 2775 1151 2838 prae·

33 2850 137 2917 dicta:
176 2853 264 2939 quod
297 2854 409 2917 omnia
434 2863 466 2916 et
489 2850 619 2936 singula
643 2853 862 2918 determinata
886 2863 918 2918 et
942 2850 1096 2916 conclusa
1120 2859 1154 2914 et

36 2947 164 3016 decreta
189 2954 223 3015 in
249 2953 396 3014 materiis
421 2951 498 3015 fidei
524 2973 582 3036 per
605 2972 761 3035 praesens
786 2951 972 3016 Concilium
999 2947 1150 3014 concilia-

35 3049 110 3112 riter
133 3061 246 3114 tenere
271 3059 304 3113 et
327 3047 565 3113 inviolabiliter
577 3048 754 3113 observare
768 3048 909 3130 volebat,
935 3058 967 3112 et
982 3067 1152 3132 nunquam

32 3147 260 3212 contravenire
285 3167 417 3232 quoquo
443 3147 550 3210 modo.
582 3146 725 3232 ipsaque
749 3147 796 3210 sic
821 3146 1042 3211 conciliariter
1065 3144 1153 3207 facta

32 3243 194 3329 approbat
208 3254 241 3307 et
254 3243 406 3324 ratificat,
423 3254 455 3308 et
464 3265 530 3308 nou
543 3243 639 3308 aliter
652 3267 713 3309 nec
725 3244 789 3309 alio
803 3244 868 3308 ullo
883 3243 990 3308 modo.
1016 3243 1060 3305 Et
1071 3239 1152 3306 illud

32 3341 117 3408 idem
143 3345 260 3407 iterato
285 3341 363 3406 fecit
388 3342 453 3406 dici
479 3365 538 3427 per
560 3364 720 3426 organum
746 3343 871 3407 domini
897 3341 1076 3426 Augustini
1111 3331 1152 3402 de

30 3439 113 3504 Pisis
136 3439 260 3504 fiscalis
274 3451 307 3504 et
323 3441 407 3504 sacri
424 3441 610 3505 consistorii
627 3440 792 3521 advocati,
817 3443 873 3526 qui
891 3441 1025 3504 nomine
1041 3439 1153 3523 Papae

29 3560 47 3600 a
81 3539 315 3623 protonotariis
350 3547 382 3602 et
417 3539 555 3602 notariis
590 3537 632 3601 ad
668 3538 881 3603 scribendum
913 3547 987 3602 acte
1012 3534 1152 3602 Concilii

30 3635 190 3700 ordinatis
213 3646 247 3700 et
270 3636 435 3720 deputatis
460 3638 556 3722 petiit
578 3638 797 3701 instrumenta
821 3635 956 3722 publica
971 3635 1108 3716 fieri.“¹)

116 3735 172 3800 27.
220 3734 313 3798 Haec
344 3734 535 3799 MartiniV
577 3734 688 3816 verba,
720 3733 860 3799 Concilii
897 3735 980 3798 actis
1019 3733 1152 3813 inserta,

30 3831 177 3918 plerique
202 3831 328 3896 habent
351 3841 388 3894 ut
410 3833 623 3908 sententiam,
657 3854 723 3917 qua
755 3832 951 3896 confirmare
975 3828 1081 3894 voluit
1104 3851 1152 3908 ea,

29 3951 112 4014 quae
154 3931 188 3994 in
229 3932 376 3994 materiis
410 3929 488 3995 fidei
529 3929 751 3994 conciliariter
787 3930 920 3994 decreta
957 3939 1060 3994 erant.
1107 3925 1155 3992 Ut

29 4039 139 4092 tamen
166 4027 250 4092 bene
275 4029 511 4114 intelligantur,
537 4028 620 4092 haec
644 4028 942 4092 animadvertenda
966 4035 1153 4091 occurrunt.

100 4243 123 4314 ¹)
143 4241 178 4298 V.
198 4241 290 4296 Labbe
309 4241 387 4297 Xlll.
407 4241 468 4296 258.

1178 661 1286 702 ormano.
