2850 4834
278 439 331 492 182
474 439 589 495 XXXII.
608 441 649 494 De
668 441 844 497 Pontificibus
863 443 1005 498 nvenione
1024 444 1201 502 commoraris.

274 605 368 667 quam
395 587 452 672 jue
475 585 555 669 ipsis
589 579 701 648 utendi
733 587 937 672 competierit,
976 611 1033 650 acc
1064 587 1127 650 illa
1158 589 1308 652 vendedi
1337 611 1384 651 seu

276 680 422 744 doaouda'
455 686 508 769 jus
542 681 718 762 habuerint,
758 695 814 748 aut
837 707 877 748 esc
900 685 981 771 ipsis
1004 683 1074 748 aliu
1098 685 1288 770 acquirendi,
1325 685 1385 747 fore

276 799 449 842 erroneum
475 788 507 842 et
530 778 745 846 haereticum.

106 882 229 958 luunt?
241 885 265 924 ¹1¹
365 877 418 941 32.
453 876 647 942 Adversarii
670 880 895 944 Romanorum
920 879 1120 944 Pontificum
1146 880 1198 945 vel
1220 878 1387 944 infallibili·

119 946 253 1049 B'ffl'fl'
277 975 354 1037 tatis
370 975 517 1060 ipsorum
539 997 582 1038 ex
598 975 727 1041 duabus
743 978 794 1042 bis
811 976 1112 1042 Constitutionibue
1127 987 1278 1063 arguunt,
1297 977 1388 1042 Joan·

276 1095 352 1136 nem
377 1074 512 1137 omnino
536 1075 763 1140 contradicere
789 1077 829 1139 iis
850 1097 935 1160 quae
960 1074 1151 1140 definiverit
1176 1074 1330 1140 Nicolaus
1345 1075 1387 1138 Ill

276 1173 311 1234 in
326 1170 495 1235 Decretali
519 1173 620 1236 Exiit.
657 1173 723 1236 Hic
747 1175 846 1254 enim,
873 1175 1038 1259 inquiunt,
1064 1171 1228 1255 definivit,
1251 1183 1389 1236 sanctam

277 1277 309 1333 et
340 1271 543 1332 meritoriam
576 1291 647 1334 esse
678 1281 918 1356 paupertatem,
957 1293 1023 1356 qua
1057 1269 1140 1336 nihil
1168 1273 1203 1336 in
1233 1273 1389 1335 communi

276 1366 330 1430 vel
364 1365 502 1450 speciali
536 1366 731 1452 possidetur,
764 1379 797 1432 et
829 1366 999 1432 Christum
1030 1391 1070 1432 ac
1094 1368 1269 1454 Apostolos
1299 1368 1389 1432 talem

276 1475 510 1549 paupertatem,
530 1465 633 1528 verbo
658 1475 689 1529 et
712 1465 865 1550 exemplo
890 1465 1051 1530 docuisse.
1069 1503 1113 1514 -
1128 1467 1276 1532 Joannes
1297 1467 1391 1530 XXII

276 1570 387 1626 autem
413 1562 509 1647 plane
534 1565 736 1627 contrarium
767 1563 959 1628 declaravit.
988 1602 1025 1611 -
1052 1563 1107 1627 Ad
1132 1564 1215 1629 haec
1239 1565 1391 1650 imprimis

277 1660 407 1723 adverti
439 1671 558 1744 posset,
590 1683 727 1747 scopum
752 1661 1006 1726 Constitutionis
1029 1661 1123 1725 Exiit
1145 1684 1166 1725 a
1188 1660 1326 1726 Nicolao
1349 1659 1391 1723 Ill

277 1756 387 1821 editae
416 1761 450 1821 in
478 1778 516 1822 eo
550 1762 694 1823 maxime
718 1783 798 1843 esse,
829 1768 867 1823 ut
896 1758 993 1846 plura
1016 1755 1127 1845 quoad
1150 1758 1300 1844 regulam
1325 1759 1392 1823 Fra·

276 1865 364 1918 trum
383 1855 550 1920 Minorum
567 1857 760 1923 authentico
778 1858 875 1923 modo
891 1857 1155 1943 explicarentur,
1173 1857 1391 1922 definitionem

278 1975 356 2017 vero
382 1953 459 2018 fidei
482 1957 517 2019 in
542 1955 659 2021 eadem
683 1956 773 2020 haud
796 1956 904 2021 videri
930 1957 1101 2022 contineri.
1149 1953 1226 2036 Sed,
1251 1967 1289 2020 ut
1312 1978 1392 2042 prae·

276 2051 470 2117 scindamus
493 2053 535 2118 ab
560 2053 624 2118 hac
648 2056 850 2140 quaestione,
886 2052 997 2119 nullus
1025 2077 1142 2118 revera
1174 2055 1208 2118 iu
1233 2053 1344 2140 aliqua
1365 2076 1393 2116 re

278 2150 466 2234 dogmatica
492 2152 658 2216 dissensus
682 2162 731 2216 est
755 2155 841 2217 inter
865 2151 1125 2217 constitutiones
1149 2152 1279 2216 Nioolai
1298 2152 1347 2216 Ill
1368 2165 1392 2214 et

276 2249 419 2315 Joannis
442 2250 557 2333 XXII,
588 2251 645 2315 sed
677 2251 720 2315 ad
744 2273 910 2316 summum
940 2250 1116 2315 diversItas
1145 2249 1312 2336 quaedam
1335 2252 1392 2335 opi·

277 2349 416 2411 nionum
440 2349 475 2411 iu
499 2348 779 2434 applicationibus
802 2351 957 2436 practicis
982 2359 1014 2412 et
1038 2347 1290 2435 quaestionibus
1315 2367 1393 2412 mere

277 2444 527 2530 philosophicis.
583 2446 681 2527 Quod
711 2457 747 2510 ut
774 2457 934 2533 appareat
965 2449 1082 2533 paucis
1110 2467 1181 2510 rem
1213 2447 1393 2509 accuratius

276 2564 445 2628 exponere
464 2545 609 2630 juvabit.

367 2643 420 2708 34.
445 2641 536 2708 Ordo
556 2645 711 2708 Fratrum
728 2643 893 2707 Minorum
919 2665 939 2706 a
961 2643 1097 2728 reliquis
1114 2640 1302 2707 Ordinibus
1326 2641 1392 2704 inde

277 2739 555 2824 distinguebatur,
580 2742 669 2827 quod
694 2763 796 2827 quum
816 2739 871 2804 alii
889 2740 1033 2825 religiosi
1047 2739 1245 2804 abdicarent
1259 2741 1393 2826 proprie·

278 2847 379 2900 tatem
396 2839 612 2923 personalem,
638 2842 683 2903 ita
699 2850 811 2903 tamen
835 2849 871 2902 ut
895 2839 1115 2903 communitas
1138 2837 1311 2923 possidere
1334 2859 1393 2922 pos·

277 2945 337 3015 set,
362 2937 577 3002 Franciscani
602 2960 663 3002 nec
688 2939 721 3001 in
746 2935 939 3023 particulari
962 2957 1023 3000 nee
1047 2938 1082 2999 in
1096 2937 1251 3000 amorraei
1276 2933 1392 3020 aliquid

277 3034 446 3119 possidere
471 3034 603 3119 vellent,
636 3047 672 3100 ut
696 3035 758 3100 hac
782 3037 909 3100 ratione
934 3033 1044 3098 adbuc
1069 3034 1247 3119 perfectius
1273 3034 1392 3096 animus

277 3133 368 3195 omni
393 3142 523 3198 terreno
547 3135 669 3199 affectu
685 3144 872 3197 exueretur.
900 3131 1015 3196 Talem
1038 3133 1138 3215 igitur
1161 3139 1391 3217 paupertatem.

278 3253 345 3316 qua
369 3232 467 3295 etiam
493 3255 551 3318 pro
576 3235 814 3296 communitate
845 3235 1028 3318 proprietas
1052 3229 1277 3310 abdicaretur,
1309 3228 1391 3292 b'ico·

278 3327 410 3393 lausIIl
420 3329 603 3395 declaravit
618 3329 820 3395 laudabilem
846 3340 878 3394 et
902 3330 1113 3408 meritoriam,
1138 3337 1240 3413 utque
1255 3325 1392 3390 Minores

277 3449 352 3491 eam
377 3449 531 3492 exercere
548 3439 691 3514 possent,
716 3429 804 3493 bona
821 3449 934 3493 eorum
951 3429 984 3490 in
1001 3426 1184 3491 dominium
1201 3447 1241 3488 ac
1258 3424 1391 3508 proprie-

278 3535 381 3589 tatem
396 3523 491 3590 Sedis
507 3526 718 3612 Apostolioae
742 3527 882 3612 accepit.
921 3526 1070 3591 loannes
1085 3523 1190 3588 XXII
1212 3521 1392 3587 nullatenus

280 3621 370 3686 illam
395 3624 641 3690 abdicationem
674 3626 886 3711 proprietatis
911 3627 944 3688 in
970 3623 1138 3687 communi
1168 3621 1304 3706 rejecit3
1335 3622 1390 3682 inc

279 3723 404 3807 pariter
426 3723 594 3788 Minorum
618 3722 776 3788 ecclesias
799 3734 832 3786 et
854 3721 1017 3803 aedificia,
1042 3721 1130 3786 bona
1153 3741 1238 3806 quae
1262 3719 1307 3784 ab
1330 3715 1390 3781 aliis

279 3821 554 3886 communitatibus
578 3821 844 3908 possidebantur,
869 3823 904 3884 iu
920 3820 1067 3885 dominio
1084 3819 1117 3886 S.
1135 3817 1231 3883 Sedis
1253 3815 1389 3881 retinuit.

278 3917 347 3982 Sed
371 3940 472 4003 quum
497 3930 681 4006 appareret,
710 3942 753 3984 ex
775 3919 915 3984 aliarum
939 3939 1049 3982 rerum
1073 3914 1246 3981 mobilium
1270 3914 1390 3979 abdica·

279 4017 369 4080 tione
395 4018 514 4082 multas
538 4018 704 4082 molestias
729 4018 807 4084 Sedi
830 4015 1041 4103 Apostolieae
1064 4016 1153 4096 oriri,
1178 4035 1240 4078 neo
1257 4015 1388 4100 practice

280 4135 338 4198 pro
364 4123 510 4200 tempore
534 4116 710 4180 utilitatem
724 4114 930 4202 spiritualem
953 4124 986 4178 et
1008 4113 1192 4199 profectum
1212 4111 1388 4176 Francisoa·

280 4234 400 4277 norum
424 4213 500 4278 inde
518 4216 716 4301 promoveri,
741 4213 847 4278 noluit
869 4212 988 4278 harum
1012 4233 1121 4275 rerum
1146 4210 1329 4275 dominium
1351 4229 1388 4270 re·
