2902 4848
156 1383 306 1434 Expendltnr.

327 457 380 513 320
608 457 735 514 xxxtv.
757 457 797 512 De
816 456 936 511 Concilio
956 455 1170 510 Constantiensi.

327 623 440 665 sacrae
465 600 603 687 Synodi,
644 611 677 664 ct
706 606 921 692 cujuscumque
959 599 1092 664 alterius
1124 597 1261 664 Consilii
1291 595 1436 683 patenulis}

328 697 462 784 lepitime
487 701 667 786 conprepctc‘
682 722 781 785 super
796 699 996 784 praemissis,
1021 720 1078 762 seu
1094 697 1136 760 ad
1153 719 1193 760 ca
1209 693 1416 781 pertinentibus
1435 713 1436 750 ι

327 797 424 861 factis
447 794 500 861 vel
525 797 696 877 faciendis,
722 796 784 862 sub
809 799 925 883 poenis
949 795 996 860 ibi
1021 795 1167 860 inflictis.
1214 794 1319 874 Quum
1340 793 1416 876 igitur

328 895 466 975 dicatur,
499 905 528 957 ct
560 899 776 984 cujuscumque
809 893 942 959 ulterius
970 893 1106 960 Concilii
1133 891 1291 978 pecoralis
1311 888 1436 976 lepitioul

327 993 515 1079 conprepotc',
547 992 625 1057 inde
658 993 835 1078 colligitur,
867 1015 1000 1058 sensum
1031 992 1239 1056 decretorum
1272 987 1416 1054 adomnia

327 1100 475 1176 tempora
499 1102 531 1153 et
555 1090 713 1176 adjuncta
738 1091 872 1155 extendi
898 1092 1030 1172 debere,
1055 1101 1088 1154 et
1104 1088 1259 1173 restringi
1276 1110 1335 1152 non
1348 1106 1418 1170 posse

327 1188 370 1253 ad
400 1203 531 1274 tempus
561 1189 749 1254 schismatis
781 1212 820 1253 ao
852 1187 1038 1254 Concilium
1066 1187 1326 1253 Constantiensc.
1366 1183 1417 1246 Hor

327 1283 577 1350 Gallicanorum
619 1289 836 1374 praecipuum
874 1298 924 1351 est
947 1296 1190 1372 argumentum.
1216 1322 1260 1331 —
1284 1281 1344 1348 Sed
1364 1293 1419 1364 apta

327 1385 495 1470 responsio
521 1384 621 1448 obvia
646 1395 704 1462 est,
737 1387 764 1450 si
788 1385 831 1450 ad
855 1407 966 1451 rerum
989 1386 1148 1472 adjuncta
1172 1382 1356 1451 attenditur.
1392 1378 1417 1439 ln

328 1482 477 1548 Concilio
494 1484 614 1547 Pisano
636 1483 706 1570 jam
730 1483 928 1548 studuerant
939 1484 982 1547 ad
995 1487 1251 1550 exstinctionem
1266 1477 1419 1544 schismatis

326 1583 515 1667 pervenire,
550 1581 606 1644 sed
644 1582 780 1646 effectus
815 1603 882 1646 non
911 1592 982 1648 erat
1012 1581 1177 1648 obtentus.
1224 1581 1267 1646 ln
1296 1573 1418 1642 eumdem

327 1679 427 1742 finem
453 1677 530 1742 dein
544 1677 731 1742 Concilium
746 1680 1002 1746 Constantieuso
1026 1691 1266 1766 congregatum
1282 1677 1349 1742 fuit.
1375 1668 1418 1734 sel

327 1787 401 1863 post
424 1776 605 1841 discessum
630 1777 771 1842 Joannis
800 1780 1005 1842 continuatio
1038 1779 1179 1844 Consilii
1212 1781 1249 1842 in
1274 1773 1419 1839 discrimen

327 1887 445 1940 vocata
470 1884 527 1955 est,
553 1885 585 1938 et
609 1884 756 1961 tempore
780 1879 933 1942 sessionis
957 1879 1094 1964 quintae
1119 1877 1299 1942 multorum
1323 1871 1420 1934 anino

326 1972 593 2058 praeoccupabat
616 1975 724 2056 timor,
750 1997 790 2038 ne
808 1974 963 2060 Synodus
979 1974 1215 2040 dissolveretur
1232 1986 1268 2038 et
1285 1967 1419 2054 negotioli¹

327 2071 561 2157 exstinguendi
586 2071 774 2137 schismatis
798 2073 887 2138 haud
905 2074 946 2138 ad
965 2075 1093 2138 exitum
1107 2073 1337 2138 deduceretur.
1359 2065 1421 2128 iiior

327 2169 430 2233 verba
454 2169 519 2252 illa,
544 2169 635 2260 hujus
659 2169 769 2234 suoru'e
786 2169 909 2258 Synodi
932 2182 962 2234 et
984 2176 1200 2261 cujuscumque
1224 2169 1356 2234 ulterius
1369 2159 1421 2226 tho·

326 2269 394 2332 cilii
422 2266 581 2354 pecoralis
613 2267 748 2355 lepitc'me
777 2271 969 2355 conprepoti,
1001 2271 1117 2334 merito
1143 2290 1207 2333 non
1235 2257 1422 2345 intelligendo

327 2375 404 2431 sunt
428 2367 610 2431 universim
642 2365 682 2430 de
715 2388 924 2454 quocumque
950 2367 1100 2432 Concilio
1123 2364 1274 2452 generali
1298 2375 1422 2449 quacun·

327 2485 391 2550 que
415 2463 456 2526 de
481 2487 582 2527 causa
606 2474 799 2546 convocato,
825 2464 882 2528 sed
907 2465 1081 2530 referenda
1105 2463 1250 2530 suntad
1275 2459 1423 2548 quodeun-

327 2585 391 2649 que
414 2559 505 2625 aliud
531 2561 910 2645 Conciliumgenerale,
941 2562 1030 2648 quod
1054 2563 1136 2627 forte
1159 2561 1201 2626 ad
1228 2559 1288 2625 illa
1310 2551 1423 2639 negotis·

327 2681 412 2746 qnae
437 2659 690 2724 Constantiense
725 2659 932 2745 spectabant,
968 2655 1143 2725 tractanda
1173 2657 1289 2725 adhuc
1321 2672 1413 2732 congr

326 2757 474 2842 gaudum
514 2768 613 2838 esset,
654 2760 800 2822 maxime
836 2770 946 2823 autem
988 2781 1045 2845 pro
1086 2759 1327 2844 exstirpatione
1361 2747 1424 2813 illiue

327 2854 524 2920 schismatis.
571 2855 645 2920 Hoc
679 2857 893 2921 confirmatur
924 2879 967 2922 ex
993 2857 1102 2922 verbis
1125 2878 1209 2943 quae
1235 2853 1424 2940 adjiciuntur.

327 2976 422 3041 super
439 2955 627 3040 praem-iscis
651 2977 705 3018 sen
729 2955 774 3018 od
797 2979 834 3020 ea
852 2955 1201 3043 pertinentibussuotio
1217 2943 1425 3040 calfacienda.

326 3051 381 3116 Ex
413 3051 465 3115 his
496 3051 607 3115 verbis
637 3063 742 3138 patet,
780 3056 881 3119 menti
911 3055 1048 3118 Patrum
1079 3048 1208 3138 semper
1240 3050 1425 3116 observans:

326 3151 428 3215 fuisse
444 3151 698 3214 exstinctionem
715 3150 903 3216 schismatis
917 3163 950 3216 et
965 3150 1110 3238 reliquas
1130 3172 1249 3215 causas
1268 3151 1301 3214 in
1318 3137 1426 3228 synod-t

328 3249 572 3312 Constantiensi
610 3250 810 3332 tractandas,
851 3260 950 3336 atquc
984 3251 1039 3316 illo
1075 3249 1206 3314 decreto
1243 3269 1300 3312 cos
1334 3255 1425 3304 ratur:

327 3346 481 3428 voluisse,
513 3369 554 3410 ne
579 3347 796 3432 impediretur
823 3347 985 3413 absolutio
1017 3347 1134 3412 horum
1164 3347 1378 3429 negotiorum,
1406 3352 1427 3400 st

327 3447 526 3530 cuicumque
551 3444 700 3509 Concilio
725 3445 834 3531 quoad
859 3445 941 3510 haec
966 3443 1198 3531 congregando
1223 3465 1320 3507 suam
1345 3433 1424 3500 sinili-

327 3566 403 3608 care
427 3544 667 3609 auctoritatem.
715 3542 828 3622 Quum
855 3544 1041 3608 Concilium
1073 3546 1190 3608 iterato
1215 3547 1427 3608 commearunt

327 3643 444 3707 dicaam
476 3641 622 3706 schisma
653 3641 740 3706 illius
771 3645 939 3728 temporis,
976 3655 1064 3707 certe
1095 3643 1121 3707 si
1153 3640 1341 3706 intenderat
1368 3633 1428 3716 ipsis

327 3738 439 3803 verbis
463 3759 596 3803 sensum
622 3739 744 3804 decreti
769 3740 812 3805 ad
837 3741 1071 3826 quodcumque
1091 3738 1244 3826 generale
1262 3733 1426 3802 Conciliun

327 3839 475 3902 futurum
489 3837 678 3916 extendere,
696 3839 874 3924 improprie
887 3849 920 3902 et
931 3839 1121 3924 perturbate
1133 3839 1281 3903 locutum
1294 3830 1416 3898 fuisset?

401 4082 422 4150 ¹)
442 4083 641 4150 Argumentum
661 4081 848 4144 opportunum,
875 4077 1084 4132 constantiense
1103 4073 1250 4130 Concilium
1276 4088 1324 4142 per
1341 4071 1427 4123 lesan

328 4163 455 4217 sessionis
474 4167 589 4228 quartae
608 4165 637 4213 et
656 4158 768 4224 quintae
787 4174 840 4211 non
860 4157 978 4212 voluisse
1003 4157 1151 4211 universim
1177 4153 1290 4209 definire
1308 4152 1427 4218 superior·

328 4249 413 4296 tatem
434 4240 546 4295 Consilii
571 4238 708 4309 generalis
736 4251 818 4306 supra
837 4236 1002 4302 Pontificem,
1031 4235 1089 4290 erni
1112 4249 1215 4302 quoqne
1239 4239 1332 4302 potest
1355 4245 1384 4283 ex
1405 4239 1427 4276 tn
