2964 4838
542 456 635 512 Sixtu's
653 457 702 518 1v,
1130 459 1184 514 483

64 602 135 686 quia
158 600 343 686 quandoque
374 611 447 664 suut
469 601 573 666 miuus
603 599 695 713 dipni
717 599 904 688 simpliciter
934 613 963 666 et
988 626 1050 688 per
1080 625 1184 689 respe-

62 806 105 858 est
120 807 285 882 peceatum
308 798 500 882 acceptionis
523 819 737 882 personarum
770 799 806 862 iu
829 798 1067 883 dispensatione
1089 800 1183 884 spiri·

61 892 210 974 molium,
245 916 376 981 quorum
401 893 569 980 praelatis
598 917 663 958 riou
697 906 744 960 est
774 895 936 973 dontinus,
969 907 1006 960 ut
1035 919 1074 960 ea
1104 895 1183 961 dare

57 992 157 1076 possit
173 1013 238 1078 pro
262 991 373 1058 lubitu.
424 989 620 1077 Quandoque
643 1015 715 1056 neon
739 993 965 1079 consaupuiaei
992 1005 1064 1058 suut
1086 1017 1183 1082 oeque

59 1089 148 1176 clipei
176 1101 211 1154 ut
235 1087 312 1168 aiii,
348 1100 377 1154 et
406 1092 451 1154 sic
475 1089 559 1154 licite
581 1100 688 1177 potest
716 1089 831 1176 ubsque
856 1113 1070 1178 persouarum
1098 1093 1183 1158 occe·

53 1189 162 1271 ptioue
194 1189 442 1272 cousaapuiueos
465 1209 537 1252 suos
563 1187 749 1274 praeferre,
784 1190 861 1273 quia
883 1185 996 1254 saitem
1023 1192 1126 1276 mapis
1147 1192 1183 1256 iu

56 1286 108 1348 isac
134 1286 370 1372 praeeminent,
406 1287 482 1370 quia
513 1285 552 1350 de
575 1287 656 1371 ipsis
685 1287 787 1372 mapis
809 1285 963 1370 confidere
987 1297 1112 1373 potest,
1148 1300 1184 1352 ut

57 1383 250 1446 unammiter
273 1405 373 1446 secum
396 1385 522 1467 nepotis
539 1383 728 1468 spiritualia
748 1394 960 1469 pertractent;
984 1396 1065 1450 esset
1079 1396 1183 1450 tamen

54 1481 107 1544 tec
125 1490 264 1566 propter
286 1479 474 1546 scaudoium
497 1480 731 1560 dimittendum,
767 1483 796 1546 si
819 1503 858 1544 ea
879 1483 935 1546 hcc
958 1481 1062 1568 aliqui
1083 1505 1181 1548 essem

48 1576 142 1662 plum
165 1587 330 1656 sumerent,
355 1580 451 1642 etiam
468 1589 601 1664 praeter
624 1579 811 1666 diprsitatem
834 1579 918 1644 iona
933 1579 1092 1644 Ecclesiae
1112 1603 1181 1646 con·

54 1677 237 1760 sanpuiucis
260 1675 471 1757 daudi1—-)
495 1678 564 1754 lta,
599 1678 647 1740 uit
670 1676 883 1758 Siondretus,
919 1702 944 1742 s.
969 1677 1107 1758 Doctor;
1142 1701 1182 1744 ecc

52 1797 110 1858 quo
135 1773 278 1888 callipis,
309 1773 391 1838 duos
415 1773 548 1861 abipso
571 1774 768 1840 conditiones
791 1777 928 1862 requiri,
959 1787 995 1840 ut
1015 1776 1181 1862 praeferre

52 1873 301 1958 consanpuiaeos
320 1872 423 1938 liceat.
462 1873 583 1953 Rima,
607 1883 642 1938 ut
658 1873 884 1960 cmssaupuinei
901 1895 997 1959 acque
1013 1876 1077 1938 siut
1092 1873 1183 1960 dipui

52 1993 88 2034 ac
112 1967 193 2048 alii,
224 1970 280 2034 leoc
307 1980 353 2034 est
383 1971 418 2034 iu
441 1970 709 2035 administrandis
732 1969 893 2036 Ecclesiae
922 1971 1056 2055 nepotiis
1085 1993 1182 2058 oeque

45 2067 160 2151 periti,
185 2087 281 2152 oeque
295 2069 426 2146 versati,
451 2090 547 2153 aeque
564 2067 678 2145 seduli,
704 2091 800 2154 acque
814 2067 984 2134 uirtutibus
999 2070 1181 2134 christianis

50 2175 78 2228 et
96 2163 245 2252 politicis
267 2167 389 2232 imbuti.
436 2165 593 2248 Somsudcs,
616 2177 651 2230 ιιι
670 2166 848 2252 periculum
870 2165 1019 2230 scandali
1042 2166 1179 2252 malique

49 2263 227 2350 exemplum
251 2263 373 2346 obsit')

139 2397 194 2462 31.
225 2395 331 2462 Erant
353 2419 449 2483 porro
473 2397 614 2462 saeculis
638 2397 704 2462 XV
729 2409 761 2462 et
782 2397 863 2462 XVI
888 2396 998 2482 piures
1021 2398 1240 2480 rationes,
1213 2451 1287 2490 mo„

47 2517 88 2557 ex
120 2493 246 2580 quibus
269 2494 473 2580 explicatur,
509 2495 674 2582 quomodo
705 2495 821 2580 majori
855 2492 1000 2580 quedem
1024 2493 1176 2580 emplitu

46 2590 125 2656 dine
154 2603 310 2677 nepotum
335 2593 433 2658 favor
462 2613 501 2658 ea
525 2603 632 2658 aetate
662 2593 857 2674 invaluerit3
889 2601 922 2656 et
944 2595 1099 2678 quemvis
1123 2615 1177 2658 ex·

46 2711 162 2754 cessus
193 2711 259 2754 non
283 2692 326 2754 sit
348 2689 553 2768 laudandus,
589 2713 641 2756 res
665 2692 736 2776 ipse
767 2701 878 2754 temen
903 2690 1088 2754 ostenditur
1117 2713 1175 2778 pro

46 2809 82 2852 eo
120 2798 271 2872 tempore
307 2807 505 2852 nonnosus
533 2789 588 2854 sed
615 2787 1031 2874 potiusproficuafuisse.
1080 2787 1176 2855 Certe

40 2886 111 2970 jam
140 2907 200 2971 per
223 2907 258 2950 se
282 2886 536 2972 supponendum
562 2887 712 2968 videtur,
737 2907 855 2972 graves
878 2886 1025 2951 adfuisse
1048 2909 1175 2972 censes,

44 3005 104 3046 cur
136 2983 237 3046 etiem
264 2981 441 3048 Pontifices
471 2987 605 3050 omnino
637 2986 729 3072 digni
774 2975 910 3069 nep'otes
945 2983 1071 3049 aliosve
1104 3007 1174 3070 pro-

43 3083 193 3167 pinquos
224 3080 267 3145 ud
301 3103 439 3146 munere
472 3084 592 3146 summi
618 3083 793 3164 momenti,
829 3079 973 3145 Ministri
1002 3083 1173 3168 principis,

42 3177 205 3263 praefecti
236 3178 329 3243 urbis
352 3179 494 3260 Romae,
530 3179 789 3266 gubernatorum
820 3181 1068 3265 provinciarum
1102 3203 1174 3266 pro-

42 3277 230 3358 moverint3
266 3275 300 3340 id
328 3276 490 3362 explicari
522 3279 638 3364 nequit
666 3281 763 3342 unice
795 3277 924 3364 vulgari
955 3276 1011 3341 ille
1034 3279 1172 3360 rationo,

41 3373 135 3459 quod
160 3373 321 3437 fumilium
346 3373 476 3438 elevare
500 3385 533 3439 et
556 3375 760 3461 amplificare
776 3374 951 3442 volueriut.
989 3375 1034 3440 Et
1056 3399 1173 3442 revera

40 3483 176 3556 praeter
199 3469 282 3535 illud
305 3471 461 3556 generals
484 3475 658 3552 motivum,
684 3473 772 3559 qnod
790 3475 823 3537 in
841 3474 1035 3560 propinquis
1059 3471 1173 3540 fideles

40 3591 122 3654 prus
157 3571 296 3633 caeteris
320 3571 488 3634 ministros
517 3571 722 3657 quaerebant
745 3573 779 3635 in
803 3571 965 3656 gubernio
990 3593 1065 3652 suo,
1102 3593 1171 3658 spe-

40 3667 139 3731 cialis
170 3665 235 3730 fuit
266 3667 368 3730 etism
401 3670 484 3732 ustio
524 3691 565 3733 ex
599 3669 728 3734 difficili
761 3680 947 3755 temporum
981 3669 1171 3734 conditione

38 3763 233 3851 repetenda.
281 3765 345 3829 Per
375 3768 665 3832 commorationem
696 3789 716 3832 a
746 3765 965 3831 Pontificibus
995 3767 1171 3832 Avenione

38 3863 166 3927 fuctum
198 3871 231 3926 et
253 3883 313 3948 per
335 3861 515 3948 lugendum
539 3863 734 3931 Occidentis
756 3864 901 3929 schisma
925 3875 1098 3946 evenerat,
1134 3876 1172 3929 ut

119 4130 143 4198 ¹)
161 4129 187 4186 S.
205 4129 298 4184 Thous
320 4131 346 4186 2.
366 4129 390 4182 2.
411 4145 436 4195 q.
456 4130 498 4188 63,
519 4144 544 4186 u.
563 4131 580 4182 3
599 4129 633 4183 ud
654 4132 678 4183 1;

113 4218 139 4288 ’)
160 4217 208 4288 Op.
227 4219 273 4274 cit
293 4217 319 4289 ξ.
338 4218 387 4273 VI.
406 4233 432 4272 u.
452 4218 470 4271 3
489 4217 523 4271 ud
542 4219 567 4278 2.

90 4345 237 4396 Jungmsnu,
254 4343 442 4386 ntusmucnes.
457 4345 522 4383 Tum.
540 4343 579 4384 Vt,
