3000 4838
298 441 333 494 62
495 439 601 496 XXIII.
616 439 657 494 De
674 445 751 496 statu
770 441 871 496 Eccles.
890 440 974 509 priori
992 440 1080 496 modio
1097 455 1165 495 saec.
1185 439 1248 496 XIL

298 582 491 648 Cardinales
514 605 655 669 quoque,
689 587 746 672 qui
770 586 965 650 Innocentio
990 583 1025 648 11
1047 583 1279 664 adhaeserunt,
1314 582 1430 667 digni-

296 689 364 746 tate
387 691 420 745 et
443 682 566 767 pietate
590 683 815 765 praestabant,
840 692 873 747 et
887 705 908 746 a
925 680 1094 746 Cardinali
1113 680 1258 750 Ostiensi
1282 683 1354 767 ipse
1381 703 1429 746 ex

298 801 388 844 more
414 790 623 847 consecratus
647 780 720 845 fuit.

390 878 441 942 76.
469 877 569 942 Initio
589 877 706 942 Petrus
721 877 843 942 Leonis
870 877 995 940 Romae
1019 874 1217 962 praevaluit.
1263 875 1306 940 vi
1332 876 1429 939 enim

240 1037 246 1049 ,
298 977 526 1061 pecuniarum,
550 996 633 1060 quas
657 977 778 1060 partim
795 996 837 1039 ex
852 972 999 1040 familiae
1022 975 1231 1060 propriisque
1246 973 1428 1056 thesauris,

297 1075 418 1158 partim
444 1093 486 1136 ex
510 1072 724 1136 ecclesiarum
749 1071 862 1158 spoliis
889 1073 1062 1156 congessit,
1093 1068 1225 1156 plebem
1250 1070 1352 1136 Urbis
1378 1073 1430 1135 ita

297 1173 454 1256 corrupit,
488 1179 681 1258 tantamque
705 1180 907 1234 armatorum
939 1167 1188 1234 multitudinem
1218 1167 1281 1232 sibi
1304 1168 1429 1254 adjun-

297 1271 356 1352 xit,
381 1277 418 1331 ut
441 1269 655 1332 innocentius
679 1268 714 1333 ΙΙ
737 1268 883 1334 factiosis
906 1270 1058 1332 resistere
1081 1288 1148 1332 non
1171 1265 1296 1344 valens,
1330 1268 1430 1330 vices

298 1389 373 1430 suas
397 1368 599 1432 commiserit
623 1363 776 1430 Conrado
801 1367 955 1451 episcopo
981 1362 1157 1430 Sabinensi
1186 1365 1430 1450 secesseritque

298 1466 332 1528 in
351 1462 509 1529 Gelliam.
556 1464 674 1528 Petrus
697 1463 829 1548 Leonis,
856 1463 942 1528 datis
966 1463 1009 1526 ad
1034 1461 1230 1526 christianos
1254 1463 1430 1547 principes

297 1559 423 1642 litteris,
455 1581 511 1626 eos
541 1561 605 1626 sibi
638 1560 815 1627 conciliare
849 1570 986 1626 conatus
1015 1568 1078 1641 est,
1110 1582 1149 1624 ac
1177 1558 1327 1645 partibus
1352 1561 1430 1645 ejus

298 1660 502 1744 pertinacius
539 1658 764 1723 adhaeserunt
790 1658 905 1724 David
941 1679 1002 1722 rex
1034 1657 1165 1724 Scotiac
1198 1666 1231 1722 et
1262 1657 1431 1742 Rogerius

299 1757 369 1821 dux
391 1756 535 1844 Apuliae
566 1767 599 1821 et
621 1756 756 1824 Siciliae
791 1755 833 1820 ab
867 1758 1026 1842 antipapa
1056 1757 1142 1839 regis
1172 1753 1266 1820 titulo
1294 1765 1429 1822 auctus.

299 1851 429 1919 Castori
460 1865 571 1920 autem
603 1856 774 1939 principes
797 1853 958 1939 paulatim
995 1837 1108 1916 omnes
1131 1853 1365 1917 Innocentium
1392 1853 1431 1918 Π

298 1961 336 2016 ut
356 1949 544 2036 legitimum
568 1951 765 2016 Pontificem
789 1959 1007 2037 agnoverunt
1039 1951 1236 2015 Praesertim
1262 1951 1295 2014 in
1311 1948 1432 2016 Gallia

299 2071 420 2133 magno
446 2072 521 2113 cum
546 2049 654 2115 studio
679 2071 738 2112 rex
754 2048 948 2114 Ludovicus
964 2049 1012 2113 VI
1036 2058 1069 2112 ot
1092 2048 1258 2134 praesules
1281 2070 1432 2114 examen

298 2149 526 2230 instituerunt,
567 2149 641 2232 quis
676 2146 844 2230 legitimus
868 2146 1024 2210 Pontifex
1054 2155 1152 2228 esset,
1190 2165 1360 2233 quumque
1387 2169 1430 2210 eo

299 2254 447 2331 tempore
478 2268 503 2309 s.
527 2244 717 2310 Bernartius
743 2245 815 2330 jam
846 2245 1042 2308 auctoritate
1070 2252 1103 2307 et
1132 2245 1307 2308 sanctitate
1331 2266 1431 2328 prae-

300 2345 468 2426 emineret,
493 2343 564 2428 ejus
589 2344 734 2407 maxime
752 2342 881 2428 judicio
906 2341 994 2408 istud
1019 2343 1188 2426 negotium
1211 2363 1312 2428 grave
1338 2363 1432 2408 com-

300 2442 435 2505 missum
460 2441 532 2506 fuit.

391 2541 443 2603 77.
486 2539 522 2605 S.
547 2538 746 2620 Bernardus,
770 2561 806 2601 re
830 2549 958 2602 mature
982 2560 1154 2625 perpensa,
1179 2537 1269 2601 haud
1294 2537 1432 2602 dubita-

300 2637 350 2699 vit
372 2635 605 2701 Innocentium
621 2637 655 2700 II
679 2635 802 2700 habere
827 2646 863 2700 ut
883 2635 1080 2700 Pontificem
1102 2633 1298 2722 legitimum,
1323 2644 1431 2721 atque

300 2733 347 2797 ita
361 2733 486 2798 factum
510 2743 568 2816 est,
594 2743 631 2798 ut
648 2734 719 2820 jam
736 2755 838 2799 verno
855 2744 1002 2820 tempore
1025 2735 1105 2797 anni
1125 2732 1211 2798 1130
1235 2734 1269 2796 in
1294 2735 1429 2817 synodo

300 2831 487 2917 Stampeusi
513 2831 712 2918 (Etampes),
746 2831 823 2896 dein
847 2853 925 2898 vero
957 2831 1228 2918 postadveutum
1252 2831 1432 2899 Pontificis

301 2930 336 2993 in
360 2929 485 3014 synodo
511 2929 785 3012 Claromontana,
819 2952 931 2994 mense
954 2929 1136 2994 Novembri
1164 2928 1314 3015 ejusdem
1342 2934 1430 2996 anni

301 3025 427 3110 habita,
464 3027 680 3092 Innocentius
710 3029 744 3093 ΙΙ
778 3051 799 3091 a
829 3050 906 3112 rege
929 3027 1103 3092 Ludovico
1128 3027 1178 3092 VI
1211 3038 1243 3091 et
1270 3027 1429 3113 plurimis

300 3127 474 3212 episcopis,
498 3136 536 3190 ut
558 3127 724 3212 legitimus
747 3125 902 3190 Pontifex
926 3125 1087 3189 salutatus
1111 3127 1162 3192 sit.
1209 3125 1280 3189 Nec
1296 3124 1430 3191 destitit

301 3245 327 3288 s.
351 3223 541 3288 Bernartius
571 3225 703 3310 scriptis
736 3223 883 3309 epistolis
919 3222 963 3288 ad
995 3225 1162 3309 principes
1195 3232 1227 3287 et
1256 3224 1430 3308 praesules

301 3342 429 3385 summo
454 3321 562 3386 studio
592 3321 796 3401 adlaborare,
835 3331 872 3385 ut
902 3320 1047 3386 schisma
1077 3322 1352 3405 exstingueretur,
1394 3334 1430 3388 et

300 3439 414 3482 omnes
438 3421 632 3485 Innocentio
656 3419 690 3483 Il
723 3441 794 3485 sese
818 3418 1059 3485 submitterent.
1105 3419 1160 3482 Ex
1187 3417 1252 3482 illis
1275 3419 1429 3504 epistolis

301 3515 501 3601 colliguntur
532 3520 666 3600 motiva,
703 3525 836 3604 propter
860 3538 944 3602 quae
969 3518 1021 3580 vir
1043 3515 1098 3580 ille
1129 3527 1263 3580 sanctus
1286 3537 1326 3580 ac
1351 3539 1428 3582 coe-

300 3612 374 3678 lesti
407 3618 571 3702 sapientia
593 3616 763 3701 praeditus
787 3615 982 3699 suffragium
1007 3635 1104 3678 suum
1128 3615 1322 3678 Innocentio
1348 3637 1428 3682 con-

301 3711 428 3795 tulerit3
453 3714 557 3778 fusius
581 3715 774 3800 praesertim
799 3735 838 3776 ea
862 3711 903 3776 de
927 3734 962 3776 re
986 3714 1056 3797 agit
1078 3713 1114 3775 in
1129 3711 1256 3794 litteris,
1281 3734 1365 3798 quas
1380 3716 1427 3780 ad

301 3812 473 3897 episcopos
503 3811 704 3899 Aquitaniae
742 3810 863 3874 direxit
903 3819 1017 3873 contra
1051 3807 1239 3874 Gerardum
1272 3809 1428 3894 Eugolis·

302 3929 459 3974 mensem.
503 3909 613 3976 Senex
637 3911 725 3973 enim
750 3909 810 3972 isto
833 3906 1013 3993 aliquando
1038 3909 1072 3972 in
1089 3907 1274 3973 Ecclesiam
1298 3912 1426 3994 optIme

302 4007 448 4088 meritus,
479 4007 660 4072 ambitione
691 4006 847 4092 abreptus
871 4015 981 4090 partes
1005 4008 1189 4092 arripuerat
1211 4005 1366 4071 Analecti
1390 4008 1427 4073 11

301 4106 490 4190 antipapae,
515 4127 617 4191 quum
641 4104 856 4169 Innocentius
879 4102 914 4168 11
937 4106 1100 4182 renuisset
1123 4106 1152 4168 ei
1175 4103 1277 4188 legati
1301 4127 1426 4170 munus

302 4203 338 4266 in
362 4199 472 4267 Gallia
496 4203 687 4267 concedere.
