2850 4834
287 455 338 510 130
503 454 603 511 XXXI.
624 455 663 508 De
682 454 828 508 abolitione
847 453 956 508 Ordinis
975 454 1198 522 Templariorum.

288 621 419 663 crucem
454 599 616 684 ligneam,
653 599 686 662 in
719 619 786 682 qua
821 595 912 661 nulla
947 611 1018 661 erat
1050 599 1181 684 pictura
1206 621 1268 664 nec
1291 602 1397 686 imago,

287 699 484 762 existentem
515 699 549 759 in
583 696 727 782 quadam
760 695 903 760 fenestra
936 695 1045 759 dictae
1081 697 1237 781 capellae,
1276 709 1308 763 et
1339 702 1401 785 ipse

286 797 378 878 testis
401 794 508 860 noluit
533 817 650 879 spuere
674 816 773 879 super
797 793 853 857 sed
873 794 983 880 juxta.
1017 791 1100 858 Cum
1118 805 1229 859 autem
1255 798 1401 861 exivisset

287 893 409 958 dictam
435 892 595 978 capellam
620 891 708 956 idem
733 893 835 972 testie,
868 893 962 976 petiit
985 915 1005 956 a
1030 893 1130 956 fratre
1155 893 1349 978 Raynando,
1379 899 1400 958 si

285 983 475 1078 praedictae
507 990 684 1075 abnegatio
715 1004 748 1053 et
779 991 900 1075 spuitio
935 989 1104 1056 debebant
1131 991 1202 1055 fieri
1227 993 1401 1058 secundum

285 1090 478 1174 religionem
503 1110 626 1170 eorum,
660 1101 692 1152 et
722 1087 831 1152 dictus
854 1087 1061 1173 Raylnuudus
1085 1088 1181 1171 dixit,
1214 1091 1305 1177 quod
1336 1115 1404 1160 non.

227 1185 231 1190 ’
286 1187 343 1252 sed
368 1187 455 1272 quod
480 1197 630 1272 receptor
654 1186 784 1250 dixerat
807 1184 915 1250 eidem
940 1209 999 1272 pro
1024 1188 1139 1262 truffa;
1164 1198 1197 1251 et
1220 1191 1248 1252 si
1275 1189 1403 1253 dixisset

137 1994 183 2033 Alii
198 1995 263 2034 'fem-

161 2049 235 2098 ¹⁸¹“ss'
288 2073 314 2136 si
339 2071 509 2135 confessus
532 2070 639 2134 fuerat
663 2069 703 2134 de
728 2069 948 2154 abnegatione
964 2080 997 2133 et
1012 2072 1179 2156 spuitione
1204 2075 1307 2157 (quas
1332 2095 1406 2136 conr·

286 2171 430 2250 miserat)
453 2168 634 2254 respondit,
660 2167 747 2253 quod
772 2189 849 2246 non,
885 2169 964 2253 quia
988 2189 1052 2232 non
1076 2167 1222 2232 faciebat
1246 2170 1316 2234 sibi
1342 2193 1406 2232 oon·

281 2269 455 2332 seientiam
479 2288 537 2352 pro
561 2286 610 2348 eo,
634 2267 713 2352 quia
736 2287 791 2330 ore
815 2287 880 2330 non
905 2265 1004 2330 corde
1032 2265 1400 2352 ieceratpraedicto‘.²¹

286 2365 403 2429 Frater
432 2363 604 2430 lohannes
634 2363 676 2428 da
707 2363 851 2430 adusto
884 2365 1043 2444 serviens,
1080 2375 1154 2450 post
1182 2369 1416 2452 receptionem*

286 1286 326 1366 ei,
360 1283 448 1370 qnod
473 1283 656 1348 secundum
687 1283 880 1368 religionem
912 1305 1025 1348 eorum
1050 1283 1218 1350 debebant
1240 1287 1403 1372 praedicta

286 1383 367 1462 fieri,
400 1381 546 1447 habebat
578 1385 649 1467 ipse
676 1383 768 1446 testis
799 1392 880 1446 tunc
903 1383 1111 1467 propositum
1135 1395 1172 1445 ut
1195 1383 1286 1448 dixit
1309 1383 1351 1448 ab
1372 1407 1404 1448 eo

285 1481 462 1546 recedendi
488 1493 520 1545 et
537 1482 648 1544 stetim
662 1478 814 1545 habitum
831 1479 1033 1566 abjiciendi3
1059 1480 1278 1546 nibilominus
1304 1495 1405 1547 tamen

286 1581 381 1666 petiit
404 1603 423 1644 a
447 1579 546 1642 fratrc
570 1579 751 1643 Laurentio
776 1577 892 1642 eadem
908 1577 963 1642 die
980 1599 1019 1644 ec
1037 1588 1142 1660 nocte,
1168 1581 1223 1664 qui
1240 1581 1406 1666 respondit

286 1679 326 1761 ei,
360 1678 448 1764 quod
473 1677 656 1742 truffatorie
680 1688 774 1741 erant
797 1675 860 1742 sibi
886 1676 985 1758 dictet,
1010 1689 1043 1740 et
1066 1677 1155 1763 quod
1179 1699 1244 1743 non
1274 1696 1405 1747 curaret.

286 1778 365 1862 quia
389 1776 497 1840 dictus
521 1787 670 1861 receptor
692 1785 763 1840 erat
786 1774 921 1861 quidam
946 1777 1106 1856 truffator‚
1140 1779 1197 1861 qui
1227 1779 1279 1842 sic
1304 1783 1404 1844 trulla·

286 1875 385 1939 batur
408 1874 449 1938 de
472 1873 659 1958 gentibus.“
673 1874 695 1954 1)

375 1973 429 2040 46.
455 1973 571 2037 Frater
583 1972 730 2037 Thomas
753 1972 794 2036 de
806 1971 973 2036 Jamvalle
998 1971 1181 2058 presbyter,
1207 1977 1406 2060 „requisitus

286 2484 389 2544 snam,
415 2465 471 2544 „in
492 2465 673 2526 crastinum
689 2461 770 2526 hora
787 2461 984 2542 matutinali,
1009 2460 1136 2526 iaciens
1151 2465 1336 2528 transitum
1360 2487 1411 2548 por

286 2559 398 2624 villam
432 2559 473 2624 de
496 2559 730 2640 Abbatisvilla‚
759 2560 928 2624 confessus
961 2560 1024 2623 fuit
1053 2559 1094 2624 de
1119 2560 1218 2624 dictis
1242 2561 1409 2627 erroribus

286 2658 419 2723 cuidam
444 2658 536 2722 fratri
562 2659 682 2722 Minori
708 2657 787 2722 dicti
812 2657 886 2739 loci,
912 2659 968 2742 qui
993 2657 1056 2721 fuit
1080 2657 1178 2722 valde
1201 2663 1415 2747 stupefactus

287 2755 327 2821 de
352 2755 550 2841 praedictis“
576 2755 644 2842 (ille
668 2765 783 2841 stupor
805 2765 915 2819 tamen
940 2777 1006 2818 non
1040 2777 1171 2841 semper
1201 2757 1415 2823 advertitur¹.'

286 2864 341 2938 „et
356 2853 500 2918 absolvit
523 2875 610 2933 eum,
635 2855 788 2938 imposita
813 2855 841 2917 ei
867 2854 1082 2938 poenitentia,
1107 2854 1195 2940 quod
1224 2867 1279 2920 ter
1303 2861 1337 2921 in
1361 2857 1408 2920 ali·

285 2974 350 3038 quo
375 2951 445 3017 loco
470 2965 594 3016 secreto
616 2949 807 3014 verberaret
829 2972 863 3013 se
887 2951 1015 3013 fortiter
1038 2972 1114 3014 oum
1139 2954 1246 3036 virgis
1273 2954 1409 3020 diceudo

285 3050 467 3137 psalmum:
491 3049 648 3115 Miserere
672 3051 736 3113 mei
763 3049 863 3128 Deus,
888 3061 921 3111 et
944 3048 1033 3135 quod
1056 3071 1230 3137 nunquam
1269 3069 1356 3118 esset
1379 3057 1406 3116 in

286 3148 356 3214 loco
382 3150 415 3212 in
440 3169 504 3234 quo
537 3147 616 3212 talia
648 3156 909 3231 perpetrassent:
949 3157 982 3210 et
1015 3146 1138 3212 dictam
1172 3153 1414 3234 poenitentiam

286 3249 354 3331 egit
377 3269 450 3310 cum
476 3247 617 3330 corrigia
641 3266 710 3323 sua,
744 3265 808 3308 non
833 3256 943 3308 tamen
969 3266 1045 3308 cum
1070 3247 1239 3330 vi1·gis.“³)
1301 3251 1411 3314 Frater

286 3344 389 3408 Fulco
414 3344 454 3408 de
479 3343 630 3408 Nulliaco
661 3344 809 3406 serviens
842 3342 949 3422 ,infra
982 3355 1055 3407 octo
1081 3344 1152 3408 dies
1175 3367 1195 3407 a
1219 3356 1409 3434 receptione

286 3465 345 3506 sua
365 3442 428 3506 fuit
443 3441 612 3506 confessus
629 3439 669 3504 de
687 3440 865 3525 praedictis
881 3439 1048 3504 erroribus
1063 3442 1096 3505 in
1114 3441 1260 3507 ecclesia
1278 3445 1407 3509 fratrum

285 3539 555 3606 Praedicatorum
574 3539 614 3602 de
628 3537 772 3602 Belvaoo
797 3537 931 3602 cuidem
953 3537 1046 3602 fratri
1064 3539 1298 3606 Praedicatori
1325 3545 1409 3628 cujus

285 3659 405 3704 nomen
430 3647 462 3700 et
486 3659 667 3721 cognomen
693 3638 831 3721 ignorat,
860 3639 916 3722 qui
942 3636 1005 3700 fuit
1028 3636 1168 3704 multum
1204 3643 1409 3725 stupefactus

286 3736 326 3800 de
344 3734 522 3820 praedictis
537 3751 569 3800 et
584 3735 797 3820 reprehendit
820 3757 894 3799 eum
920 3737 1000 3821 quia
1023 3735 1148 3800 fecerat
1171 3739 1360 3822 praedicta,
1383 3755 1407 3800 et

286 3834 363 3918 ipse
381 3835 473 3897 testis
496 3834 676 3918 respondit,
701 3833 790 3920 quod
814 3835 893 3919 quia
909 3844 1063 3919 receptus
1079 3845 1149 3899 erat
1172 3847 1358 3924 antequam
1383 3839 1412 3898 ei

286 3997 354 4004 ..n-—
392 3999 498 4004 .-----.

360 4083 378 4146 ¹)
397 4083 494 4136 Proces
513 4089 564 4137 eto.
596 4082 618 4138 1.
633 4097 659 4150 p.
678 4083 740 4136 509.
779 4081 833 4136 Cir.
853 4079 875 4135 1.
894 4097 919 4150 p.
939 4081 992 4136 535
1012 4089 1041 4136 et
1059 4081 1094 4136 11.
1115 4097 1141 4151 p.
1162 4084 1225 4138 109.

358 4161 462 4232 ⁹)1bid
490 4162 512 4218 Ι.
531 4179 557 4231 p.
575 4163 637 4218 446.

360 4243 468 4312 ⁵¹)1bid.
487 4243 509 4297 1.
529 4257 554 4310 p.
573 4243 634 4298 470.
