2878 4848
307 451 358 504 156
539 451 623 505 XXV.
643 451 683 505 De
702 467 783 504 causa
801 467 821 505 s.
841 451 958 506 Thomas
978 437 1193 508 Cantuaricnsis.

306 616 396 658 ceres
420 604 452 658 et
475 595 624 659 subditos
654 595 892 658 territoriorum
925 615 1072 674 suorum,
1107 597 1153 658 ita
1177 604 1209 658 et
1232 597 1266 657 in
1291 593 1423 664 clerum.

306 693 340 755 iu
365 692 531 777 praesules
547 691 895 778 eorumqueecclesias
918 701 1018 778 atque
1042 693 1076 755 in
1101 714 1152 756 res
1176 691 1424 764 ecclesiasticas,

306 789 565 854 dominationem
589 813 683 854 suam
707 791 774 854 fere
798 789 983 854 absolutam
1007 801 1208 872 exercerent,
1240 799 1272 854 et
1295 811 1354 854 suo
1379 813 1423 852 ar·

305 886 414 970 bitrio,
439 890 487 951 uti
511 889 659 973 profana,
685 891 730 952 ita
753 897 786 952 et
809 911 903 953 sacra
927 887 1101 973 disponere
1126 888 1257 953 vellent.
1282 889 1323 951 In
1348 888 1425 954 Sici·

305 985 349 1050 lia
373 987 482 1068 igitur,
508 989 542 1050 in
566 988 750 1072 provinciis
773 984 912 1066 Galliae,
938 984 1059 1073 quibus
1084 986 1354 1059 dominabantur,
1384 997 1424 1050 at-

306 1105 369 1169 que
393 1086 427 1147 in
454 1083 576 1168 Anglia
605 1084 721 1148 eadem
746 1085 813 1148 fere
837 1087 964 1149 ratione
988 1084 1074 1148 ultra
1102 1084 1238 1176 modum
1270 1083 1425 1147 ecclesias

305 1181 368 1246 sibi
407 1182 570 1268 subjicere
612 1182 819 1248 studuerunt.
871 1183 910 1246 ln
950 1181 1072 1267 Anglia
1117 1203 1219 1268 quum
1261 1182 1426 1268 praesules

304 1281 421 1344 timore
445 1280 680 1361 detinerentur,
706 1279 759 1344 vel
783 1280 938 1366 prudenti
968 1281 1111 1366 quadarn
1136 1283 1332 1345 oeconomia
1352 1281 1425 1344 tolc-

304 1378 445 1442 randum
471 1388 652 1458 censerent,
678 1378 767 1464 quod
791 1377 853 1442 sibi
880 1377 1081 1442 videbantur
1111 1401 1177 1443 non
1208 1400 1304 1463 posse
1329 1381 1425 1464 impe·

305 1475 389 1556 dire,
423 1475 584 1560 paulatIm
614 1498 652 1539 eo
684 1476 908 1560 devenerunt,
941 1486 979 1541 ut
1007 1499 1059 1540 ras
1089 1477 1331 1541 ecclesiasticas
1363 1477 1425 1540 fere

304 1593 418 1636 omnes
442 1575 642 1659 arriperent,
676 1585 708 1637 et
732 1577 767 1638 in
797 1576 989 1638 servitutem
1013 1573 1198 1638 Ecclesiam
1229 1574 1426 1658 redigerent.

304 1669 470 1735 Henricus
493 1671 527 1735 ll
552 1671 694 1755 Angliae
724 1695 784 1735 rex
808 1671 942 1735 demum
971 1675 1148 1736 attentavit
1178 1673 1312 1757 adigere
1338 1695 1426 1758 prac-

303 1768 401 1850 sules,
425 1779 461 1832 nt
484 1769 607 1833 abusus
631 1769 795 1855 ejusmodi
828 1769 889 1834 sub
914 1771 1047 1834 nomine
1079 1772 1237 1834 unitorum
1268 1781 1425 1834 corisuetn-

304 1867 409 1931 dinem
430 1869 683 1952 comprobarent
706 1879 739 1932 et
761 1871 956 1954 reciperent,
982 1891 1046 1954 quo
1064 1869 1210 1933 conditio
1235 1867 1291 1932 illa
1307 1871 1425 1932 misera

305 1975 336 2028 et
359 1965 499 2050 indigna
522 1966 682 2029 ecclesiae
701 1969 789 2056 juris
816 1969 971 2052 perennis
995 1969 1165 2031 sanctione
1185 1967 1426 2030 obfirmaretur.

304 2062 399 2127 Tunc
433 2085 508 2128 vero
539 2064 704 2149 intrepide
734 2066 764 2128 ei
796 2067 915 2129 restitit
946 2064 1091 2130 Thomas
1116 2065 1251 2146 Becket,
1285 2063 1426 2128 Cantus-

304 2164 422 2226 riensis
445 2162 714 2248 archiepiscopus
742 2173 774 2227 et
798 2163 941 2246 Angliae
964 2165 1098 2249 primas.
1154 2163 1304 2226 Plurinm
1329 2185 1426 2226 anno·

302 2283 377 2324 rum
410 2260 490 2324 duro
523 2263 702 2325 certamine
734 2265 761 2325 is
794 2261 963 2326 Ecclesiae
988 2261 1066 2347 jura
1099 2261 1257 2342 defendit,
1288 2261 1424 2324 exilium

303 2357 488 2444 multasque
513 2381 688 2424 aerumnas
712 2361 877 2440 sustinuit,
902 2383 942 2423 ac
959 2359 1093 2422 demum
1108 2360 1269 2441 martyrio
1286 2357 1425 2442 glorioso

304 2478 422 2541 pacem
447 2467 479 2520 et
502 2456 689 2521 libertatem
713 2457 871 2522 ecclcsiae
896 2457 1037 2542 Angliae
1062 2459 1250 2542 acquisivit.
1275 2495 1317 2504 —
1345 2457 1426 2539 Ago·

305 2577 378 2619 mus
402 2555 504 2638 igitur
527 2557 670 2639 primum
702 2557 740 2619 de
764 2557 994 2619 controuersiae
1024 2558 1129 2619 caesis
1161 2560 1286 2644 ejusque
1316 2557 1427 2618 initio:

303 2652 380 2717 dein
397 2653 435 2715 de
459 2655 694 2717 continuatione
719 2655 820 2717 lectae
837 2678 874 2717 uc
889 2678 912 2719 s.
932 2655 1066 2717 Itomae
1091 2652 1207 2731 emittm
1231 2652 1369 2716 demum
1393 2653 1425 2714 de

303 2777 327 2818 a.
357 2755 493 2816 Thomna
517 2753 680 2840 martyria.

392 2851 423 2914 3.
448 2851 668 2928 Documenta,
700 2871 785 2933 quae
809 2849 913 2912 vitam
945 2871 984 2912 ac
1008 2851 1203 2932 martyrium
1229 2871 1254 2912 s.
1279 2847 1426 2912 Thomas

303 2946 554 3012 Cantuariensis
579 2956 740 3033 spectant,
773 2948 919 3010 maxima
947 2955 1041 3031 parte
1065 2945 1231 3010 habentur
1254 2947 1289 3008 in
1314 2946 1426 3010 collec-

301 3047 392 3109 tione
429 3047 589 3132 inscripta
622 3047 733 3110 Patres
764 3046 910 3110 ecclesiae
942 3045 1146 3132 anplicoone,
1185 3067 1284 3130 quarn
1324 3045 1427 3109 edidit

303 3145 335 3209 J.
361 3144 402 3208 A.
427 3142 529 3208 Giles.
577 3143 645 3208 Sub
670 3143 765 3208 titulo
799 3146 936 3208 Thomas
964 3143 1207 3210 Caistenrienais
1239 3153 1312 3208 octo
1340 3143 1425 3207 voln-

303 3245 393 3308 mina
418 3243 620 3327 prodierunt.
668 3243 773 3307 Tomo
797 3243 811 3308 1
838 3254 870 3307 et
892 3243 926 3307 II
960 3243 1171 3306 continentur
1204 3243 1317 3304 variae
1347 3245 1426 3304 ritae

302 3365 339 3405 oc
362 3338 534 3404 relationes
557 3343 705 3426 martyrii
728 3363 752 3406 s.
766 3340 924 3420 Thomas,
949 3341 1019 3427 jam
1046 3363 1065 3403 u
1090 3342 1221 3403 coaevis
1246 3341 1423 3405 confectae.

302 3438 354 3502 vel
380 3461 421 3502 ex
441 3460 639 3502 coaevorum
665 3441 795 3523 scriptis
810 3439 1024 3524 subsequenti
1043 3447 1195 3522 tempore
1206 3439 1425 3522 compositam

301 3547 389 3601 tomo
405 3538 455 3601 Ill
472 3548 505 3600 et
519 3537 566 3600 lV
593 3536 758 3601 habentur
772 3537 926 3622 epistolae
943 3559 967 3600 s.
983 3535 1143 3606 Thomae,
1162 3534 1347 3598 Alexandri
1368 3534 1424 3599 Ill.

301 3636 437 3699 Rotrodi
471 3634 713 3720 archiepiscopi
745 3633 1030 3718 Rotbomagensis,
1056 3632 1233 3696 Wilhelmi
1264 3632 1431 3718 archiepi,

301 3736 390 3818 scopi
416 3732 616 3798 Senonensis
641 3743 720 3814 etc,
745 3743 833 3796 tomo
860 3732 888 3794 V
914 3743 947 3794 et
970 3731 1018 3794 VI
1051 3731 1243 3815 prodierunt
1274 3723 1431 3816 epistolae

302 3831 444 3898 Gilberti
469 3831 578 3896 Foliot
609 3833 756 3942 episcopi
781 3830 1014 3909 Londinensis,
1046 3827 1233 3892 Theobaldi
1266 3827 1424 3912 archiepi-

302 3953 393 4016 scopi
385 3931 494 3994 Cant
481 3931 666 4008 tuariensis,
692 3929 825 4012 Rogerii
842 3927 1084 4012 archiepiscopi
1102 3927 1323 3990 Eboracensis
1349 3939 1430 3996 etc:

301 4040 388 4093 tomo
421 4027 555 4092 demum
581 4026 647 4090 Vll
679 4037 711 4089 et
734 4025 818 4089 VIII
851 4024 1016 4089 habentur
1047 4028 1167 4111 scripto
1190 4025 1355 4088 Heriherti
1385 3987 1430 4086 del

299 4127 475 4206 Boseham,
501 4124 629 4189 scilicet
655 4125 772 4187 vitas.
797 4123 957 4206 Thomas,
989 4123 1074 4188 liber
1104 4122 1264 4187 melorum
1299 4133 1331 4186 et
1361 4123 1423 4234 epi·

300 4224 411 4290 stolae.
463 4223 574 4286 Etiam
601 4245 686 4308 quae
711 4223 744 4285 in
770 4221 886 4285 eadem
905 4212 1106 4286 Collectiono
1130 4219 1240 4284 editae
1264 4232 1340 4284 sunt
1364 4219 1425 4304 epi·
