2858 4834
107 1217 248 1265 Resistentia

124 1287 231 1327 Thomas.

265 421 319 518 t68
500 423 585 478 XXV.
605 424 645 476 De
663 439 746 479 causa
764 440 785 476 s.
804 422 921 476 'shoniae
940 419 1153 474 Cantnarienais.

266 566 457 652 episcopalis
480 568 565 630 circo
589 590 640 632 eos
663 566 845 631 sollicitudo
868 567 910 628 ait
931 563 1095 650 languido,
1121 573 1151 625 et
1166 557 1329 624 soeculari
1343 580 1394 620 eos

258 665 482 752 jurisdictioni
512 666 597 729 socri
620 667 739 728 animat
763 660 885 727 ordinis
906 661 1175 748 praerogativa.¹)
1213 656 1396 721 Insistebet

268 782 328 824 rex
353 763 384 825 in
410 773 577 826 conventu
601 765 661 826 isto
688 763 879 847 praesertim
905 763 1010 840 ineo,
1044 757 1132 843 quod
1157 777 1264 842 poena
1289 752 1395 818 eccle·

269 861 411 941 siastioa,
444 883 472 925 e.
496 882 524 945 g
559 862 739 947 suspensio,
774 883 793 924 a
824 859 988 945 perversis
1021 855 1150 920 clericis
1183 863 1395 938 sperneretur

269 979 309 1020 ac
332 959 431 1022 nimis
456 961 544 1023 mitis
568 968 662 1042 esset,
687 957 842 1044 quodque
862 957 939 1042 jura
963 953 1133 1020 Ecclesiae
1158 951 1249 1016 salva
1273 959 1394 1030 essent,

272 1055 297 1118 si
323 1054 434 1120 clerici
458 1067 531 1142 post
555 1057 824 1142 degradationem
840 1054 976 1120 brachio
994 1051 1154 1118 saeculari
1173 1049 1395 1115 traderentur.

364 1192 415 1258 16.
462 1194 562 1258 Petiit
584 1193 729 1257 Thomas
753 1212 860 1255 moras
891 1211 949 1276 pro
986 1187 1095 1252 dando
1130 1203 1298 1268 responso,
1340 1178 1396 1244 sed

270 1314 373 1381 quum
406 1315 465 1356 rex
490 1294 586 1356 eain
611 1294 755 1357 sessione
786 1312 855 1354 rem
885 1287 984 1352 vellet
1014 1287 1227 1369 diremptam,
1260 1280 1398 1344 secessit

270 1413 346 1456 cum
370 1392 543 1476 episcopis,
569 1400 605 1454 ut
629 1389 859 1454 deliberarent.
892 1389 1001 1472 Atque
1025 1384 1183 1469 episcopi,
1208 1377 1397 1444 rationibus

269 1491 426 1576 speciosis
456 1489 582 1553 seducti
618 1511 679 1551 nec
710 1489 908 1571 gravitatem
943 1486 989 1548 rei
1020 1481 1271 1568 perspicientes,
1320 1476 1398 1539 satis

269 1589 364 1674 proni
390 1586 533 1668 fuerunt,
558 1597 595 1650 ut
618 1587 687 1670 regi
712 1584 876 1670 postulata
897 1581 1127 1660 concederent,
1153 1599 1190 1641 eo
1209 1575 1261 1639 vel
1276 1575 1396 1658 magis,
1422 1657 1423 1664 ἵ

269 1685 528 1771 quod·ignavia
556 1697 589 1749 et
620 1686 737 1748 timore
769 1693 968 1747 tenerentur.
1027 1677 1091 1745 Sed
1124 1675 1398 1759 archiepiscopus

261 1784 421 1868 apprime
445 1783 677 1869 perspiciebat,
714 1782 940 1867 quaestionem
971 1777 1203 1864 gravissimam
1236 1771 1277 1836 de
1316 1771 1396 1854 ipsis

271 1882 445 1967 principiis
478 1881 556 1945 huic
588 1881 722 1945 subesse
753 1882 899 1964 negotio,
938 1897 1128 1961 regemque,
1169 1891 1270 1958 quum
1300 1868 1423 1954 juris·¹

271 1979 451 2043 dictionem
476 1987 664 2064 exemptam
688 1977 766 2041 cleri
791 1975 921 2040 abolere
945 1971 1100 2053 studeret,
1126 1973 1268 2057 primum
1294 1963 1397 2028 veluti

271 2077 413 2162 gradum
437 2077 556 2158 facere,
581 2088 618 2140 ut
641 2076 944 2140 subordinationem
961 2071 1131 2137 Ecclesiae
1155 2067 1216 2132 sub
1234 2073 1398 2151 potestate

274 2175 364 2240 civili
390 2178 612 2241 constitueret.
659 2174 795 2238 Abusus
826 2172 982 2258 proiecte,
1017 2173 1072 2256 qui
1109 2165 1358 2254 objiciebantur
1380 2167 1423 2221 a'

273 2297 360 2358 rege,
394 2295 460 2338 non
492 2284 586 2337 erant
616 2272 706 2352 tales,
740 2271 782 2335 ob
806 2292 888 2356 quos
912 2268 1036 2333 clerum
1065 2265 1237 2352 privilegio
1261 2261 1328 2325 fori
1354 2279 1396 2322 re-

274 2375 427 2439 nuntiare
450 2393 593 2458 aequum
617 2380 711 2435 esset.
759 2371 860 2454 Rigor
891 2372 925 2434 in
955 2369 1128 2454 punitione
1159 2366 1267 2426 minor
1291 2357 1397 2443 digni·

274 2475 334 2536 tati
359 2482 462 2536 status
487 2470 647 2534 clericalis
671 2469 900 2549 conveniebat,
935 2470 961 2530 si
987 2487 1064 2529 vero
1089 2458 1267 2549 aliquando
1293 2458 1398 2520 nimia

276 2569 483 2652 indulgentia
507 2568 656 2632 adhibita
673 2568 789 2643 fuerat,
815 2567 848 2630 id
864 2564 960 2628 facile
977 2564 1096 2646 corrigi
1113 2567 1250 2646 poterat.
1280 2553 1398 2619 Archi·
1422 2611 1423 2630 ,

275 2669 450 2754 episcopus
474 2669 575 2750 igitur
598 2665 813 2750 exprobravit
835 2663 970 2749 reliquis
987 2658 1194 2746 praesulibus
1216 2655 1398 2739 ignaviam,

277 2787 396 2851 eosque
421 2767 558 2848 monuit,
590 2776 626 2830 ut
650 2775 838 2829 constanter
861 2763 1044 2827 libertatem
1071 2757 1240 2824 Ecclesiae
1270 2763 1423 2825 tueren,

277 2875 338 2930 tur.
388 2865 454 2945 Qui
479 2887 580 2950 quum
605 2867 639 2928 in
664 2866 767 2950 ipsius
791 2863 987 2927 seutentiam
1013 2859 1199 2936 cessissent,
1228 2853 1300 2938 jam
1328 2871 1423 2913 oon-¹

278 2965 371 3028 venit
395 2965 567 3045 intereos,
593 2962 673 3048 qnid
697 2963 766 3045 regi
791 2960 1054 3045 responderetur.

370 3099 420 3163 17.
452 3098 567 3183 Itaque
592 3096 774 3160 secundum
799 3093 1010 3181 postulatum,
1036 3088 1243 3153 videlicetut
1260 3081 1400 3146 clericus

278 3208 509 3262 exauctoratus
540 3198 581 3262 ab
606 3197 801 3260 auctoritate
834 3191 996 3280 spirituali
1028 3190 1104 3253 dein
1130 3183 1283 3272 potestati
1311 3177 1423 3243 civili*

278 3295 472 3378 traderetur,
498 3297 644 3381 episcopi
669 3295 803 3358 omnino
828 3287 1063 3373 recusaruntl)
1112 3281 1230 3364 Quoad
1255 3281 1399 3366 primum

355 3495 376 3561 ¹)
396 3495 434 3547 De
453 3493 532 3547 rebus
552 3493 669 3562 Angliae
688 3491 718 3544 L,
737 3491 774 3544 Il.
794 3506 815 3544 c.
840 3489 877 3542 16.

354 3583 375 3653 ²)
394 3583 509 3638 Thomas
528 3584 614 3650 quoad
633 3582 682 3635 hoc
701 3585 782 3648 caput
800 3579 872 3646 apud
890 3575 1028 3644 praesules
1053 3572 1169 3626 multum
1191 3567 1220 3622 in
1239 3581 1269 3619 eo
1295 3563 1401 3617 insiste

279 3671 335 3735 bat,
356 3669 487 3738 injustum
506 3684 571 3732 esse,
597 3665 721 3718 clericum
741 3663 940 3728 delinquentem
960 3657 1001 3710 bis
1017 3653 1118 3722 judicio
1142 3665 1172 3703 ac
1191 3643 1324 3701 tribunali
1344 3641 1400 3694 sub

277 3751 375 3819 jioere3
401 3749 502 3803 neceb
522 3747 586 3816 ipsis
606 3744 774 3800 tolerandum
794 3757 858 3808 esse,
883 3747 916 3793 ut
934 3736 1071 3792 Ecclesiae
1089 3733 1202 3786 libertas
1226 3725 1398 3794 opprimatur.

284 3829 354 3896 „Nec
379 3829 450 3883 enlm
470 3829 541 3882 Deus
564 3827 669 3895 judicat
693 3825 732 3878 bis
756 3825 784 3877 in
805 3821 929 3889 idipsum.
969 3817 1044 3884 Quod
1072 3814 1150 3873 eninr,
1170 3809 1268 3875 inquit,
1298 3803 1401 3872 judicet

281 3911 410 3974 Ecclesia,
430 3917 478 3963 aut
494 3910 598 3978 justum
618 3915 659 3962 est
678 3911 727 3960 aut
743 3905 889 3974 injustum
908 3902 962 3956 erit
980 3913 1045 3966 ergo
1063 3896 1174 3962 justum.
1200 3889 1228 3944 si
1247 3903 1313 3956 ergo
1332 3885 1400 3937 dam·

281 3998 363 4048 natur
385 4009 446 4046 reus
472 4008 531 4045 cnm
556 3994 756 4050 exauctoratur,
785 4001 838 4039 non
866 3982 945 4037 debet
970 3977 1043 4032 aliud
1068 3973 1200 4045 judicium
1227 3965 1346 4023 inchoari
1370 3961 1399 4013 ad

283 4074 401 4144 ejusdem
420 4072 669 4126 condemnationem
689 4068 800 4135 peccati.
839 4064 879 4118 Ad
897 4063 965 4116 haec
983 4071 1087 4125 quoqne
1110 4052 1260 4108 cavendnm
1288 4055 1336 4108 est,
1363 4043 1401 4094 in·

283 4155 350 4222 quit,
370 4155 453 4217 nobis,
473 4169 506 4206 ne
525 4159 617 4206 nostro
636 4165 766 4204 consensu
784 4146 954 4216 opprimatur
972 4147 1001 4194 et
1018 4143 1113 4207 pereat
1130 4133 1244 4187 libertas
1263 4122 1400 4182 Ecclesiae,

284 4255 331 4307 pro
350 4255 411 4306 qua,
431 4234 550 4302 exeruplo
570 4231 665 4286 suunni
685 4228 831 4284 sacerdotis
850 4223 945 4288 nostri,
965 4237 998 4275 ex
1018 4218 1107 4273 officio
1125 4223 1250 4269 tenemur
1268 4224 1351 4278 usqne
1369 4205 1399 4260 ad
