<?xml version="1.0" encoding="UTF-8"?>
<!DOCTYPE html PUBLIC "-//W3C//DTD XHTML 1.0 Transitional//EN"
    "http://www.w3.org/TR/xhtml1/DTD/xhtml1-transitional.dtd">
<html xmlns="http://www.w3.org/1999/xhtml" xml:lang="en" lang="en">
 <head>
  <title>
</title>
<meta http-equiv="Content-Type" content="text/html;charset=utf-8" />
  <meta name='ocr-system' content='tesseract 3.04.00' />
  <meta name='ocr-capabilities' content='ocr_page ocr_carea ocr_par ocr_line ocrx_word'/>
</head>
<body>
  <div class='ocr_page' id='page_1' title='image "./dissertationess00junggoog_0668.png"; bbox 0 0 2850 4834; ppageno 0'>
   <div class='ocr_carea' id='block_1_1' title="bbox 286 438 1143 506">
    <p class='ocr_par' dir='ltr' id='par_1_1' title="bbox 286 438 1143 506">
     <span class='ocr_line' id='line_1_1' title="bbox 286 438 1143 506; baseline 0 -14"><span class='ocrx_word' id='word_1_1' title='bbox 286 439 477 494; x_wconf 80' lang='lat' dir='ltr'><em>Accusatioues</em></span> <span class='ocrx_word' id='word_1_2' title='bbox 496 439 589 494; x_wconf 82' lang='lat' dir='ltr'><em>verise</em></span> <span class='ocrx_word' id='word_1_3' title='bbox 608 438 636 493; x_wconf 91' lang='lat' dir='ltr'><em>in</em></span> <span class='ocrx_word' id='word_1_4' title='bbox 654 439 828 506; x_wconf 82' lang='lat' dir='ltr'><em>Temptsrios.</em></span> <span class='ocrx_word' id='word_1_5' title='bbox 1092 439 1143 493; x_wconf 76' lang='lat' dir='ltr'><em>tes</em></span> 
     </span>
    </p>
   </div>
   <div class='ocr_carea' id='block_1_2' title="bbox 30 581 1312 3800">
    <p class='ocr_par' dir='ltr' id='par_1_2' title="bbox 30 581 1312 3800">
     <span class='ocr_line' id='line_1_2' title="bbox 40 581 1144 670; baseline 0.001 -25"><span class='ocrx_word' id='word_1_6' title='bbox 40 583 134 646; x_wconf 87' lang='lat' dir='ltr'><em>domui</em></span> <span class='ocrx_word' id='word_1_7' title='bbox 157 583 322 670; x_wconf 74' lang='lat' dir='ltr'><em>praedicti</em></span> <span class='ocrx_word' id='word_1_8' title='bbox 344 595 373 646; x_wconf 88' lang='lat' dir='ltr'><em>et</em></span> <span class='ocrx_word' id='word_1_9' title='bbox 403 583 552 668; x_wconf 85' lang='lat' dir='ltr'><em>perennis</em></span> <span class='ocrx_word' id='word_1_10' title='bbox 580 581 695 668; x_wconf 79' lang='lat' dir='ltr'><em>probri</em></span> <span class='ocrx_word' id='word_1_11' title='bbox 722 583 914 646; x_wconf 87' lang='lat' dir='ltr'><em>occasionem</em></span> <span class='ocrx_word' id='word_1_12' title='bbox 946 583 1064 647; x_wconf 87' lang='lat' dir='ltr'><em>dicitur</em></span> <span class='ocrx_word' id='word_1_13' title='bbox 1093 583 1144 646; x_wconf 89' lang='lat' dir='ltr'><em>de-</em></span> 
     </span>
     <span class='ocr_line' id='line_1_3' title="bbox 41 679 1142 766; baseline 0.004 -26"><span class='ocrx_word' id='word_1_14' title='bbox 41 681 126 758; x_wconf 85' lang='lat' dir='ltr'><em>disse;</em></span> <span class='ocrx_word' id='word_1_15' title='bbox 147 683 201 766; x_wconf 78' lang='lat' dir='ltr'><em>qui</em></span> <span class='ocrx_word' id='word_1_16' title='bbox 224 681 331 744; x_wconf 89' lang='lat' dir='ltr'><em>eodem</em></span> <span class='ocrx_word' id='word_1_17' title='bbox 354 703 439 744; x_wconf 81' lang='lat' dir='ltr'><em>atino</em></span> <span class='ocrx_word' id='word_1_18' title='bbox 463 703 522 766; x_wconf 83' lang='lat' dir='ltr'><em>quo</em></span> <span class='ocrx_word' id='word_1_19' title='bbox 546 690 657 765; x_wconf 84' lang='lat' dir='ltr'><em>suptus</em></span> <span class='ocrx_word' id='word_1_20' title='bbox 681 691 728 743; x_wconf 88' lang='lat' dir='ltr'><em>est</em></span> <span class='ocrx_word' id='word_1_21' title='bbox 750 682 784 743; x_wconf 88' lang='lat' dir='ltr'><em>in</em></span> <span class='ocrx_word' id='word_1_22' title='bbox 804 680 939 744; x_wconf 81' lang='lat' dir='ltr'><em>vinculis</em></span> <span class='ocrx_word' id='word_1_23' title='bbox 955 693 985 744; x_wconf 91' lang='lat' dir='ltr'><em>et</em></span> <span class='ocrx_word' id='word_1_24' title='bbox 999 679 1142 766; x_wconf 82' lang='lat' dir='ltr'><em>sqeealare</em></span> 
     </span>
     <span class='ocr_line' id='line_1_4' title="bbox 39 776 1144 863; baseline 0.001 -24"><span class='ocrx_word' id='word_1_25' title='bbox 39 781 157 842; x_wconf 72' lang='lat' dir='ltr'><em>curreres</em></span> <span class='ocrx_word' id='word_1_26' title='bbox 180 777 265 842; x_wconf 89' lang='lat' dir='ltr'><em>nulli</em></span> <span class='ocrx_word' id='word_1_27' title='bbox 292 777 445 863; x_wconf 69' lang='lat' dir='ltr'><em>lupemdus</em></span> <span class='ocrx_word' id='word_1_28' title='bbox 476 777 594 842; x_wconf 88' lang='lat' dir='ltr'><em>dicitur</em></span> <span class='ocrx_word' id='word_1_29' title='bbox 617 777 768 856; x_wconf 78' lang='lat' dir='ltr'><em>obiisse.“</em></span> <span class='ocrx_word' id='word_1_30' title='bbox 774 779 799 863; x_wconf 86' lang='lat'><em>¹)</em></span> <span class='ocrx_word' id='word_1_31' title='bbox 850 777 930 842; x_wconf 81' lang='lat' dir='ltr'><em>Erat</em></span> <span class='ocrx_word' id='word_1_32' title='bbox 960 776 1144 843; x_wconf 81' lang='lat' dir='ltr'><em>Gulielmius</em></span> 
     </span>
     <span class='ocr_line' id='line_1_5' title="bbox 38 866 1312 962; baseline 0.002 -24"><span class='ocrx_word' id='word_1_33' title='bbox 38 876 144 958; x_wconf 74' lang='lat' dir='ltr'><em>Tyrius</em></span> <span class='ocrx_word' id='word_1_34' title='bbox 175 878 316 962; x_wconf 81' lang='lat' dir='ltr'><strong>scriptor</strong></span> <span class='ocrx_word' id='word_1_35' title='bbox 349 897 510 954; x_wconf 79' lang='lat' dir='ltr'><em>coaevus3</em></span> <span class='ocrx_word' id='word_1_36' title='bbox 548 874 659 939; x_wconf 88' lang='lat' dir='ltr'><em>finivit</em></span> <span class='ocrx_word' id='word_1_37' title='bbox 690 876 779 939; x_wconf 91' lang='lat' dir='ltr'><em>enim</em></span> <span class='ocrx_word' id='word_1_38' title='bbox 806 897 836 940; x_wconf 84' lang='lat' dir='ltr'><em>s.</em></span> <span class='ocrx_word' id='word_1_39' title='bbox 864 875 949 940; x_wconf 79' lang='lat'>1184</span> <span class='ocrx_word' id='word_1_40' title='bbox 973 876 1143 940; x_wconf 77' lang='lat' dir='ltr'><em>historiam</em></span> <span class='ocrx_word' id='word_1_41' title='bbox 1154 866 1209 908; x_wconf 76' lang='lat'><strong>⁰¹¹¹·</strong></span> <span class='ocrx_word' id='word_1_42' title='bbox 1221 867 1312 917; x_wconf 51' lang='grc' dir='ltr'><em>Μ*</em></span> 
     </span>
     <span class='ocr_line' id='line_1_6' title="bbox 38 972 1144 1058; baseline 0.003 -24"><span class='ocrx_word' id='word_1_43' title='bbox 38 995 127 1040; x_wconf 80' lang='lat' dir='ltr'><em>snam.</em></span> <span class='ocrx_word' id='word_1_44' title='bbox 155 974 403 1038; x_wconf 84' lang='lat' dir='ltr'><em>Institutionem</em></span> <span class='ocrx_word' id='word_1_45' title='bbox 429 973 565 1039; x_wconf 82' lang='lat' dir='ltr'>Ordinis</span> <span class='ocrx_word' id='word_1_46' title='bbox 583 972 847 1058; x_wconf 82' lang='lat' dir='ltr'><em>Templsriorum</em></span> <span class='ocrx_word' id='word_1_47' title='bbox 872 996 1010 1038; x_wconf 84' lang='lat' dir='ltr'><em>nsrrans</em></span> <span class='ocrx_word' id='word_1_48' title='bbox 1034 976 1079 1038; x_wconf 85' lang='lat' dir='ltr'><em>its</em></span> <span class='ocrx_word' id='word_1_49' title='bbox 1103 974 1144 1038; x_wconf 89' lang='lat' dir='ltr'><em>de</em></span> 
     </span>
     <span class='ocr_line' id='line_1_7' title="bbox 39 1069 1144 1159; baseline 0.005 -28"><span class='ocrx_word' id='word_1_50' title='bbox 39 1071 70 1132; x_wconf 85' lang='lat' dir='ltr'><em>iis</em></span> <span class='ocrx_word' id='word_1_51' title='bbox 90 1072 235 1156; x_wconf 86' lang='lat' dir='ltr'><em>judicat:</em></span> <span class='ocrx_word' id='word_1_52' title='bbox 272 1071 361 1149; x_wconf 80' lang='lat' dir='ltr'><em>,Qut</em></span> <span class='ocrx_word' id='word_1_53' title='bbox 384 1095 451 1136; x_wconf 88' lang='lat' dir='ltr'><em>cum</em></span> <span class='ocrx_word' id='word_1_54' title='bbox 474 1069 531 1134; x_wconf 90' lang='lat' dir='ltr'><em>diu</em></span> <span class='ocrx_word' id='word_1_55' title='bbox 554 1071 589 1134; x_wconf 87' lang='lat' dir='ltr'><em>in</em></span> <span class='ocrx_word' id='word_1_56' title='bbox 611 1072 736 1134; x_wconf 83' lang='lat' dir='ltr'><em>honesto</em></span> <span class='ocrx_word' id='word_1_57' title='bbox 761 1093 792 1134; x_wconf 88' lang='lat' dir='ltr'><em>se</em></span> <span class='ocrx_word' id='word_1_58' title='bbox 816 1083 1050 1138; x_wconf 65' lang='lat' dir='ltr'><em>conservassent</em></span> <span class='ocrx_word' id='word_1_59' title='bbox 1068 1094 1144 1159; x_wconf 90' lang='lat' dir='ltr'><em>pro·</em></span> 
     </span>
     <span class='ocr_line' id='line_1_8' title="bbox 34 1168 1145 1256; baseline 0.004 -26"><span class='ocrx_word' id='word_1_60' title='bbox 34 1171 123 1251; x_wconf 84' lang='lat' dir='ltr'><em>posito</em></span> <span class='ocrx_word' id='word_1_61' title='bbox 141 1169 342 1256; x_wconf 72' lang='lat' dir='ltr'><em>professioni</em></span> <span class='ocrx_word' id='word_1_62' title='bbox 364 1193 439 1234; x_wconf 90' lang='lat' dir='ltr'><em>suae</em></span> <span class='ocrx_word' id='word_1_63' title='bbox 454 1170 535 1233; x_wconf 91' lang='lat' dir='ltr'><em>satis</em></span> <span class='ocrx_word' id='word_1_64' title='bbox 546 1170 720 1255; x_wconf 79' lang='lat' dir='ltr'><em>prudenter</em></span> <span class='ocrx_word' id='word_1_65' title='bbox 735 1169 980 1256; x_wconf 87' lang='lat' dir='ltr'><em>satisfacientes,</em></span> <span class='ocrx_word' id='word_1_66' title='bbox 1004 1168 1145 1256; x_wconf 75' lang='lat' dir='ltr'><em>ueplectu</em></span> 
     </span>
     <span class='ocr_line' id='line_1_9' title="bbox 36 1267 1145 1354; baseline 0.005 -28"><span class='ocrx_word' id='word_1_67' title='bbox 36 1267 208 1346; x_wconf 68' lang='lat' dir='ltr'><em>hnmilitate,</em></span> <span class='ocrx_word' id='word_1_68' title='bbox 241 1293 320 1354; x_wconf 85' lang='lat' dir='ltr'><em>qaue</em></span> <span class='ocrx_word' id='word_1_69' title='bbox 346 1269 483 1332; x_wconf 87' lang='lat' dir='ltr'><em>ommium</em></span> <span class='ocrx_word' id='word_1_70' title='bbox 514 1270 663 1332; x_wconf 85' lang='lat' dir='ltr'><em>uirtutum</em></span> <span class='ocrx_word' id='word_1_71' title='bbox 686 1277 787 1331; x_wconf 88' lang='lat' dir='ltr'><em>custos</em></span> <span class='ocrx_word' id='word_1_72' title='bbox 811 1291 875 1332; x_wconf 83' lang='lat' dir='ltr'><em>esse</em></span> <span class='ocrx_word' id='word_1_73' title='bbox 899 1268 1094 1352; x_wconf 74' lang='lat' dir='ltr'><em>dipnoscitur</em></span> <span class='ocrx_word' id='word_1_74' title='bbox 1116 1280 1145 1332; x_wconf 89' lang='lat' dir='ltr'><em>et</em></span> 
     </span>
     <span class='ocr_line' id='line_1_10' title="bbox 39 1365 1144 1452; baseline 0.004 -28"><span class='ocrx_word' id='word_1_75' title='bbox 39 1367 64 1425; x_wconf 77' lang='lat' dir='ltr'><em>iu</em></span> <span class='ocrx_word' id='word_1_76' title='bbox 85 1367 141 1429; x_wconf 89' lang='lat' dir='ltr'><em>imo</em></span> <span class='ocrx_word' id='word_1_77' title='bbox 165 1377 275 1452; x_wconf 88' lang='lat' dir='ltr'><em>sponte</em></span> <span class='ocrx_word' id='word_1_78' title='bbox 298 1367 409 1429; x_wconf 81' lang='lat' dir='ltr'><em>sedens</em></span> <span class='ocrx_word' id='word_1_79' title='bbox 426 1365 593 1430; x_wconf 83' lang='lat' dir='ltr'><em>nonhabet</em></span> <span class='ocrx_word' id='word_1_80' title='bbox 608 1367 690 1429; x_wconf 89' lang='lat' dir='ltr'><em>uude</em></span> <span class='ocrx_word' id='word_1_81' title='bbox 708 1389 814 1430; x_wconf 87' lang='lat' dir='ltr'><em>casum</em></span> <span class='ocrx_word' id='word_1_82' title='bbox 827 1377 994 1445; x_wconf 87' lang='lat' dir='ltr'><em>mereatur,</em></span> <span class='ocrx_word' id='word_1_83' title='bbox 1018 1366 1144 1430; x_wconf 88' lang='lat' dir='ltr'><em>dominu</em></span> 
     </span>
     <span class='ocr_line' id='line_1_11' title="bbox 39 1463 1146 1550; baseline 0.001 -26"><span class='ocrx_word' id='word_1_84' title='bbox 39 1463 228 1528; x_wconf 75' lang='lat' dir='ltr'><em>Patriae-chae</em></span> <span class='ocrx_word' id='word_1_85' title='bbox 252 1464 555 1550; x_wconf 85' lang='lat' dir='ltr'><em>Hierosolymitano,</em></span> <span class='ocrx_word' id='word_1_86' title='bbox 581 1488 601 1528; x_wconf 93' lang='lat' dir='ltr'><em>a</em></span> <span class='ocrx_word' id='word_1_87' title='bbox 624 1486 683 1548; x_wconf 84' lang='lat' dir='ltr'><em>quo</em></span> <span class='ocrx_word' id='word_1_88' title='bbox 707 1475 736 1528; x_wconf 89' lang='lat' dir='ltr'><em>et</em></span> <span class='ocrx_word' id='word_1_89' title='bbox 763 1463 894 1528; x_wconf 72' lang='lat' dir='ltr'><em>Ordines</em></span> <span class='ocrx_word' id='word_1_90' title='bbox 918 1465 1146 1528; x_wconf 65' lang='lat' dir='ltr'><em>institutionem</em></span> 
     </span>
     <span class='ocr_line' id='line_1_12' title="bbox 37 1561 1145 1648; baseline 0.004 -28"><span class='ocrx_word' id='word_1_91' title='bbox 37 1571 60 1620; x_wconf 79' lang='lat' dir='ltr'><em>et</em></span> <span class='ocrx_word' id='word_1_92' title='bbox 74 1564 181 1646; x_wconf 88' lang='lat' dir='ltr'><em>prima</em></span> <span class='ocrx_word' id='word_1_93' title='bbox 204 1561 353 1640; x_wconf 64' lang='lat' dir='ltr'><em>beneficia</em></span> <span class='ocrx_word' id='word_1_94' title='bbox 376 1571 590 1648; x_wconf 86' lang='lat' dir='ltr'><em>susceperunt,</em></span> <span class='ocrx_word' id='word_1_95' title='bbox 614 1585 645 1626; x_wconf 88' lang='lat' dir='ltr'><em>se</em></span> <span class='ocrx_word' id='word_1_96' title='bbox 670 1561 902 1644; x_wconf 72' lang='lat' dir='ltr'><em>submouerunt,</em></span> <span class='ocrx_word' id='word_1_97' title='bbox 936 1561 1145 1626; x_wconf 76' lang='lat' dir='ltr'><em>obedientiam</em></span> 
     </span>
     <span class='ocr_line' id='line_1_13' title="bbox 37 1658 1146 1748; baseline -0.002 -24"><span class='ocrx_word' id='word_1_98' title='bbox 37 1659 68 1734; x_wconf 66' lang='grc' dir='ltr'><em>«ἱ,</em></span> <span class='ocrx_word' id='word_1_99' title='bbox 88 1683 178 1744; x_wconf 75' lang='lat' dir='ltr'><em>ptam</em></span> <span class='ocrx_word' id='word_1_100' title='bbox 200 1684 308 1726; x_wconf 78' lang='lat' dir='ltr'><em>eorum</em></span> <span class='ocrx_word' id='word_1_101' title='bbox 324 1659 587 1748; x_wconf 83' lang='lat' dir='ltr'><em>praedecessores</em></span> <span class='ocrx_word' id='word_1_102' title='bbox 611 1659 710 1723; x_wconf 87' lang='lat' dir='ltr'><em>eidem</em></span> <span class='ocrx_word' id='word_1_103' title='bbox 726 1658 933 1740; x_wconf 77' lang='lat' dir='ltr'><em>eubibuerant</em></span> <span class='ocrx_word' id='word_1_104' title='bbox 946 1659 1146 1742; x_wconf 76' lang='lat' dir='ltr'><em>deaepantes,·</em></span> 
     </span>
     <span class='ocr_line' id='line_1_14' title="bbox 37 1756 1146 1844; baseline 0.004 -30"><span class='ocrx_word' id='word_1_105' title='bbox 37 1756 129 1819; x_wconf 82' lang='lat' dir='ltr'><em>sedet</em></span> <span class='ocrx_word' id='word_1_106' title='bbox 152 1758 291 1822; x_wconf 86' lang='lat' dir='ltr'><em>ecclesiis</em></span> <span class='ocrx_word' id='word_1_107' title='bbox 315 1759 379 1822; x_wconf 88' lang='lat' dir='ltr'><em>Dei</em></span> <span class='ocrx_word' id='word_1_108' title='bbox 402 1760 446 1822; x_wconf 86' lang='lat' dir='ltr'><em>eis</em></span> <span class='ocrx_word' id='word_1_109' title='bbox 470 1759 608 1822; x_wconf 88' lang='lat' dir='ltr'><em>decimas</em></span> <span class='ocrx_word' id='word_1_110' title='bbox 632 1759 844 1844; x_wconf 85' lang='lat' dir='ltr'><em>etprimitias</em></span> <span class='ocrx_word' id='word_1_111' title='bbox 867 1756 1092 1834; x_wconf 72' lang='lat' dir='ltr'><em>subtrahentes,</em></span> <span class='ocrx_word' id='word_1_112' title='bbox 1116 1767 1146 1819; x_wconf 90' lang='lat' dir='ltr'><em>et</em></span> 
     </span>
     <span class='ocr_line' id='line_1_15' title="bbox 38 1852 1145 1943; baseline 0.005 -30"><span class='ocrx_word' id='word_1_113' title='bbox 38 1879 126 1918; x_wconf 64' lang='lat' dir='ltr'><em>esuum</em></span> <span class='ocrx_word' id='word_1_114' title='bbox 158 1855 296 1920; x_wconf 85' lang='lat' dir='ltr'><em>indebite</em></span> <span class='ocrx_word' id='word_1_115' title='bbox 324 1856 549 1943; x_wconf 80' lang='lat' dir='ltr'><em>perturbantes</em></span> <span class='ocrx_word' id='word_1_116' title='bbox 576 1857 801 1942; x_wconf 88' lang='lat' dir='ltr'><em>possessiones,</em></span> <span class='ocrx_word' id='word_1_117' title='bbox 825 1854 916 1941; x_wconf 88' lang='lat' dir='ltr'><em>facti</em></span> <span class='ocrx_word' id='word_1_118' title='bbox 947 1865 1019 1919; x_wconf 79' lang='lat' dir='ltr'><em>sarit</em></span> <span class='ocrx_word' id='word_1_119' title='bbox 1052 1852 1145 1918; x_wconf 87' lang='lat' dir='ltr'><em>ualde</em></span> 
     </span>
     <span class='ocr_line' id='line_1_16' title="bbox 39 1950 1146 2037; baseline 0.005 -27"><span class='ocrx_word' id='word_1_120' title='bbox 39 1951 185 2034; x_wconf 41' lang='lat' dir='ltr'><em>tuderti&amp;</em></span> <span class='ocrx_word' id='word_1_121' title='bbox 232 1954 326 2018; x_wconf 79' lang='lat' dir='ltr'><em>Haeo</em></span> <span class='ocrx_word' id='word_1_122' title='bbox 350 1963 462 2018; x_wconf 86' lang='lat' dir='ltr'><em>temen</em></span> <span class='ocrx_word' id='word_1_123' title='bbox 488 1953 622 2018; x_wconf 83' lang='lat' dir='ltr'><em>duriore</em></span> <span class='ocrx_word' id='word_1_124' title='bbox 645 1953 728 2017; x_wconf 91' lang='lat' dir='ltr'><em>forte</em></span> <span class='ocrx_word' id='word_1_125' title='bbox 752 1964 838 2034; x_wconf 88' lang='lat' dir='ltr'><em>sunt,</em></span> <span class='ocrx_word' id='word_1_126' title='bbox 863 1953 942 2037; x_wconf 88' lang='lat' dir='ltr'><em>quis</em></span> <span class='ocrx_word' id='word_1_127' title='bbox 959 1950 1146 2016; x_wconf 85' lang='lat' dir='ltr'><em>Gulielmus</em></span> 
     </span>
     <span class='ocr_line' id='line_1_17' title="bbox 38 2049 1144 2137; baseline 0.005 -29"><span class='ocrx_word' id='word_1_128' title='bbox 38 2071 119 2133; x_wconf 84' lang='lat' dir='ltr'><em>aegre</em></span> <span class='ocrx_word' id='word_1_129' title='bbox 129 2051 257 2116; x_wconf 79' lang='lat' dir='ltr'><em>ferebat</em></span> <span class='ocrx_word' id='word_1_130' title='bbox 273 2053 517 2137; x_wconf 82' lang='lat' dir='ltr'><em>exemptionem</em></span> <span class='ocrx_word' id='word_1_131' title='bbox 532 2049 821 2135; x_wconf 86' lang='lat' dir='ltr'><em>OrdinisTempli.</em></span> <span class='ocrx_word' id='word_1_132' title='bbox 844 2049 1037 2115; x_wconf 80' lang='lat' dir='ltr'><em>Generatim</em></span> <span class='ocrx_word' id='word_1_133' title='bbox 1056 2051 1144 2114; x_wconf 83' lang='lat' dir='ltr'><em>eninr</em></span> 
     </span>
     <span class='ocr_line' id='line_1_18' title="bbox 36 2145 1146 2234; baseline 0.005 -27"><span class='ocrx_word' id='word_1_134' title='bbox 36 2145 202 2233; x_wconf 81' lang='lat' dir='ltr'><em>Templarii</em></span> <span class='ocrx_word' id='word_1_135' title='bbox 218 2172 258 2213; x_wconf 84' lang='lat' dir='ltr'><em>en</em></span> <span class='ocrx_word' id='word_1_136' title='bbox 273 2161 380 2214; x_wconf 70' lang='lat' dir='ltr'><em>aetate</em></span> <span class='ocrx_word' id='word_1_137' title='bbox 396 2149 566 2234; x_wconf 87' lang='lat' dir='ltr'><em>religionis</em></span> <span class='ocrx_word' id='word_1_138' title='bbox 579 2147 782 2213; x_wconf 81' lang='lat' dir='ltr'><em>christianae</em></span> <span class='ocrx_word' id='word_1_139' title='bbox 796 2147 983 2212; x_wconf 87' lang='lat' dir='ltr'><em>defensores</em></span> <span class='ocrx_word' id='word_1_140' title='bbox 999 2147 1098 2212; x_wconf 85' lang='lat' dir='ltr'><em>sortes</em></span> <span class='ocrx_word' id='word_1_141' title='bbox 1111 2168 1146 2212; x_wconf 88' lang='lat' dir='ltr'><em>se</em></span> 
     </span>
     <span class='ocr_line' id='line_1_19' title="bbox 35 2244 1144 2330; baseline 0.005 -27"><span class='ocrx_word' id='word_1_142' title='bbox 35 2245 246 2312; x_wconf 79' lang='lat' dir='ltr'><em>ostenderunt.</em></span> <span class='ocrx_word' id='word_1_143' title='bbox 271 2285 313 2294; x_wconf 92' lang='lat'>-</span> <span class='ocrx_word' id='word_1_144' title='bbox 338 2247 501 2312; x_wconf 84' lang='lat' dir='ltr'><em>Auctores</em></span> <span class='ocrx_word' id='word_1_145' title='bbox 525 2246 648 2312; x_wconf 84' lang='lat' dir='ltr'><em>saeculi</em></span> <span class='ocrx_word' id='word_1_146' title='bbox 668 2245 754 2312; x_wconf 87' lang='lat' dir='ltr'>XIII</span> <span class='ocrx_word' id='word_1_147' title='bbox 778 2247 863 2310; x_wconf 83' lang='lat' dir='ltr'><em>varii</em></span> <span class='ocrx_word' id='word_1_148' title='bbox 887 2245 928 2310; x_wconf 90' lang='lat' dir='ltr'><em>de</em></span> <span class='ocrx_word' id='word_1_149' title='bbox 945 2244 1144 2330; x_wconf 85' lang='lat' dir='ltr'><em>Templsrio-</em></span> 
     </span>
     <span class='ocr_line' id='line_1_20' title="bbox 37 2341 1146 2430; baseline 0.002 -26"><span class='ocrx_word' id='word_1_150' title='bbox 37 2363 95 2406; x_wconf 88' lang='lat' dir='ltr'><em>rum</em></span> <span class='ocrx_word' id='word_1_151' title='bbox 126 2345 282 2430; x_wconf 82' lang='lat' dir='ltr'><em>superbia</em></span> <span class='ocrx_word' id='word_1_152' title='bbox 315 2357 347 2410; x_wconf 88' lang='lat' dir='ltr'><em>et</em></span> <span class='ocrx_word' id='word_1_153' title='bbox 378 2346 530 2425; x_wconf 80' lang='lat' dir='ltr'><em>avaritia,</em></span> <span class='ocrx_word' id='word_1_154' title='bbox 562 2367 602 2409; x_wconf 82' lang='lat' dir='ltr'><em>ac</em></span> <span class='ocrx_word' id='word_1_155' title='bbox 633 2343 675 2409; x_wconf 90' lang='lat' dir='ltr'><em>de</em></span> <span class='ocrx_word' id='word_1_156' title='bbox 699 2343 847 2408; x_wconf 85' lang='lat' dir='ltr'><em>dissidiis</em></span> <span class='ocrx_word' id='word_1_157' title='bbox 877 2365 953 2406; x_wconf 86' lang='lat' dir='ltr'><em>cum</em></span> <span class='ocrx_word' id='word_1_158' title='bbox 977 2341 1146 2430; x_wconf 89' lang='lat' dir='ltr'><em>equitibus</em></span> 
     </span>
     <span class='ocr_line' id='line_1_21' title="bbox 35 2441 1145 2529; baseline 0.004 -29"><span class='ocrx_word' id='word_1_159' title='bbox 35 2461 55 2502; x_wconf 89' lang='lat' dir='ltr'><em>s.</em></span> <span class='ocrx_word' id='word_1_160' title='bbox 75 2441 212 2508; x_wconf 79' lang='lat' dir='ltr'><em>loannis</em></span> <span class='ocrx_word' id='word_1_161' title='bbox 244 2443 433 2529; x_wconf 88' lang='lat' dir='ltr'><em>frequenter</em></span> <span class='ocrx_word' id='word_1_162' title='bbox 463 2453 720 2529; x_wconf 82' lang='lat' dir='ltr'><em>conqueruntur,</em></span> <span class='ocrx_word' id='word_1_163' title='bbox 759 2443 845 2505; x_wconf 90' lang='lat' dir='ltr'><em>inter</em></span> <span class='ocrx_word' id='word_1_164' title='bbox 883 2463 965 2526; x_wconf 89' lang='lat' dir='ltr'><em>quos</em></span> <span class='ocrx_word' id='word_1_165' title='bbox 1000 2443 1145 2506; x_wconf 82' lang='lat' dir='ltr'><em>maxime</em></span> 
     </span>
     <span class='ocr_line' id='line_1_22' title="bbox 38 2535 1142 2624; baseline 0.008 -28"><span class='ocrx_word' id='word_1_166' title='bbox 38 2535 209 2606; x_wconf 77' lang='lat' dir='ltr'><em>Matthaeus</em></span> <span class='ocrx_word' id='word_1_167' title='bbox 225 2541 334 2624; x_wconf 67' lang='lat' dir='ltr'><em>Paris,</em></span> <span class='ocrx_word' id='word_1_168' title='bbox 361 2540 496 2606; x_wconf 80' lang='lat' dir='ltr'><em>difficile</em></span> <span class='ocrx_word' id='word_1_169' title='bbox 511 2553 621 2610; x_wconf 77' lang='lat' dir='ltr'><em>temen</em></span> <span class='ocrx_word' id='word_1_170' title='bbox 637 2552 686 2606; x_wconf 86' lang='lat' dir='ltr'><em>est</em></span> <span class='ocrx_word' id='word_1_171' title='bbox 697 2562 777 2604; x_wconf 83' lang='lat' dir='ltr'><em>vern</em></span> <span class='ocrx_word' id='word_1_172' title='bbox 789 2562 810 2603; x_wconf 81' lang='lat' dir='ltr'><em>s</em></span> <span class='ocrx_word' id='word_1_173' title='bbox 824 2537 914 2603; x_wconf 82' lang='lat' dir='ltr'><em>falsis</em></span> <span class='ocrx_word' id='word_1_174' title='bbox 928 2537 1142 2622; x_wconf 85' lang='lat' dir='ltr'><em>distinguere.</em></span> 
     </span>
     <span class='ocr_line' id='line_1_23' title="bbox 35 2636 1145 2726; baseline 0.004 -28"><span class='ocrx_word' id='word_1_175' title='bbox 35 2636 90 2700; x_wconf 70' lang='lat' dir='ltr'><em>Sed</em></span> <span class='ocrx_word' id='word_1_176' title='bbox 112 2641 210 2704; x_wconf 83' lang='lat' dir='ltr'><em>etiarn</em></span> <span class='ocrx_word' id='word_1_177' title='bbox 228 2640 369 2704; x_wconf 83' lang='lat' dir='ltr'><em>Romani</em></span> <span class='ocrx_word' id='word_1_178' title='bbox 385 2640 574 2720; x_wconf 84' lang='lat' dir='ltr'><em>Pontifices,</em></span> <span class='ocrx_word' id='word_1_179' title='bbox 600 2641 656 2726; x_wconf 91' lang='lat' dir='ltr'><em>qui</em></span> <span class='ocrx_word' id='word_1_180' title='bbox 681 2640 797 2702; x_wconf 88' lang='lat' dir='ltr'><em>merito</em></span> <span class='ocrx_word' id='word_1_181' title='bbox 813 2636 974 2704; x_wconf 87' lang='lat' dir='ltr'><em>Ordinem</em></span> <span class='ocrx_word' id='word_1_182' title='bbox 998 2648 1145 2723; x_wconf 86' lang='lat' dir='ltr'><em>protege·</em></span> 
     </span>
     <span class='ocr_line' id='line_1_24' title="bbox 38 2731 1145 2824; baseline 0.005 -29"><span class='ocrx_word' id='word_1_183' title='bbox 38 2731 112 2814; x_wconf 80' lang='lat' dir='ltr'><em>hant,</em></span> <span class='ocrx_word' id='word_1_184' title='bbox 147 2738 280 2824; x_wconf 79' lang='lat' dir='ltr'><em>saepius</em></span> <span class='ocrx_word' id='word_1_185' title='bbox 312 2760 367 2802; x_wconf 89' lang='lat' dir='ltr'><em>eos</em></span> <span class='ocrx_word' id='word_1_186' title='bbox 398 2759 512 2802; x_wconf 87' lang='lat' dir='ltr'><em>severe</em></span> <span class='ocrx_word' id='word_1_187' title='bbox 543 2737 757 2818; x_wconf 77' lang='lat' dir='ltr'><em>redarguunt.</em></span> <span class='ocrx_word' id='word_1_188' title='bbox 805 2735 844 2799; x_wconf 91' lang='lat' dir='ltr'><em>Id</em></span> <span class='ocrx_word' id='word_1_189' title='bbox 878 2735 956 2800; x_wconf 84' lang='lat' dir='ltr'><em>lecit</em></span> <span class='ocrx_word' id='word_1_190' title='bbox 985 2736 1145 2802; x_wconf 85' lang='lat' dir='ltr'><em>Innocen-</em></span> 
     </span>
     <span class='ocr_line' id='line_1_25' title="bbox 34 2833 1143 2921; baseline 0.008 -30"><span class='ocrx_word' id='word_1_191' title='bbox 34 2833 88 2896; x_wconf 85' lang='lat' dir='ltr'><em>tius</em></span> <span class='ocrx_word' id='word_1_192' title='bbox 109 2835 159 2899; x_wconf 97' lang='lat' dir='ltr'><em>III</em></span> <span class='ocrx_word' id='word_1_193' title='bbox 197 2837 320 2920; x_wconf 88' lang='lat' dir='ltr'><em>insigni</em></span> <span class='ocrx_word' id='word_1_194' title='bbox 354 2858 430 2900; x_wconf 89' lang='lat' dir='ltr'><em>cum</em></span> <span class='ocrx_word' id='word_1_195' title='bbox 463 2838 592 2921; x_wconf 82' lang='lat' dir='ltr'><em>vigore,</em></span> <span class='ocrx_word' id='word_1_196' title='bbox 631 2857 674 2898; x_wconf 86' lang='lat' dir='ltr'><em>ex</em></span> <span class='ocrx_word' id='word_1_197' title='bbox 706 2835 802 2920; x_wconf 85' lang='lat' dir='ltr'><em>eujus</em></span> <span class='ocrx_word' id='word_1_198' title='bbox 833 2833 998 2920; x_wconf 83' lang='lat' dir='ltr'><em>epistole³)</em></span> <span class='ocrx_word' id='word_1_199' title='bbox 1029 2833 1143 2920; x_wconf 89' lang='lat' dir='ltr'><em>liquet,</em></span> 
     </span>
     <span class='ocr_line' id='line_1_26' title="bbox 35 2931 1145 3019; baseline 0.002 -27"><span class='ocrx_word' id='word_1_200' title='bbox 35 2950 157 3015; x_wconf 82' lang='lat' dir='ltr'><em>magnos</em></span> <span class='ocrx_word' id='word_1_201' title='bbox 188 2935 223 2998; x_wconf 93' lang='lat' dir='ltr'><em>in</em></span> <span class='ocrx_word' id='word_1_202' title='bbox 247 2933 374 3002; x_wconf 87' lang='lat' dir='ltr'><em>Ordine</em></span> <span class='ocrx_word' id='word_1_203' title='bbox 406 2934 529 2998; x_wconf 80' lang='lat' dir='ltr'><em>ebusus</em></span> <span class='ocrx_word' id='word_1_204' title='bbox 558 2934 624 3019; x_wconf 82' lang='lat' dir='ltr'><em>jam</em></span> <span class='ocrx_word' id='word_1_205' title='bbox 649 2934 815 3016; x_wconf 80' lang='lat' dir='ltr'><em>viguisse3</em></span> <span class='ocrx_word' id='word_1_206' title='bbox 851 2945 883 2996; x_wconf 87' lang='lat' dir='ltr'><em>et</em></span> <span class='ocrx_word' id='word_1_207' title='bbox 908 2953 939 2994; x_wconf 86' lang='lat' dir='ltr'><em>s.</em></span> <span class='ocrx_word' id='word_1_208' title='bbox 966 2931 1051 2996; x_wconf 79' lang='lat'>1265</span> <span class='ocrx_word' id='word_1_209' title='bbox 1077 2931 1145 2996; x_wconf 89' lang='lat' dir='ltr'><em>Cle·</em></span> 
     </span>
     <span class='ocr_line' id='line_1_27' title="bbox 37 3029 1146 3116; baseline 0.004 -27"><span class='ocrx_word' id='word_1_210' title='bbox 37 3047 115 3092; x_wconf 87' lang='lat' dir='ltr'><em>mens</em></span> <span class='ocrx_word' id='word_1_211' title='bbox 137 3031 186 3094; x_wconf 93' lang='lat' dir='ltr'><em>IV</em></span> <span class='ocrx_word' id='word_1_212' title='bbox 219 3031 304 3115; x_wconf 88' lang='lat' dir='ltr'><em>stylo</em></span> <span class='ocrx_word' id='word_1_213' title='bbox 328 3055 442 3097; x_wconf 89' lang='lat' dir='ltr'><em>severo</em></span> <span class='ocrx_word' id='word_1_214' title='bbox 467 3029 627 3098; x_wconf 87' lang='lat' dir='ltr'><em>Ordinem</em></span> <span class='ocrx_word' id='word_1_215' title='bbox 651 3029 874 3116; x_wconf 88' lang='lat' dir='ltr'><em>reprehendit,</em></span> <span class='ocrx_word' id='word_1_216' title='bbox 909 3030 1016 3092; x_wconf 80' lang='lat' dir='ltr'><em>mines</em></span> <span class='ocrx_word' id='word_1_217' title='bbox 1038 3029 1146 3114; x_wconf 81' lang='lat' dir='ltr'><em>justas</em></span> 
     </span>
     <span class='ocr_line' id='line_1_28' title="bbox 36 3125 1145 3216; baseline 0.004 -29"><span class='ocrx_word' id='word_1_218' title='bbox 36 3125 173 3206; x_wconf 85' lang='lat' dir='ltr'><em>intendit,</em></span> <span class='ocrx_word' id='word_1_219' title='bbox 198 3143 230 3196; x_wconf 90' lang='lat' dir='ltr'><em>et</em></span> <span class='ocrx_word' id='word_1_220' title='bbox 253 3130 472 3216; x_wconf 87' lang='lat' dir='ltr'><em>obsequentes</em></span> <span class='ocrx_word' id='word_1_221' title='bbox 491 3129 589 3216; x_wconf 88' lang='lat' dir='ltr'><em>jubet</em></span> <span class='ocrx_word' id='word_1_222' title='bbox 612 3151 692 3206; x_wconf 85' lang='lat' dir='ltr'><em>esso,</em></span> <span class='ocrx_word' id='word_1_223' title='bbox 718 3126 942 3213; x_wconf 85' lang='lat' dir='ltr'><em>subjungens:</em></span> <span class='ocrx_word' id='word_1_224' title='bbox 970 3127 1019 3190; x_wconf 89' lang='lat' dir='ltr'><em>Ne</em></span> <span class='ocrx_word' id='word_1_225' title='bbox 1035 3137 1145 3191; x_wconf 83' lang='lat' dir='ltr'><em>nostra</em></span> 
     </span>
     <span class='ocr_line' id='line_1_29' title="bbox 34 3223 1145 3316; baseline -0.001 -27"><span class='ocrx_word' id='word_1_226' title='bbox 34 3237 58 3286; x_wconf 83' lang='lat' dir='ltr'><em>et</em></span> <span class='ocrx_word' id='word_1_227' title='bbox 78 3229 176 3312; x_wconf 86' lang='lat' dir='ltr'><em>ipsias</em></span> <span class='ocrx_word' id='word_1_228' title='bbox 197 3230 358 3294; x_wconf 88' lang='lat' dir='ltr'><em>Ecclesiue</em></span> <span class='ocrx_word' id='word_1_229' title='bbox 380 3231 551 3316; x_wconf 87' lang='lat' dir='ltr'><em>patientia,</em></span> <span class='ocrx_word' id='word_1_230' title='bbox 575 3252 654 3314; x_wconf 83' lang='lat' dir='ltr'><em>quae</em></span> <span class='ocrx_word' id='word_1_231' title='bbox 677 3226 778 3290; x_wconf 88' lang='lat' dir='ltr'><em>multa</em></span> <span class='ocrx_word' id='word_1_232' title='bbox 801 3228 836 3290; x_wconf 91' lang='lat' dir='ltr'><em>in</em></span> <span class='ocrx_word' id='word_1_233' title='bbox 860 3223 945 3290; x_wconf 84' lang='lat' dir='ltr'><em>vobis</em></span> <span class='ocrx_word' id='word_1_234' title='bbox 970 3235 999 3287; x_wconf 86' lang='lat' dir='ltr'><em>et</em></span> <span class='ocrx_word' id='word_1_235' title='bbox 1026 3225 1145 3288; x_wconf 87' lang='lat' dir='ltr'><em>Ordine</em></span> 
     </span>
     <span class='ocr_line' id='line_1_30' title="bbox 30 3321 1144 3413; baseline 0 -29"><span class='ocrx_word' id='word_1_236' title='bbox 30 3327 183 3405; x_wconf 81' lang='lat' dir='ltr'><em>praedicto</em></span> <span class='ocrx_word' id='word_1_237' title='bbox 212 3351 271 3413; x_wconf 85' lang='lat' dir='ltr'><em>per</em></span> <span class='ocrx_word' id='word_1_238' title='bbox 300 3325 567 3392; x_wconf 83' lang='lat' dir='ltr'><em>dissimulationis</em></span> <span class='ocrx_word' id='word_1_239' title='bbox 589 3325 821 3390; x_wconf 84' lang='lat' dir='ltr'><em>conniventiam</em></span> <span class='ocrx_word' id='word_1_240' title='bbox 854 3321 983 3398; x_wconf 88' lang='lat' dir='ltr'><em>tolerat,</em></span> <span class='ocrx_word' id='word_1_241' title='bbox 1022 3323 1144 3406; x_wconf 81' lang='lat' dir='ltr'><em>uestris,</em></span> 
     </span>
     <span class='ocr_line' id='line_1_31' title="bbox 35 3418 1146 3512; baseline -0.001 -27"><span class='ocrx_word' id='word_1_242' title='bbox 35 3423 104 3502; x_wconf 69' lang='lat' dir='ltr'><em>quod</em></span> <span class='ocrx_word' id='word_1_243' title='bbox 126 3425 218 3504; x_wconf 84' lang='lat' dir='ltr'><em>absit,</em></span> <span class='ocrx_word' id='word_1_244' title='bbox 243 3422 422 3490; x_wconf 87' lang='lat' dir='ltr'><em>insolentiis</em></span> <span class='ocrx_word' id='word_1_245' title='bbox 440 3435 615 3512; x_wconf 86' lang='lat' dir='ltr'><em>provocato</em></span> <span class='ocrx_word' id='word_1_246' title='bbox 638 3422 700 3487; x_wconf 86' lang='lat' dir='ltr'><em>illa</em></span> <span class='ocrx_word' id='word_1_247' title='bbox 723 3421 859 3486; x_wconf 88' lang='lat' dir='ltr'><em>deducat</em></span> <span class='ocrx_word' id='word_1_248' title='bbox 881 3420 916 3482; x_wconf 88' lang='lat' dir='ltr'><em>in</em></span> <span class='ocrx_word' id='word_1_249' title='bbox 940 3418 1146 3484; x_wconf 87' lang='lat' dir='ltr'><em>discussionis</em></span> 
     </span>
     <span class='ocr_line' id='line_1_32' title="bbox 35 3517 1144 3610; baseline -0.003 -28"><span class='ocrx_word' id='word_1_250' title='bbox 35 3541 162 3600; x_wconf 75' lang='lat' dir='ltr'><em>eramen,</em></span> <span class='ocrx_word' id='word_1_251' title='bbox 186 3525 220 3588; x_wconf 89' lang='lat' dir='ltr'><em>in</em></span> <span class='ocrx_word' id='word_1_252' title='bbox 243 3523 357 3610; x_wconf 81' lang='lat' dir='ltr'><em>quibus</em></span> <span class='ocrx_word' id='word_1_253' title='bbox 380 3547 448 3588; x_wconf 88' lang='lat' dir='ltr'><em>cum</em></span> <span class='ocrx_word' id='word_1_254' title='bbox 472 3521 594 3587; x_wconf 86' lang='lat' dir='ltr'><em>nullum</em></span> <span class='ocrx_word' id='word_1_255' title='bbox 617 3521 853 3587; x_wconf 87' lang='lat' dir='ltr'><em>subsistentiam</em></span> <span class='ocrx_word' id='word_1_256' title='bbox 868 3519 957 3608; x_wconf 85' lang='lat' dir='ltr'><em>juris</em></span> <span class='ocrx_word' id='word_1_257' title='bbox 980 3517 1144 3596; x_wconf 83' lang='lat' dir='ltr'><em>inveniret,</em></span> 
     </span>
     <span class='ocr_line' id='line_1_33' title="bbox 35 3618 1254 3708; baseline 0.002 -32"><span class='ocrx_word' id='word_1_258' title='bbox 35 3639 64 3678; x_wconf 88' lang='lat' dir='ltr'><em>ea</em></span> <span class='ocrx_word' id='word_1_259' title='bbox 86 3643 136 3683; x_wconf 69' lang='lat' dir='ltr'><em>eree</em></span> <span class='ocrx_word' id='word_1_260' title='bbox 160 3621 233 3684; x_wconf 81' lang='lat' dir='ltr'><em>uelit</em></span> <span class='ocrx_word' id='word_1_261' title='bbox 255 3644 311 3686; x_wconf 88' lang='lat' dir='ltr'><em>mec</em></span> <span class='ocrx_word' id='word_1_262' title='bbox 334 3619 441 3686; x_wconf 88' lang='lat' dir='ltr'><em>ualeat</em></span> <span class='ocrx_word' id='word_1_263' title='bbox 465 3620 602 3708; x_wconf 84' lang='lat' dir='ltr'><em>emplius</em></span> <span class='ocrx_word' id='word_1_264' title='bbox 625 3643 692 3684; x_wconf 89' lang='lat' dir='ltr'><em>cnm</em></span> <span class='ocrx_word' id='word_1_265' title='bbox 711 3619 803 3704; x_wconf 75' lang='lat' dir='ltr'><em>praui</em></span> <span class='ocrx_word' id='word_1_266' title='bbox 825 3639 964 3680; x_wconf 88' lang='lat' dir='ltr'><em>remorsu</em></span> <span class='ocrx_word' id='word_1_267' title='bbox 988 3618 1143 3680; x_wconf 87' lang='lat' dir='ltr'><em>eonscien-</em></span> <span class='ocrx_word' id='word_1_268' title='bbox 1250 3657 1254 3665; x_wconf 53' lang='grc' dir='ltr'><strong><em>ι</em></strong></span> 
     </span>
     <span class='ocr_line' id='line_1_34' title="bbox 35 3714 1145 3800; baseline 0.004 -27"><span class='ocrx_word' id='word_1_269' title='bbox 35 3716 89 3780; x_wconf 77' lang='lat' dir='ltr'><em>tiae</em></span> <span class='ocrx_word' id='word_1_270' title='bbox 116 3717 259 3784; x_wconf 86' lang='lat' dir='ltr'><em>tolerare.</em></span> <span class='ocrx_word' id='word_1_271' title='bbox 275 3722 298 3800; x_wconf 85' lang='lat'><em>¹)</em></span> <span class='ocrx_word' id='word_1_272' title='bbox 324 3759 367 3768; x_wconf 89' lang='lat'><em>-</em></span> <span class='ocrx_word' id='word_1_273' title='bbox 393 3720 577 3784; x_wconf 85' lang='lat' dir='ltr'><em>Dieterium</em></span> <span class='ocrx_word' id='word_1_274' title='bbox 603 3721 702 3782; x_wconf 86' lang='lat' dir='ltr'><em>etiem</em></span> <span class='ocrx_word' id='word_1_275' title='bbox 735 3714 816 3780; x_wconf 89' lang='lat' dir='ltr'><em>illud</em></span> <span class='ocrx_word' id='word_1_276' title='bbox 851 3727 1145 3778; x_wconf 82' lang='lat' dir='ltr'><em>commemoretur:</em></span> 
     </span>
    </p>
   </div>
   <div class='ocr_carea' id='block_1_3' title="bbox 44 3869 235 3882">
    <p class='ocr_par' dir='ltr' id='par_1_3' title="bbox 44 3869 235 3882">
     <span class='ocr_line' id='line_1_35' title="bbox 44 3869 235 3882; baseline 0 -8"><span class='ocrx_word' id='word_1_277' title='bbox 44 3869 235 3882; x_wconf 38' lang='grc' dir='ltr'><em>,ᾖ</em></span> 
     </span>
    </p>
   </div>
   <div class='ocr_carea' id='block_1_4' title="bbox 98 3976 937 4288">
    <p class='ocr_par' dir='ltr' id='par_1_4' title="bbox 100 3976 362 4046">
     <span class='ocr_line' id='line_1_36' title="bbox 100 3976 362 4046; baseline 0.004 -15"><span class='ocrx_word' id='word_1_278' title='bbox 100 3976 120 4046; x_wconf 89' lang='lat'><em>¹)</em></span> <span class='ocrx_word' id='word_1_279' title='bbox 138 3976 205 4032; x_wconf 86' lang='lat' dir='ltr'><em>Ihit.</em></span> <span class='ocrx_word' id='word_1_280' title='bbox 224 3977 299 4032; x_wconf 90' lang='lat' dir='ltr'>XXI.</span> <span class='ocrx_word' id='word_1_281' title='bbox 320 3977 362 4032; x_wconf 75' lang='lat'><em>29.</em></span> 
     </span>
    </p>

    <p class='ocr_par' dir='ltr' id='par_1_5' title="bbox 98 4057 414 4124">
     <span class='ocr_line' id='line_1_37' title="bbox 98 4057 414 4124; baseline 0 -12"><span class='ocrx_word' id='word_1_282' title='bbox 98 4057 120 4124; x_wconf 86' lang='lat'><em>¹)</em></span> <span class='ocrx_word' id='word_1_283' title='bbox 139 4057 206 4115; x_wconf 83' lang='lat' dir='ltr'><em>ibid.</em></span> <span class='ocrx_word' id='word_1_284' title='bbox 225 4059 234 4112; x_wconf 97' lang='lat' dir='ltr'><em>l</em></span> <span class='ocrx_word' id='word_1_285' title='bbox 263 4057 318 4112; x_wconf 88' lang='lat' dir='ltr'><em>XII</em></span> <span class='ocrx_word' id='word_1_286' title='bbox 346 4073 368 4111; x_wconf 86' lang='lat' dir='ltr'><em>e.</em></span> <span class='ocrx_word' id='word_1_287' title='bbox 389 4059 414 4113; x_wconf 82' lang='lat' dir='ltr'><em>t.</em></span> 
     </span>
    </p>

    <p class='ocr_par' dir='ltr' id='par_1_6' title="bbox 98 4131 937 4288">
     <span class='ocr_line' id='line_1_38' title="bbox 98 4131 937 4205; baseline -0.008 -14"><span class='ocrx_word' id='word_1_288' title='bbox 98 4135 118 4204; x_wconf 78' lang='lat'><em>¹)</em></span> <span class='ocrx_word' id='word_1_289' title='bbox 137 4137 203 4205; x_wconf 71' lang='lat' dir='ltr'><em>epp.</em></span> <span class='ocrx_word' id='word_1_290' title='bbox 221 4138 312 4196; x_wconf 82' lang='lat' dir='ltr'><em>Innoc,</em></span> <span class='ocrx_word' id='word_1_291' title='bbox 332 4137 383 4192; x_wconf 92' lang='lat' dir='ltr'>III.</span> <span class='ocrx_word' id='word_1_292' title='bbox 402 4137 444 4194; x_wconf 82' lang='lat' dir='ltr'><em>ed.</em></span> <span class='ocrx_word' id='word_1_293' title='bbox 463 4136 576 4192; x_wconf 85' lang='lat' dir='ltr'><em>Belntii.</em></span> <span class='ocrx_word' id='word_1_294' title='bbox 601 4137 631 4198; x_wconf 89' lang='grc' dir='ltr'><em>Τ,</em></span> <span class='ocrx_word' id='word_1_295' title='bbox 653 4136 689 4192; x_wconf 89' lang='lat'><em>11.</em></span> <span class='ocrx_word' id='word_1_296' title='bbox 708 4153 736 4204; x_wconf 86' lang='lat' dir='ltr'><em>p.</em></span> <span class='ocrx_word' id='word_1_297' title='bbox 755 4133 798 4188; x_wconf 86' lang='grc'><em>68.</em></span> <span class='ocrx_word' id='word_1_298' title='bbox 816 4147 850 4199; x_wconf 82' lang='lat' dir='ltr'><em>ep</em></span> <span class='ocrx_word' id='word_1_299' title='bbox 881 4131 937 4186; x_wconf 78' lang='lat'><strong>¹21.</strong></span> 
     </span>
     <span class='ocr_line' id='line_1_39' title="bbox 101 4217 710 4288; baseline -0.002 -16"><span class='ocrx_word' id='word_1_300' title='bbox 101 4217 120 4288; x_wconf 75' lang='lat'><em>⁸)</em></span> <span class='ocrx_word' id='word_1_301' title='bbox 138 4220 189 4286; x_wconf 74' lang='lat' dir='ltr'><em>An</em></span> <span class='ocrx_word' id='word_1_302' title='bbox 206 4217 340 4286; x_wconf 80' lang='lat' dir='ltr'><em>Rsyneld.</em></span> <span class='ocrx_word' id='word_1_303' title='bbox 361 4217 395 4272; x_wconf 84' lang='lat' dir='ltr'><em>ed</em></span> <span class='ocrx_word' id='word_1_304' title='bbox 415 4233 439 4272; x_wconf 86' lang='lat' dir='ltr'><em>e.</em></span> <span class='ocrx_word' id='word_1_305' title='bbox 461 4219 539 4272; x_wconf 75' lang='lat'>1265.</span> <span class='ocrx_word' id='word_1_306' title='bbox 558 4233 585 4274; x_wconf 86' lang='lat' dir='ltr'><em>n.</em></span> <span class='ocrx_word' id='word_1_307' title='bbox 605 4219 647 4272; x_wconf 77' lang='lat' dir='ltr'><em>tn.</em></span> <span class='ocrx_word' id='word_1_308' title='bbox 668 4220 710 4272; x_wconf 76' lang='lat' dir='ltr'><em>tt.</em></span> 
     </span>
    </p>
   </div>
   <div class='ocr_carea' id='block_1_5' title="bbox 0 0 1430 4834">
    <p class='ocr_par' dir='ltr' id='par_1_7' title="bbox 0 0 1430 4834">
     <span class='ocr_line' id='line_1_40' title="bbox 0 0 1430 4834; baseline 0 0"><span class='ocrx_word' id='word_1_309' title='bbox 0 0 1430 4834; x_wconf 95' lang='lat' dir='ltr'><em> </em></span> 
     </span>
    </p>
   </div>
  </div>
 </body>
</html>
