2828 4842
246 489 286 544 De
305 489 333 543 vi
354 489 477 544 coactiva
494 489 630 544 Ecclesiae
648 487 677 543 in
695 488 853 545 haereticos.
1059 489 1112 545 845

33 631 128 712 imbuti,
150 634 181 696 in
195 634 424 698 Innocentium
439 632 490 697 ΠΙ
513 631 660 719 aliosque
684 633 873 714 Pontifices,
897 633 987 718 quod
1011 635 1111 698 armis

31 744 50 790 et
71 731 262 815 inquisitione
292 730 457 796 haeresim
490 732 586 796 istam
611 729 759 817 aliasque
784 733 968 817 exstirpare
999 733 1109 796 conati

29 827 80 902 sint,
101 828 242 914 quodque
265 831 390 894 severis
413 831 539 915 poenis,
563 830 629 893 imo
655 839 687 893 et
710 829 825 894 ultimo
850 828 1012 916 supplicio
1037 829 1111 894 hae·

29 926 115 988 reticos
143 928 318 994 affecerint.
373 927 614 991 Vehementius
645 929 745 992 etiam
779 927 968 992 declamant
998 938 1113 992 contra

27 1025 166 1088 saeuitiam
190 1036 357 1090 cruentam
382 1037 415 1090 et
437 1025 618 1090 fanaticam
637 1028 891 1110 crucigerorum,
916 1029 973 1113 qui
993 1029 1115 1114 inpacati

27 1143 73 1180 raa
90 1122 198 1204 poods'o
222 1121 382 1188 Catharoa
405 1127 440 1188 in
464 1146 618 1210 rogorum
644 1124 795 1189 flammas
829 1125 1046 1210 projecerint3
1081 1135 1113 1189 ot

26 1221 213 1302 usurpationis
236 1223 378 1308 injustae
402 1232 546 1307 arguunt
562 1222 795 1287 Innocentium
820 1222 957 1309 ejusque
976 1222 1111 1311 legatos,

24 1316 158 1396 praesules
190 1328 220 1383 et
248 1318 399 1404 coucilia,
431 1319 530 1406 quod,
561 1321 692 1406 rejectis
716 1320 872 1405 legitimis
894 1319 1112 1406 principibus,

24 1409 52 1472 dc
69 1433 168 1478 eornm
192 1420 364 1482 territoriis
389 1440 447 1504 pro
463 1418 600 1482 arbitrio
617 1418 848 1504 disposuerint.
874 1457 914 1466 -
943 1416 1113 1498 Quaestio·

23 1529 64 1570 uos
90 1523 162 1576 istae
194 1515 429 1601 dijudicandae
460 1527 537 1581 sunt
566 1516 751 1581 secundum
777 1517 954 1603 principia,
992 1515 1113 1602 quibus

23 1605 168 1675 Pontifices
192 1625 223 1676 et
243 1613 411 1700 praesules
434 1613 642 1696 insistebant,
668 1614 897 1700 factorumque
916 1615 1047 1700 justitia
1071 1637 1114 1679 ex

23 1701 57 1766 his
88 1707 276 1776 dirimenda.
324 1711 428 1778 Aliud
468 1711 625 1777 videlicet
661 1723 720 1790 eat,
759 1715 786 1776 si
818 1714 852 1775 in
881 1712 1057 1778 eventibus
1082 1724 1114 1777 et

21 1799 91 1866 tactis
112 1808 309 1891 quibusdam
334 1809 507 1875 hominum
531 1809 767 1894 imprudentia,
800 1831 918 1891 errore,
948 1811 1029 1874 vitio
1054 1833 1114 1896 per

20 1903 146 1968 accidens
169 1907 333 1992 quaedam
356 1908 555 1972 advenerint
579 1911 688 1972 minus
712 1907 894 1994 probanda.

83 2019 131 2085 38.
178 2021 324 2102 Quidam
348 2034 509 2107 auctores,
533 2027 580 2089 uti
604 2023 782 2109 Bergier,¹)
805 2022 930 2088 bellum
954 2025 1213 2111 Albigen-ladoh·
1230 2035 1284 2077 ΜΗ

19 2113 81 2177 sium
102 2117 187 2184 haud
212 2131 402 2208 susceptum
427 2144 497 2186 esse
521 2133 741 2201 asseruerunt,
767 2122 855 2207 quod
880 2121 925 2186 illi
952 2123 1110 2189 haeretiei
1134 2097 1271 2204 ⁰⁰32?

18 2225 101 2277 essent
123 2238 302 2305 eorumque
326 2220 472 2285 haeresis
497 2220 722 2305 exstirpanda,
747 2219 805 2284 sed
830 2221 919 2306 quod
944 2222 1112 2288 doctrinae

17 2319 158 2379 tuerentur
182 2319 398 2402 turpissimas,
433 2320 494 2404 ipsi
520 2318 586 2402 legi
609 2317 752 2382 naturali
777 2317 875 2404 plane
899 2319 1058 2384 adversas
1083 2331 1115 2386 et

17 2411 137 2476 societati
174 2415 339 2498 funestas,
387 2419 435 2481 uti
482 2438 607 2481 errores
647 2415 688 2480 de
725 2418 951 2500 matrimonio,
996 2419 1036 2482 de
1068 2420 1114 2484 in·

18 2519 94 2588 cestu,
121 2509 161 2574 de
185 2513 360 2578 subeunda
384 2513 528 2597 endura3
561 2514 615 2577 vel
639 2515 726 2600 quod
752 2524 865 2578 contra
885 2515 941 2600 jus
964 2519 1114 2601 gentium

19 2599 107 2670 Petrum
130 2608 171 2672 de
196 2609 400 2676 Castronovo
426 2614 555 2676 occisus
578 2623 681 2694 easet3
712 2612 765 2676 vel
788 2612 871 2676 alias
894 2615 993 2678 etiam
1018 2617 1113 2679 ratio·

18 2721 58 2764 ura
77 2706 209 2772 sollicite
233 2711 427 2796 conquirere
451 2709 658 2774 studuerunt.
707 2710 753 2773 At
774 2713 927 2796 quamvis
951 2712 1114 2797 ejusmodi

17 2797 80 2864 lacta
102 2806 269 2893 ipsiusque
293 2807 438 2872 haeresis
455 2811 647 2894 turpissima
663 2807 791 2872 indoles
807 2810 967 2872 occasioni
982 2809 1114 2890 fuerint,

18 2914 41 2956 ut
60 2905 182 2968 enixius
206 2918 340 2989 urgeret
363 2907 579 2970 Innocentius
603 2906 654 2969 lll
687 2908 855 2992 principes
879 2917 911 2970 et
934 2906 1048 2971 fideles
1072 2908 1115 2972 ad

17 3015 70 3060 rum
97 2999 259 3066 haeresim
291 3002 524 3069 debellandam
559 3015 591 3068 et
621 3005 882 3089 exstirpandam,
918 3014 1029 3068 temen
1057 3008 1115 3090 qui

17 3091 175 3164 Innocentii
207 3101 363 3186 epistolas
392 3113 424 3166 et
457 3105 580 3188 scripta
604 3104 751 3166 virorum
776 3101 864 3166 illius
888 3105 1045 3186 temporis
1069 3105 1114 3166 in·

19 3199 146 3280 aperuerit,
181 3197 274 3263 haud
298 3199 475 3282 dubitabit,
506 3202 668 3264 motivum
692 3199 939 3264 fundamentale
970 3211 1003 3262 et
1024 3222 1115 3285 prae·

18 3289 125 3372 cipuum
150 3297 232 3362 belli
255 3301 399 3384 suscepti
425 3309 540 3363 contra
558 3297 718 3363 Catharos
741 3299 844 3362 fuisse
867 3319 981 3362 eorum
1004 3298 1116 3362 haere·

17 3387 92 3454 ticam
133 3393 350 3461 rebellionem
397 3409 511 3462 contre
552 3397 735 3462 Ecclesiam
749 3448 757 3479 ,
805 3408 838 3462 et
873 3399 1115 3483 oppositionem

17 3483 157 3557 doctrinae
191 3515 307 3559 eorum
339 3509 454 3561 contra
487 3497 588 3561 fidem
620 3495 829 3561 catholicam.
886 3494 999 3574 Quum
1033 3494 1115 3560 haee

18 3601 74 3649 uero
96 3589 228 3656 rebellio
252 3592 419 3658 haeretica
442 3605 475 3658 et
498 3617 645 3658 errorum
669 3595 862 3679 propagatio
888 3593 1006 3658 mediis
1029 3593 1115 3657 ordi-

18 3687 103 3761 nariis,
119 3689 377 3774 praedicatione,
395 3694 611 3757 insectatione
628 3693 799 3777 potestatis
814 3688 933 3772 civilia,
947 3713 987 3754 ac
1000 3693 1116 3776 poenis

18 3775 162 3852 haereticis
186 3789 290 3875 juxta
318 3789 407 3875 leges
440 3791 586 3870 inflictis,
623 3790 703 3854 satis
737 3789 872 3874 reprimi
904 3809 970 3851 non
996 3799 1114 3872 posset,

19 3873 164 3950 Pontifices
176 3887 426 3972 expeditionem
443 3889 624 3954 cruciatam
641 3896 876 3966 evocaverunt,
899 3897 998 3972 atque
1015 3888 1116 3950 etiam

19 3994 164 4062 cnorum,
205 3995 243 4048 ut
278 3987 501 4072 inquisitionis
542 3986 721 4051 tribunalia
760 3986 1038 4050 constituerentur
1072 3983 1115 4048 ad

20 4067 149 4146 haeresim
173 4083 346 4150 efficacius
370 4086 617 4151 eradicandam.
647 4087 772 4150 Nititur
788 4087 890 4169 igitur
913 4084 975 4147 iste
998 4083 1116 4148 modus

74 4273 90 4332 ¹l
108 4272 240 4328 Dictionn.
260 4273 294 4326 de
311 4272 466 4342 theologie,
486 4288 510 4327 a.
530 4273 672 4344 Albipcois
