2868 4844
311 448 365 502 stu
545 446 676 504 XXXIII.
696 448 737 504 De
754 463 854 516 magno
873 447 1027 504 Occidentis
1045 448 1199 504 schismtte.

313 593 476 677 Imprimis
500 600 596 656 crant
609 592 667 676 qni
683 589 831 676 legitimo
847 590 1077 658 adhaerebant
1089 591 1253 673 Pontifici,
1276 596 1417 678 (sumque

311 690 414 756 fuisse
438 689 530 755 illum
555 686 772 774 probabimus
795 691 851 774 qui
875 688 940 754 fuit
963 690 997 754 iu
1021 691 1230 760 successione
1254 691 1417 768 Romanaju

311 788 431 875 reliqui
449 809 527 853 vero
551 797 680 852 anum
707 785 868 852 materiali
893 809 1004 854 errore
1027 787 1069 852 dc
1086 810 1228 874 pemeus
1244 789 1418 855 detinebas

311 897 375 954 tur.
423 887 592 954 Unitatem
626 884 811 952 absolutam
841 907 902 970 per
924 887 1061 950 unicum
1086 885 1198 972 Caput
1227 889 1262 952 in
1283 887 1418 952 Ecclesia

311 982 427 1050 adesse
452 984 573 1050 debere
598 1005 713 1050 omnes
735 983 904 1065 tenebant,
929 985 986 1070 qui
1012 985 1070 1050 uni
1095 983 1149 1050 vel
1173 984 1267 1050 alteri
1292 985 1332 1050 de
1353 1007 1418 1070 pou·

312 1081 441 1146 tificatu
466 1083 748 1162 contendentium,
780 1103 879 1168 quem
898 1081 955 1167 jus
979 1081 1186 1168 probabilius
1209 1081 1328 1148 habere
1347 1083 1420 1168 judi·

312 1179 446 1260 cabant,
470 1179 687 1262 obediebant;
719 1189 752 1242 et
775 1180 821 1244 ita
845 1181 956 1244 animo
981 1189 1076 1244 erant
1098 1182 1292 1266 comparati,
1321 1191 1358 1244 ut
1378 1201 1420 1242 cos

312 1279 370 1362 qui
401 1280 436 1342 in
465 1278 531 1344 alie
562 1289 657 1344 erant
687 1275 879 1344 obedientie
911 1298 976 1342 nou
1002 1287 1039 1340 ut
1061 1269 1291 1344 schii'maticos
1313 1291 1369 1343 aut
1389 1278 1420 1340 ab

313 1377 439 1440 unitate
464 1377 635 1442 Ecclesiae
666 1376 842 1460 praecisos,
876 1373 934 1440 sed
959 1385 996 1438 ut
1018 1375 1135 1440 babes
1159 1384 1193 1440 et
1214 1387 1254 1442 ut
1275 1397 1354 1441 vera
1373 1376 1418 1439 li<-

312 1473 433 1538 clesiae
458 1475 607 1540 membra
633 1472 803 1554 haberent,
837 1481 937 1560 atque
961 1472 1003 1536 ad
1029 1473 1245 1540 concordiem
1267 1477 1419 1540 restitus

312 1571 390 1636 dam
414 1573 607 1639 tendebant.
641 1571 730 1636 Hinc
754 1571 932 1636 sufficienti
950 1569 1087 1636 vinculo
1112 1573 1252 1638 unitatis
1275 1573 1372 1636 etiam
1393 1593 1418 1634 ec

312 1679 459 1755 tempore
484 1669 718 1756 ligabantur.¹)

173 1851 287 1892 mmm·
402 1841 432 1904 2.
464 1841 627 1926 Tempore
652 1837 787 1924 quidem
812 1835 900 1902 illins
921 1839 1088 1902 scissionis
1108 1837 1282 1926 paulatim,
1309 1856 1419 1926 propter

146 1913 219 1955 ‘¹⁰¹¹'
233 1916 407 2002 ntro.varia
431 1937 602 2024 adjuncta,
627 1936 752 2000 factum
777 1946 835 2016 cet,
860 1946 897 2000 ut
913 1933 1011 2000 valde
1036 1935 1173 2002 difficile
1197 1947 1286 2002 esset
1309 1941 1358 2017 iis,
1379 1959 1417 2022 qn

312 2035 502 2102 schismatis
526 2037 688 2122 originem
713 2056 777 2098 uon
803 2045 1010 2120 perspectam
1035 2033 1215 2116 habebant,
1241 2035 1417 2100 discernere.

311 2135 386 2220 quis
410 2157 452 2198 ex
469 2132 740 2220 competitoribus
763 2129 931 2216 legitimus
955 2142 1041 2196 esset
1055 2132 1224 2216 Pontifex,
1247 2157 1290 2198 ac
1308 2133 1417 2220 plurim

311 2231 400 2296 bona
431 2231 496 2296 lide
528 2231 585 2296 uni
618 2229 841 2296 adhaeserunt
874 2228 926 2293 vel
951 2227 1055 2298 elteri.
1103 2231 1187 2296 Inde
1212 2243 1328 2296 tamen
1351 2229 1418 2294 haud

312 2329 580 2394 concludendum
605 2339 663 2410 est,
688 2327 752 2392 hac
769 2329 802 2391 in
817 2329 1010 2414 quaestione
1026 2328 1070 2394 ad
1086 2329 1327 2396 certitudinem
1342 2333 1418 2394 elien

312 2451 401 2492 nunc
426 2429 591 2514 perveniri
619 2449 683 2490 uon
700 2448 804 2514 posse.
839 2423 952 2504 Quum
970 2428 1060 2492 enim
1083 2438 1216 2494 exstent
1240 2427 1418 2492 documenta

312 2524 442 2590 illorum
483 2537 686 2611 temporum,
726 2545 811 2612 quae
842 2526 976 2590 semotis
1012 2524 1223 2610 passionibus
1260 2521 1433 2612 tranquilla]

312 2634 422 2688 mente
460 2623 644 2687 examinari
687 2632 833 2708 possunt,
874 2644 914 2686 ex
952 2624 993 2686 iis
1025 2621 1193 2707 judicium
1234 2635 1363 2690 certum
1393 2599 1433 2684 dl

310 2721 488 2786 eventibus
513 2719 601 2784 illius
624 2721 741 2784 aetatis
759 2719 831 2806 jam
857 2717 1011 2808 colligere
1034 2719 1121 2786 licet.
1153 2719 1279 2786 Verum
1306 2721 1419 2810 quiden

312 2829 370 2897 est,
403 2819 550 2883 studium
582 2819 724 2903 partium
760 2818 793 2882 in
826 2827 977 2882 auctores
1007 2817 1137 2882 illorum
1162 2819 1418 2884 documentoruun

312 2919 445 3002 saepius
469 2916 635 2980 influxum
660 2917 858 2994 exercuisse,
884 2927 1029 2980 attamen
1047 2938 1088 2980 ex
1105 2917 1176 3001 ipsa
1193 2917 1313 2982 sedula
1330 2937 1418 2982 corun

312 3015 559 3101 comparatione
585 3015 706 3078 veritas
731 3013 800 3076 erui
825 3025 941 3098 potest.
975 3051 1018 3060 -
1050 3013 1332 3080 Dissertationem
1356 3017 1418 3079 benc

313 3115 358 3178 ita
391 3112 642 3194 distr-ibamus,
681 3124 717 3174 ut
749 3114 894 3198 primum
924 3109 962 3174 dc
995 3111 1143 3176 electione
1184 3111 1313 3178 Urbani
1344 3115 1383 3177 ll
1401 3126 1419 3169 vt

310 3212 488 3274 schismatis
519 3221 599 3290 orta,
634 3210 711 3274 dein
736 3207 774 3274 dc
799 3209 974 3274 schismatis
997 3211 1208 3287 incrementis,
1240 3233 1282 3274 aa
1309 3211 1417 3276 demun

311 3307 350 3372 de
374 3305 506 3372 concilio
533 3309 651 3372 Pisano
677 3329 824 3392 agamus

308 3591 312 3598 '
388 3591 407 3660 ¹)
426 3589 500 3646 Utile
519 3590 602 3644 etiam
622 3589 815 3643 uomntur‘hic
833 3605 902 3656 quae
920 3589 1030 3658 scripsit
1057 3606 1077 3644 s.
1099 3593 1269 3648 Antoninus:
1299 3595 1411 3658 „Eritne

310 3673 410 3739 inquit,
430 3669 611 3724 necessarium
629 3669 667 3722 sit
685 3669 800 3732 credere,
826 3670 897 3724 sicut
915 3685 996 3724 unam
1021 3685 1078 3725 esse
1097 3671 1245 3726 Ecclesiam
1269 3671 1432 3728 cerbellani

311 3768 366 3808 non
389 3753 487 3821 plures,
512 3752 555 3806 ita
573 3759 602 3804 et
620 3749 729 3804 unicum
752 3750 810 3817 ejus
830 3749 978 3814 Pastorem,
1004 3749 1142 3806 Vitalium
1160 3753 1271 3818 Christi,
1301 3761 1385 3810 mmm
1404 3765 1432 3800 n

311 3833 451 3902 contingit
479 3832 568 3900 plures
600 3846 647 3898 per
674 3829 791 3884 schisma
817 3831 903 3884 creari
927 3845 975 3884 seu
994 3830 1126 3886 nominari
1154 3833 1297 3900 pontifices
1326 3847 1417 3890 sunna·

311 3929 366 3968 nno
385 3918 414 3968 et
432 3913 524 3967 ecdem
543 3918 670 3978 tempore,
699 3925 753 3964 non
772 3909 881 3964 videtur
905 3910 987 3964 saluti
1009 3911 1189 3968 uecemsrinnr
1212 3914 1333 3970 credne
1358 3917 1416 3967 isan

312 4009 371 4048 csse
380 3993 425 4048 vel
443 3993 527 4056 illum,
547 3992 593 4046 sed
613 3992 729 4044 alterum
742 4005 842 4054 eorum,
861 3989 908 4058 qui
920 3990 1024 4044 scilicet
1038 3991 1122 4045 suerit
1134 3993 1262 4048 mnouioe
1275 4005 1415 4060 assumptus

312 4071 379 4140 Quis
397 4079 490 4127 antem
508 4071 594 4126 luerit
613 4069 740 4125 canonice
768 4069 877 4134 electus,
906 4086 960 4124 non
979 4075 1089 4124 tenetur
1107 4072 1167 4138 quis
1186 4075 1262 4138 scire,
1291 4073 1362 4128 sicut
1384 4085 1416 4122 nc

308 4153 355 4222 jus
374 4153 539 4218 mannicum,
565 4153 611 4206 sed
630 4153 659 4206 in
678 4151 727 4204 hcc
744 4149 837 4218 populi
856 4151 932 4218 sequi
951 4157 1063 4218 possum
1082 4153 1197 4222 majores
1214 4169 1277 4208 snos
1296 4169 1346 4209 sen
1362 4169 1415 4220 prsr

313 4234 409 4289 latos.··
447 4233 544 4287 Chrcn.
564 4237 635 4300 pert.
655 4231 706 4285 III.
726 4230 771 4284 tit.
792 4231 835 4284 22.
855 4247 876 4286 c.
897 4233 921 4286 il.
