3000 4838
417 437 540 492 Eventus
559 437 669 506 majoris
688 438 826 498 momenti,
1167 438 1203 491 55

90 580 161 645 lavit
194 589 227 643 et
264 603 341 645 cum
385 577 639 645 Cassinensibas
675 581 716 645 dc
752 583 1013 667 praeeminentia
1051 584 1200 664 certavit,

90 677 242 764 simulque
280 678 484 765 imprudenti
530 678 763 763 prodigalitate
801 677 890 743 bona
929 676 1201 744 Cluniaccnsium

89 774 258 860 dispendit.
304 776 395 841 Hinc
418 773 596 840 multorum
619 775 890 841 conventualium
915 777 1068 863 querelae
1091 785 1124 840 et
1146 797 1202 862 op·

88 874 197 956 positio
225 875 262 937 in
286 895 363 938 eum
386 883 521 938 exortae
551 883 637 955 sunt,
671 883 771 960 atque
806 874 1021 940 dissensionis
1054 895 1201 939 rumores

88 972 177 1034 ctiam
200 970 300 1056 longe
321 970 454 1057 lateque
478 981 706 1057 personarunt.

167 1103 220 1169 68.
270 1103 353 1188 ,His
393 1103 581 1168 rumoribus
625 1103 778 1168 dominus
814 1105 954 1170 Pontius
990 1114 1288 1196 provocatusss’onffl
1302 1113 1371 1157 *bb*
1484 1157 1485 1160 η

87 1201 192 1266 scribit
214 1203 334 1266 Petrus
350 1201 569 1283 Venerabilis,
594 1201 833 1286 indignationis
856 1205 1017 1289 impetum
1041 1227 1140 1292 quem
1164 1207 1199 1268 in
1240 1178 1271 1220 ⁸¹⁵
1285 1178 1341 1221 Μ’

86 1297 160 1364 alios
182 1302 330 1366 fortassis
359 1299 512 1364 derivare
545 1300 714 1383 debuerat,
753 1303 788 1365 in
816 1303 961 1387 seipsum
994 1305 1133 1386 retorsit,
1169 1309 1202 1368 et

86 1395 215 1462 Romam
241 1397 345 1462 veluti
369 1399 543 1484 praecipiti
568 1420 666 1462 cursu
690 1399 815 1482 adiens,
847 1411 884 1464 ut
907 1423 1006 1464 curae
1029 1401 1202 1487 pastoralis

86 1495 301 1560 sollicitudine
339 1495 530 1579 solveretur,
570 1496 743 1560 dominum
774 1499 900 1582 Papam
941 1499 1125 1581 (Calixtum
1153 1497 1201 1586 Il)

87 1595 240 1658 instanter
264 1595 453 1680 rogavit...
472 1593 528 1659 ‚ls
552 1595 588 1657 in
611 1596 727 1680 primis
751 1595 882 1661 abbatis
905 1597 1015 1660 Pontii
1039 1597 1202 1661 voluntati

87 1701 115 1754 et
141 1693 292 1778 petitioni
325 1693 416 1755 omni
446 1689 685 1756 exhortationis
717 1696 791 1758 nisu
827 1695 991 1777 resistens,
1027 1704 1202 1781 postquam

87 1811 155 1853 eum
176 1813 245 1855 non
269 1811 365 1877 posse
389 1788 519 1853 deflecti
551 1811 571 1852 a
604 1793 769 1876 proposito
801 1791 895 1874 vidit,
933 1792 976 1856 ab
1009 1793 1099 1857 omni
1123 1813 1203 1856 cura

87 1883 309 1952 Cluniacensis
332 1887 502 1968 ecclesiae,
533 1897 571 1950 ut
592 1887 789 1973 postulabat,
821 1889 974 1955 absolvit.
1021 1889 1202 1955 Absolutus

86 1985 155 2050 inde
178 1986 329 2074 ejusdem
353 1986 465 2071 Papae
488 1987 703 2071 permissione
726 1987 887 2073 Apuliam
918 1991 1026 2075 petiit,
1057 1986 1201 2074 indeque

87 2087 161 2148 mari
184 2085 379 2148 manumisso
399 2082 676 2169 Hierosolymam,
701 2107 831 2171 semper
855 2096 892 2151 ut
914 2096 1131 2173 proposuerat
1154 2085 1201 2150 ibi

88 2200 264 2260 mansurus,
294 2184 455 2268 pervenit.
503 2180 595 2267 Papa
619 2183 776 2248 fratribus
808 2183 1085 2250 Cluniacensibus
1114 2183 1202 2270 quod

89 2277 203 2345 iactum
227 2291 277 2344 est
300 2279 473 2360 mandans,
499 2289 535 2343 ut
558 2280 621 2344 sibi
645 2280 778 2345 Patrem
812 2282 971 2366 eligerent
1004 2285 1201 2347 auctoritate

90 2377 260 2461 apostolica
282 2377 516 2463 praecepit.“¹)
552 2377 687 2443 Electus
711 2380 774 2443 fuit
796 2379 896 2464 Hugo
920 2381 964 2462 Il,
989 2390 1023 2444 et
1046 2401 1150 2467 quum
1174 2380 1201 2444 is

89 2485 156 2558 post
166 2478 314 2562 quinque
326 2496 455 2540 menses
462 2475 534 2560 jam
547 2474 691 2560 obiisset,
709 2478 738 2540 ei
753 2480 911 2542 successit
920 2479 1031 2542 Petrus
1042 2477 1201 2565 Mauritii,
1290 2533 1295 2544 .

90 2573 136 2634 vir
156 2582 291 2638 sanctus
313 2575 370 2637 cui
397 2573 592 2637 Venerabilis
616 2595 800 2659 cognomen
824 2575 948 2640 factum
973 2586 1032 2642 est.
1068 2575 1122 2640 Ex
1145 2596 1202 2639 no·

89 2667 251 2735 bilissimis
267 2671 452 2736 Arverniac
475 2671 688 2756 magnatibus
711 2675 872 2758 originem
897 2674 1050 2741 ducebat.
1089 2674 1201 2757 „Man-

89 2769 126 2831 sit
146 2769 267 2834 deinde
290 2768 418 2855 aliquot
440 2771 537 2834 annis
559 2792 611 2834 res
628 2767 855 2836 cluniacensis
879 2774 913 2836 in
938 2793 1029 2858 pace,
1055 2781 1088 2836 et
1110 2768 1203 2835 velut

90 2865 215 2951 sepultis
247 2866 413 2953 prioribus
437 2865 542 2948 malis,
576 2869 699 2953 optimo
734 2870 854 2955 quietis
881 2892 921 2934 ac
947 2873 1107 2934 bonorum
1130 2863 1202 2955 pro·

90 2976 240 3029 sentuum
264 2986 420 3029 successu
444 2963 645 3048 florebat.“²)

169 3097 222 3162 69.
252 3096 319 3164 Sed
343 3119 431 3162 anno
451 3097 536 3162 1125
559 3097 697 3162 Pontius
721 3102 962 3164 transmarinae
986 3098 1201 3164 habitationis

90 3205 249 3276 pertaesus
278 3197 441 3260 remeavit
470 3197 505 3261 in
529 3193 755 3262 Occidentem.
804 3195 1002 3262 Cluniacum
1030 3198 1137 3280 venit,
1169 3205 1202 3259 et

89 3288 175 3356 Petro
198 3292 320 3358 abbate
352 3291 498 3376 absente,
531 3292 701 3359 abbatiam
731 3316 807 3360 cum
831 3299 966 3360 armatis
990 3295 1130 3378 invadit,
1155 3309 1200 3360 at-

90 3389 230 3472 quesibi
254 3393 374 3456 iterum
398 3393 589 3455 monasterii
613 3395 863 3477 possessionem,
888 3403 921 3458 et
946 3394 1077 3459 abbatis
1101 3392 1200 3457 bono·

89 3507 150 3550 rem
181 3510 220 3552 ao
250 3511 373 3554 munus
404 3487 564 3554 vindicat.
610 3489 676 3554 Res
704 3512 783 3555 vero
813 3494 973 3577 pretiosas
996 3501 1067 3556 tum
1091 3512 1201 3555 sacras

90 3593 151 3648 tum
173 3587 338 3671 profanas,
362 3609 478 3651 aureas
503 3597 535 3650 ct
557 3597 740 3672 argenteas,
774 3589 889 3675 diripit
916 3599 950 3654 et
972 3589 1103 3666 conflat,
1135 3609 1199 3674 quo

91 3681 245 3767 stipendia
274 3682 436 3748 militibus
465 3683 582 3750 solvat.
629 3684 719 3750 Hinc
747 3708 869 3771 magna
899 3689 934 3752 in
964 3689 1027 3751 ista
1058 3684 1201 3769 Congre-

92 3781 212 3858 gatione
240 3791 274 3846 et
300 3783 336 3846 in
359 3779 417 3846 illa
438 3783 573 3866 regione
596 3783 800 3867 perturbatio
825 3795 940 3850 exorta
963 3796 1021 3850 est.
1069 3782 1201 3864 Quibus

93 3881 263 3963 compertis,
288 3879 456 3944 Honorius
474 3879 509 3943 11
533 3881 624 3944 misit
647 3880 688 3946 de
703 3881 806 3948 latere
831 3906 889 3948 auo
903 3883 1050 3969 legatum
1065 3881 1201 3945 Petrum

97 4031 284 4047 -———-

157 4127 230 4194 ¹)1)e
247 4128 387 4184 macuta
406 4127 437 4184 L.
456 4128 494 4185 11.
513 4143 536 4185 c
557 4131 599 4185 12.

156 4205 177 4274 ¹)
193 4209 303 4268 Ibidem
