2858 4834
254 519 364 574 Henrici
383 519 411 573 II
429 519 565 586 expeditio
585 520 613 573 in
633 519 798 575 Hiberniam.
1034 520 1084 572 211

26 664 114 749 duplice
133 675 160 728 et
181 665 328 728 haeredes
349 685 422 726 siros
446 664 479 726 in
502 685 588 747 repes
612 672 642 724 et
665 663 807 726 domiuus
836 665 1088 749 inperpetuum,

26 777 42 820 cl
55 764 142 824 dorth
163 764 226 826 ruis
247 761 547 846 confirmaverunt¹l

78 861 120 924 56.
162 860 258 924 Haud
288 869 399 923 tomen
431 880 609 936 censerem,
649 857 790 923 libenter
822 879 877 921 eos
905 860 1087 944 suscepisse
1112 875 1179 948 nouo
1194 873 1253 914 nb·

23 958 73 1021 ilod
92 957 259 1022 dominium
283 978 475 1042 supremum
500 957 638 1020 Henrici
655 955 699 1038 11,
724 955 781 1020 sed
806 958 884 1042 quie
908 956 971 1021 alie
997 955 1088 1020 haud
1116 935 1245 977 ¹⁸¹¹⁸¹⁰¹¹⁸

20 1058 126 1120 eretria
153 1054 303 1120 medendi
337 1053 442 1134 melis,
479 1053 599 1139 quibus
632 1053 674 1117 0b
699 1055 872 1117 intestinas
896 1053 1089 1133 discordias,

21 1151 77 1216 belh
104 1155 282 1240 principum
320 1161 353 1215 et
390 1153 595 1216 incursiones
627 1150 760 1215 hostiles
801 1154 981 1236 piratarum
1013 1150 1092 1236 Sep·

18 1255 147 1316 comonis
167 1251 372 1336 aliorumque
396 1248 602 1314 advenarum
634 1248 814 1329 hostilium,
846 1274 897 1314 res
921 1251 1036 1315 civiles
1058 1263 1093 1314 et

18 1349 213 1414 ecclesiasticae
244 1347 487 1430 affligebantur.
536 1347 635 1411 Brevi
660 1357 736 1412 ante
769 1347 1022 1413 submissionem
1046 1349 1093 1413 in·

16 1447 77 1510 sulae
101 1447 199 1512 clerus
222 1446 405 1512 Hiberniae
432 1445 597 1530 synodum
627 1444 852 1510 celebraverat
882 1446 1093 1526 Armechiae,

18 1543 44 1604 ds
65 1567 116 1630 que
141 1544 254 1609 scribit
286 1543 445 1609 Giraldus
475 1541 703 1607 Cambrensis:
756 1543 966 1625 ,Convocato
1004 1547 1092 1632 apud
1124 1554 1128 1566 ’

17 1644 187 1707 ,lrmschiam
213 1645 312 1706 totius
330 1641 511 1706 Hiberniae
535 1641 632 1722 clero,
657 1652 689 1705 et
707 1665 807 1728 super
829 1642 1035 1708 advenarum
1059 1646 1093 1708 in

18 1740 122 1804 insulam
158 1741 305 1806 adventu
343 1748 482 1805 tractato
515 1741 640 1805 diutius
664 1753 696 1804 et
720 1740 920 1822 deliberato,
959 1742 1094 1807 tandem

14 1843 161 1904 communis
184 1841 331 1903 omnium
357 1841 391 1902 in
416 1838 479 1902 hoc
502 1841 665 1902 sententie
690 1840 829 1904 resedit:
861 1853 995 1927 propter
1022 1863 1095 1926 pec-

14 1950 65 1998 cata
83 1938 200 2002 scilicet
222 1936 335 2023 populi
360 1938 411 2000 sui
435 1958 539 2022 eoque
556 1939 745 2023 praecipue,
770 1939 859 2023 quod
875 1938 1002 2023 Anglos
1017 1938 1096 2002 olim

13 2047 57 2096 un
77 2058 93 2097 a
114 2034 349 2100 mercatoribus
373 2056 473 2120 quam
497 2033 721 2120 praedonibus
740 2046 840 2122 atque
855 2039 972 2122 piratis
989 2059 1097 2100 emere

14 2135 105 2214 passim
133 2146 165 2196 et
194 2136 448 2197 inservientem
481 2132 631 2216 redigere
669 2145 920 2213 consueverant,
962 2135 1097 2199 divinoe

12 2236 119 2294 censuri
150 2230 318 2296 vindictae
352 2231 415 2296 hoc
445 2234 493 2295 eis
516 2232 765 2295 incommodum
795 2232 967 2314 accidisse,
1001 2243 1036 2297 ut
1066 2244 1099 2298 et

12 2327 57 2412 ipsi
81 2351 204 2416 qnoque
227 2329 269 2392 ab
293 2328 410 2394 eadem
434 2339 532 2414 gente
555 2331 590 2393 in
614 2330 807 2394 servitutem
832 2332 906 2394 vice
929 2332 1100 2417 reciproca

12 2423 58 2506 jan
77 2428 270 2512 redigantur.
303 2427 487 2511 Anglorum
511 2449 655 2513 nemque
679 2428 821 2514 populus
845 2428 955 2494 adhuc
971 2432 1099 2514 integro

15 2543 98 2588 eorum
126 2549 236 2612 regno,
265 2528 435 2591 communi
459 2527 566 2611 gentis
590 2527 683 2606 vitio,
711 2525 833 2590 liberos
857 2549 932 2591 suos
966 2526 1101 2592 venales

15 2641 156 2704 exponere,
190 2633 222 2687 et
244 2627 437 2710 priusquam
461 2625 607 2710 inopiam
631 2623 732 2688 ullam
757 2636 814 2689 uut
837 2625 983 2690 inediam
1008 2627 1102 2690 susti·

15 2733 110 2794 nuent,
139 2721 223 2786 lilios
255 2725 403 2809 proprios
435 2735 467 2786 et
495 2731 652 2805 cognatos
676 2724 709 2786 in
734 2722 932 2788 Hiberniam
957 2724 1103 2789 vendere

15 2831 233 2886 consueverant.
287 2821 384 2886 Unde
417 2829 450 2884 et
479 2819 696 2906 probabiliter
726 2821 815 2885 credi
854 2832 978 2908 potest,
1018 2824 1104 2886 sicut

15 2916 172 2981 venditores
195 2918 274 2982 olim
298 2921 343 2983 its
367 2929 400 2982 et
423 2929 596 3004 emptores,
630 2928 698 2982 tam
723 2922 848 2984 enormi
882 2919 1001 2985 delicto
1020 2922 1105 3006 juga

14 3017 151 3080 servitutis
169 3017 241 3102 jam
266 3018 433 3082 meruisse.
469 3016 651 3082 Decretum
675 3028 724 3081 est
748 3019 859 3104 itaque
883 3020 917 3084 in
933 3019 1104 3105 praedicto

16 3112 134 3186 concilio,
165 3125 199 3178 et
229 3136 305 3178 cum
334 3116 559 3179 universitatis
592 3137 755 3180 consensu
778 3115 910 3202 publice
935 3127 1104 3196 statutum,

17 3211 136 3296 uhngli
162 3213 285 3299 ubique
308 3234 368 3299 per
390 3212 534 3278 insulam
558 3215 727 3278 servitutis
752 3213 885 3278 vinculo
911 3216 1103 3300 mancipati.

18 3303 38 3368 iu
61 3311 222 3393 pristinam
250 3321 447 3376 revocentur
476 3310 734 3396 libertatem.“²)
780 3312 873 3376 Haec
905 3335 991 3377 anno
1020 3315 1102 3376 1171

17 3401 120 3471 decreta
140 3408 283 3473 fuerant.
317 3408 384 3474 Sed
408 3431 523 3473 versus
546 3409 647 3473 finem
671 3409 770 3495 hujus
793 3412 872 3474 enni
890 3411 1056 3476 Henricus
1070 3411 1105 3475 II

18 3497 184 3570 Hiberniam
212 3509 398 3593 occupavit,
431 3519 464 3570 et
486 3529 591 3593 usque
615 3506 658 3571 ad
682 3529 828 3572 mensem
854 3508 1003 3592 Aprilem
1026 3511 1106 3573 euni

19 3607 155 3684 sequentis
185 3605 225 3670 ad
251 3627 304 3669 res
328 3604 530 3669 ordinandos
561 3605 608 3668 ibi
632 3608 799 3670 remansit.
847 3606 1019 3671 Praesules
1044 3609 1106 3693 pri·

20 3715 85 3764 unm
109 3712 335 3767 convenerunt
367 3725 443 3767 cum
467 3705 543 3788 rege
567 3705 600 3766 in
626 3703 985 3785 civitateWaterford,
1020 3727 1108 3768 eum·

68 3829 109 3836 ιι-

72 3889 90 3956 ¹)
106 3890 224 3945 chronic
244 3890 279 3944 ad
296 3905 320 3942 e.
343 3892 419 3944 1171,
434 3919 467 3928 -
483 3890 632 3957 ,hogerius
645 3889 678 3943 de
692 3889 820 3943 Hovedeu
836 3889 949 3944 Eboraci
969 3891 996 3944 in
1008 3891 1108 3960 Anglie

22 3975 84 4032 urm,
100 3970 257 4026 oxoniensis
270 3969 429 4024 Academiae
449 3969 591 4038 theologus
610 3970 805 4035 celeberrimus,
821 3971 939 4025 Annales
959 3972 1108 4042 Anglorum

23 4045 82 4099 diois
98 4051 128 4102 eb
146 4068 172 4107 a.
183 4051 244 4116 731,
261 4052 308 4106 ubi
326 4052 392 4107 Vsu,
413 4043 487 4106 Reda
506 4051 613 4114 desinit,
633 4051 667 4104 ad
685 4067 711 4104 a.
725 4051 801 4106 1191.
840 4052 968 4106 Accusati
987 4052 1110 4108 historici

25 4135 88 4186 erte
102 4137 133 4184 nt
149 4130 294 4200 plurmum
312 4131 460 4200 implevit.¹‘
487 4131 577 4185 Nstsl.
589 4131 663 4185 Alex.
686 4131 750 4184 Hist
778 4130 840 4186 eccl.
860 4148 927 4187 saec.
949 4133 988 4186 XI
1007 4139 1035 4187 et
1048 4133 1111 4193 ΧΠ,

23 4212 41 4252 ⁴.
55 4207 91 4261 II.
110 4213 167 4265 Art
188 4211 267 4265 XVII

74 4287 202 4348 ’lIabbc
223 4291 253 4344 X.
275 4293 352 4346 lie-2.

958 4383 1006 4435 ti*
