2840 4840
319 485 369 538 100
530 483 631 537 XXXI.
650 484 690 537 lle
710 483 855 538 abolitione
874 483 982 538 Ordinis
1001 483 1223 554 Templariorum.

317 627 446 690 Dubois
470 629 667 690 nominatus.
677 627 698 707 ¹)
745 625 953 691 Convocavit
976 650 1054 692 vcro
1079 651 1137 692 rex
1163 631 1314 694 comitiae
1334 631 1413 692 trium

317 723 481 789 Ordinum
506 725 655 788 Turones
679 746 791 788 mense
808 725 897 810 llajo
922 727 1066 804 441308,
1092 727 1206 813 ibique
1231 727 1414 811 congregatis

317 825 484 907 negotium
498 823 634 888 Ordinis
647 822 908 908 Templariorum
922 827 1091 910 exposuit3
1108 847 1223 890 omnes
1239 838 1345 888 444444
1357 847 1414 886 con·

317 923 442 1006 gregati
474 944 515 984 ex
541 919 645 1002 Claro,
677 919 853 984 Nobilibus
878 932 909 985 et
933 921 1054 1007 populo
1079 945 1134 988 eos
1158 945 1229 987 esse
1260 945 1330 987 reos
1352 945 1419 986 mor

155 1015 306 1119 10ῡέ1111οί
318 1029 448 1104 temque
473 1021 590 1082 mereri
615 1016 873 1082 conclamarunt.
920 1017 1073 1084 Clemens
1096 1031 1207 1084 tamen
1240 1022 1419 1106 importunis

172 1142 236 1183 sem
251 1151 273 1182 t
316 1117 591 1201 postulationibus
616 1117 702 1200 regis
726 1117 854 1196 restitit,
832 1115 984 1180 tdonec
1008 1129 1172 1203 postremo
1196 1141 1314 1184 versus
1336 1119 1414 1182 tinen

186 1217 259 1254 '⁸²³¹
317 1218 438 1279 mensis
461 1215 543 1280 Julii
568 1215 716 1279 Pictoris
740 1166 915 1278 convebtio
944 1215 1108 1300 quaedam
1132 1218 1218 1280 inter
1242 1217 1419 1282 Pontificem

315 1325 347 1376 et
370 1335 480 1398 regem
513 1313 663 1376 confecta
695 1322 751 1376 est.
799 1312 983 1397 Praecipua
1007 1312 1106 1398 hujus
1130 1317 1358 1379 conventionis
1379 1323 1419 1375 cri-²

314 1413 383 1497 pita
413 1421 506 1476 erant
536 1413 615 1474 ista:
659 1410 693 1474 1⁰
725 1409 770 1474 Ut
802 1409 982 1495 Templarii
1014 1433 1127 1475 omnes
1157 1411 1364 1476 traderentur
1392 1413 1419 1476 in}

315 1531 431 1573 manus
454 1508 594 1574 Romani
620 1507 800 1589 Pontifiois‚
837 1507 913 1572 dein
945 1530 1033 1590 vero,
1070 1531 1172 1595 quum
1197 1509 1348 1573 Ecclesia
1377 1519 1419 1570 eos

315 1607 479 1671 custodire
503 1627 568 1670 non
592 1616 710 1692 posset,
736 1605 835 1670 iidem
861 1605 1078 1670 redderentur
1101 1609 1169 1690 regi
1195 1610 1330 1671 nomine
1353 1607 1419 1670 Pons

313 1707 411 1770 tificis
435 1704 653 1769 custodiendi.
701 1704 739 1766 2⁰
767 1703 812 1768 Ut
835 1703 878 1768 ad
902 1703 990 1768 bona
1007 1704 1272 1790 Templariornm
1297 1703 1419 1770 arimini

314 1803 448 1868 stranda
472 1804 657 1866 commissio
682 1804 945 1886 constitueretur,
970 1804 1016 1866 ita
1034 1813 1070 1866 ut
1086 1802 1310 1867 membrorum
1336 1801 1419 1890 4444441

313 1915 439 1988 partem
463 1924 532 1982 rex,
564 1901 700 1964 alteram
731 1899 889 1984 deligeret
912 1900 1076 1966 Pontifex
1124 1901 1274 1982 Reditus,
1310 1901 1419 1964 deson

313 2002 378 2087 ptis
402 2001 556 2086 expensis
580 2021 638 2084 pro
657 1997 856 2083 Templariis
879 1998 1052 2078 faciendis,
1077 2021 1136 2085 pro
1160 1998 1247 2064 bello
1272 2021 1365 2062 sacro
1388 2009 1419 2100 441

314 2096 468 2163 servandi
501 2107 603 2179 erant,
635 2117 742 2181 neque
766 2117 825 2159 rex
849 2094 1024 2159 4414414444
1057 2099 1270 2182 appropriare
1297 2063 1419 2198 poterat}

314 2195 567 2261 Concedebatur
593 2205 716 2278 tamen,
747 2205 783 2256 ut
812 2195 882 2279 ipse
915 2195 1092 2278 pecuniam
1126 2205 1158 2258 44
1190 2194 1278 2259 bona
1306 2175 1419 2294 interibi

314 2293 502 2359 custodiret.
541 2331 583 2339 -
622 2293 695 2356 Hoc
720 2290 816 2355 modo
841 2291 1035 2355 remanebat
1058 2291 1192 2378 quidem
1217 2292 1256 2356 de
1273 2291 1419 2382 saetosi

313 2393 524 2458 concessione
541 2388 707 2454 Ecclesiae
731 2391 799 2474 regi
825 2389 858 2452 in
875 2391 1006 2472 negotio
1023 2389 1288 2474 Templariorum
1317 2411 1409 2472 44444

313 2500 475 2577 potestas3
500 2489 665 2574 principia
683 2488 769 2572 juris
793 2497 904 2550 tamen
921 2498 953 2550 et
966 2489 1145 2551 auctoritas
1160 2487 1337 2552 Ecclesiae
1353 2503 1410 2551 sart

313 2599 345 2652 et
367 2598 453 2652 tecta
477 2597 580 2652 erant.
627 2585 737 2671 Atque
761 2583 842 2648 baec
867 2584 1000 2648 videtur
1022 2586 1204 2668 generatim
1230 2587 1265 2650 in
1291 2585 1411 2672 gerend

313 2686 507 2773 pontificatu
528 2685 627 2747 luisse
645 2681 824 2746 Clementis
848 2683 998 2763 intentio,
1023 2693 1060 2746 ut
1080 2684 1244 2770 principia
1267 2695 1414 2748 tueretur

314 2796 479 2849 caeterum
505 2804 582 2846 vero
608 2780 830 2844 conciliationi
856 2778 959 2843 multa
976 2781 1188 2846 concedebat.
1230 2781 1336 2846 Anno
1355 2783 1417 2845 131·

313 2905 390 2948 vero
408 2881 562 2947 Pontifex
580 2878 698 2943 acerbe
714 2878 755 2942 de
772 2877 926 2964 Philippo
946 2878 1210 2964 conquerebatur
1224 2902 1304 2944 cum
1324 2879 1419 2963 legari

312 2983 425 3067 ipsius,
457 2978 566 3065 quoad
591 2977 910 3042 administrationem
935 2975 1096 3040 bonorum
1121 2975 1258 3041 Ordinis
1284 2975 1411 3062 Templ

311 3081 444 3144 riorum.
492 3075 649 3140 Scribunt
679 3072 836 3138 videlicet
864 3073 964 3156 legati
988 3075 1075 3156 regis
1099 3076 1133 3137 44
1157 3087 1286 3139 secreta
1312 3097 1408 3140 suar

310 3175 432 3240 latione
456 3175 487 3240 d.
513 3174 543 3240 d.
570 3175 612 3238 24
636 3172 719 3236 Dec.
744 3172 849 3236 1310:
873 3174 912 3234 Iu
936 3171 1069 3235 articulo
1093 3171 1131 3236 de
1155 3173 1415 3236 udrairu'sirtrtian

312 3273 461 3337 bonorum
490 3271 610 3358 Templi
639 3271 728 3356 requi
757 3272 862 3347 444444,
900 3269 1039 3349 addidit,
1078 3270 1162 3356 quod
1184 3271 1319 3350 sciebat,
1360 3297 1417 3356 qr·-¹

312 3371 417 3435 (44444444
436 3370 655 3456 perdebantur
678 3379 707 3431 et
730 3367 981 3454 dissipabantur,
1010 3379 1040 3430 44
1063 3367 1147 3452 quod
1170 3368 1244 3432 bene
1271 3371 1417 3456 praa-tl

312 3481 363 3534 rat
384 3471 439 3533 doc
461 3467 640 3548 Pictoris.²)

311 3689 494 3696 „ud-nm..
1418 3657 1419 3722 1

384 3842 404 3912 ¹)
424 3839 630 3904 CinBoutaric,
650 3837 822 3902 4114444441τ
841 3837 965 3908 Philippa
984 3838 1074 3894 14Β41
1093 3845 1145 3894 etc.
1164 3837 1261 3894 Rerue
1282 3841 1334 3895 des
1348 3803 1419 3930 Queri

309 3919 785 3986 1444411.0441871ς4414ὀ44444
805 3927 833 3972 et
851 3919 968 3974 extraits
987 3919 1032 3972 das
1051 3919 1216 3974 llanmerits
1234 3919 1270 3974 de
1290 3921 1321 3975 la
1340 3911 1419 3984 1444141

309 4004 408 4070 thequa
433 3999 620 4056 4444444414Τ.
639 4001 699 4057 XX
718 4001 749 4055 P.
769 3998 805 4054 11.
831 4015 857 4068 p.
878 4001 937 4053 175.
963 3997 1106 4067 Pamphlet
1133 3996 1177 4068 (de
1205 3999 1305 4055 Pierre
1327 4002 1411 4056 Donni

309 4084 397 4152 dirige
416 4088 511 4136 contra
531 4081 690 4136 Clementi
710 4097 777 4149 pour
794 4081 819 4133 le
838 4079 926 4134 forcer
944 4083 960 4133 4
979 4079 1130 4147 supprimet
1147 4077 1251 4134 l'Ordre
1270 4081 1312 4136 du
1331 4081 1411 4148 Temp

323 4165 410 4219 1308.

308 4167 318 4232 (
381 4163 404 4332 ²))
424 4261 559 4324 Bostaris„
578 4261 596 4318 l.
616 4277 637 4316 c.
656 4261 686 4314 Τ.
706 4259 754 4316 XI.
791 4259 853 4315 Jan.
873 4259 950 4324 1872,
970 4275 995 4328 p.
1015 4259 1058 4315 26.
