3000 4838
463 449 503 502 De
521 447 737 516 expeditionibus
755 449 891 503 cruciatis.
1221 449 1238 501 ὅ

126 593 229 677 ltalia,
259 592 370 659 Gallia
386 575 428 656 ¹ct
450 591 631 656 Germania
655 591 824 677 praesules
847 601 881 656 et
903 591 1030 674 clerici,
1068 615 1107 657 ac
1143 592 1239 678 plura

125 692 219 758 millia
240 692 402 757 laicorum
426 689 669 756 confluxerunt.
703 690 862 774 „Legatio
876 688 997 776 Optani
1014 689 1238 775 Imperatoris,

122 789 230 856 scribit
244 788 443 870 Bemoldus,
467 787 511 852 ad
525 787 612 852 hanc
636 788 801 872 synodum
819 790 980 874 pervenit,
1006 790 1062 874 qui
1077 788 1238 854 domnum

122 888 240 974 Papam
263 908 444 973 omnesque
469 884 592 951 Christi
616 885 730 950 fideles
754 885 948 972 suppliciter
970 885 1171 976 imploravit,
1203 894 1250 951 ut'

122 985 248 1072 aliquod
272 985 437 1051 auxilium
460 984 525 1049 sibi
549 993 663 1048 contra
687 1006 834 1069 paganos
857 1005 915 1069 pro
939 983 1132 1048 defensione
1147 1007 1238 1050 sane·

122 1099 168 1148 tae
190 1083 361 1148 Ecclesiae
386 1082 580 1166 conferrent,
617 1103 717 1167 qnam
740 1084 864 1168 pagani
889 1082 961 1168 jam
986 1104 1092 1167 paene
1116 1084 1150 1147 in
1173 1082 1239 1147 illis

122 1182 264 1267 partibus
280 1181 482 1260 deleverant,
499 1181 556 1267 qui
572 1189 682 1266 partes
699 1179 771 1245 illas
786 1202 891 1266 usque
906 1180 949 1244 ad
966 1201 1076 1246 muros
1089 1179 1239 1267 Optanae

121 1281 260 1345 civitatis
285 1279 507 1344 obtinuerant.
538 1277 592 1342 Ad
616 1277 679 1342 boc
703 1299 779 1362 ergo
804 1277 967 1342 auxilium
991 1277 1133 1344 domnus
1147 1279 1239 1364 Papa

123 1377 234 1442 multos
252 1378 417 1458 incitavit,
442 1385 478 1440 ut
502 1376 603 1440 etiam
614 1375 832 1462 jurejurando
848 1377 1086 1462 promitterent,
1111 1399 1145 1442 se
1160 1377 1238 1443 illuc

122 1476 186 1540 Deo
217 1485 388 1542 annuente
417 1475 519 1538 ituros
544 1483 576 1537 et
599 1473 707 1538 eidem
732 1473 928 1560 Imperatori
953 1484 1069 1540 contra
1091 1497 1238 1561 paganos

122 1597 292 1660 proposse
316 1594 375 1638 suo
399 1571 628 1636 fidelissimum
653 1571 856 1657 adjutorium
880 1571 1086 1636 collaturos.“
1104 1575 1130 1656 ¹)

204 1726 234 1790 7.
282 1724 439 1789 Urbanus
468 1721 503 1786 II
537 1744 634 1809 porro
667 1725 701 1787 in
730 1721 875 1787 Galliam
905 1724 1084 1809 profectus,
1121 1726 1238 1790 eodem
1267 1753 1396 1794 conanum

123 1845 201 1889 anno
220 1825 307 1890 1095
331 1845 351 1886 a
375 1821 429 1886 die
446 1821 504 1886 18⁰
528 1843 632 1907 usque
655 1821 698 1885 ad
714 1823 797 1886 28¹²”2
814 1822 1013 1887 Novembris
1027 1821 1237 1889 Claromonte
1252 1817 1409 1920 ‘lffim

122 1922 203 1986 alind
227 1921 348 1987 habuit
371 1919 559 2002 concilium,
593 1922 627 1984 in
651 1941 716 2006 quo
740 1921 860 1984 iterum
885 1919 926 1984 de
950 1919 1035 1984 bello
1070 1943 1161 1986 saoro
1186 1945 1237 1985 ac·
1353 1907 1358 1920 ⁸

123 2031 183 2084 tum
207 2031 267 2084 est.
303 2021 421 2100 „Auno
438 2017 638 2082 Dominicae
662 2019 901 2082 iucarnationis
925 2016 1066 2104 chv.
1092 2019 1161 2086 ind.
1178 2019 1237 2086 lv.

121 2117 197 2182 XIV
231 2117 309 2183 Kal.
349 2115 536 2180 decembris
567 2115 733 2180 celebrata
761 2127 810 2180 est
841 2115 931 2202 apud
956 2113 1238 2182 clarummontem

124 2217 303 2280 Arverniae
320 2214 467 2300 synodus
483 2214 694 2300 praesidente
709 2213 846 2279 Urbano
863 2215 964 2299 Papa,
990 2215 1240 2282 considentibus

122 2313 325 2378 diversarum
348 2313 597 2397 provinciarum
622 2311 881 2397 archiepiscopis
905 2333 1042 2377 numero
1059 2313 1138 2396 XII,
1163 2336 1239 2379 cum

121 2413 282 2498 episcopis
304 2409 449 2490 LXXX,
474 2408 653 2474 abbatibus
677 2413 871 2475 innumeris.
903 2459 911 2474 .
938 2463 944 2476 .
970 2460 977 2474 .
1007 2410 1104 2475 Tunc
1128 2423 1160 2476 et
1183 2435 1239 2476 ox-

121 2509 240 2595 peditio
280 2509 369 2572 facta
407 2518 456 2572 est
490 2523 523 2571 et
557 2509 736 2572 constituta
766 2509 915 2593 equitum
946 2519 979 2572 et
1010 2509 1161 2595 peditum
1196 2510 1240 2577 ad

120 2607 326 2672 Hierusalem
358 2618 390 2670 et
420 2605 502 2670 alias
527 2607 627 2670 Asiae
660 2606 816 2671 ecclesias
843 2629 863 2670 a
887 2605 1127 2672 Saracenorum
1151 2621 1239 2694 potc-

119 2715 196 2770 state
224 2705 404 2787 eruendas,
438 2718 471 2768 et
494 2705 528 2768 in
552 2725 665 2768 eorum
689 2703 786 2768 bonis
811 2727 914 2790 usque
938 2704 981 2769 ad
1004 2705 1148 2771 reditum
1172 2729 1239 2794 pax

119 2807 275 2869 continua
298 2801 575 2889 promulgata.“²)
614 2801 771 2866 Pontifex
795 2803 874 2888 ipse,
900 2812 936 2866 ut
959 2802 1091 2868 videtur
1113 2807 1240 2869 iteratis
1482 2807 1484 2892 l

119 2901 257 2983 vicibus,
288 2921 399 2965 coram
424 2899 636 2964 multitudine
660 2899 849 2985 praesulum
874 2922 913 2965 ac
937 2900 1085 2966 fidelium
1109 2903 1240 2968 fervida

118 3000 306 3086 eloquentia
333 2997 375 3062 de
407 2995 494 3062 bello
525 3018 618 3062 sacro
649 2996 861 3083 suscipiendo
893 3020 1077 3063 sermonem
1110 2999 1238 3066 habuit.

118 3097 238 3163 Relatis
270 3096 367 3161 malis
400 3099 435 3162 iu
459 3095 596 3161 Oriente
620 3093 819 3160 Christianis
846 3096 889 3160 ab
914 3096 1104 3163 infidelibus
1127 3098 1237 3180 illatis,

118 3197 231 3280 positis
254 3196 357 3260 etiam
379 3206 457 3259 ante
473 3193 586 3259 oculos
600 3196 750 3258 omnium
766 3193 933 3279 periculis,
959 3216 1043 3280 qnae
1056 3195 1237 3282 Imperium

116 3314 269 3376 graecum
302 3302 336 3356 et
368 3295 557 3356 universam
590 3291 759 3377 Europam
791 3315 810 3357 e
840 3293 1025 3358 Turcarum
1064 3296 1238 3359 invasione

189 3589 209 3650 ⁸)
227 3583 356 3640 Bernoidi
375 3583 497 3638 chronio.
528 3583 562 3638 ad
587 3585 719 3653 a109b;
751 3601 794 3653 ap.
815 3585 983 3646 Wattericb,
1015 3585 1097 3640 Vitae
1124 3585 1238 3640 Pontifi-

117 3683 173 3722 eunr
191 3665 214 3720 1.
235 3667 297 3720 595.
414 3720 418 3730 ,

190 3755 279 3822 ²)Ita
304 3755 333 3809 in
351 3757 480 3810 Actorum
507 3753 670 3823 fragmentis
695 3771 737 3823 ap.
758 3755 845 3809 blansi
865 3755 924 3808 XX.
944 3755 1005 3810 815.
1031 3754 1194 3824 (Wattericb
1214 3756 1236 3808 1.

117 3835 184 3890 598.)
203 3865 238 3876 -
258 3835 409 3904 Scriptores
428 3833 487 3889 lere
505 3835 597 3888 coaevi
616 3835 703 3888 multo
721 3835 850 3904 majorem
870 3835 1023 3902 praesulum
1041 3849 1181 3889 numerum
1195 3835 1236 3889 irri

117 3916 214 3982 synodo
237 3915 357 3969 adfuisse
382 3913 514 3970 referunt.
552 3915 598 3968 Ita
616 3913 759 3970 Orderious
777 3915 892 3969 Vitatis:
923 3916 972 3982 „In
994 3915 1108 3983 synodo,
1133 3915 1237 3988 scribit,

118 3995 279 4050 arvernensi
299 3995 366 4049 xm
384 3998 496 4049 inerunt
515 3994 707 4062 archiepiscopi
726 3995 894 4049 ccccxxv
913 3995 1037 4063 episcopi.
1067 4011 1126 4050 cunr
1145 3995 1236 4049 multi·

118 4075 209 4129 tudine
226 4075 356 4130 abbatum
373 4075 541 4142 aliarumque
559 4091 743 4143 personarum,
763 4074 859 4142 quibus
878 4077 964 4130 aDeo
982 4083 1137 4132 sanctarum
1156 4089 1237 4128 curae

119 4154 258 4225 delegatae
276 4165 342 4210 sunt
359 4155 560 4210 ecclesiarum“
598 4155 671 4211 Hist.
692 4156 754 4210 eccl.
773 4153 805 4212 L.
825 4156 873 4210 IX.
907 4155 958 4210 Sed
977 4154 1005 4208 in
1024 4154 1066 4210 bis
1084 4169 1237 4224 exaggere-

119 4233 156 4286 tio
174 4235 304 4301 maedam
324 4235 434 4290 videtur
452 4236 552 4290 adesse.
