2870 4842
305 462 359 516 Μ
503 461 618 516 XXXII.
636 461 677 516 De
696 459 872 516 Pontificibus
892 460 1033 515 Aveuione
1053 459 1234 516 commoratio.
1431 461 1432 540 1

306 605 495 691 pontificias
526 605 675 670 ecclesiis
707 606 808 670 etiem
839 627 906 670 non
936 625 1067 688 semper
1097 605 1222 688 optime
1245 603 1411 670 consultum

303 703 376 784 fuit,
401 702 489 788 quod
514 703 638 788 pariter
660 724 761 788 supra
776 704 897 768 citatus
913 701 1096 766 Durandus
1119 700 1162 764 ad
1182 699 1376 766 Clementem
1388 701 1409 758 V

303 802 481 886 rescripsit.
512 800 738 866 Nihilominus
755 801 887 866 Aeneas
902 799 1039 884 Sylvius
1063 798 1084 866 1.
1103 822 1131 866 c.
1156 801 1200 864 ad
1224 799 1304 864 haec
1324 821 1414 864 ausus

302 909 352 964 est
382 899 511 964 dicere:
551 897 587 962 Si
616 900 832 984 promotiones
865 899 936 962 tino
971 896 1063 961 Sedie
1091 896 1304 982 Apostolicoe,
1334 897 1414 962 illinc

306 993 525 1083 &piatorem
554 997 718 1062 electiones
748 996 905 1084 conseras,
937 995 1098 1081 smedeu's
1124 997 1279 1082 profecto,
1307 1008 1414 1062 touton

295 1107 466 1182 proestare
491 1097 655 1160 Romanae
680 1095 773 1160 Satio
797 1095 1040 1170 ordinationem,
1064 1105 1217 1180 quantum
1238 1107 1285 1158 eet
1303 1096 1415 1181 prinae

302 1191 395 1258 Sedis
419 1191 582 1279 ootleoium
613 1193 825 1280 emolumenti
848 1194 1001 1280 capitatis
1027 1195 1251 1279 praestantius
1274 1219 1314 1258 oo
1334 1196 1415 1260 eutii·

299 1291 391 1356 mica
442 1288 534 1363 Quod
557 1294 617 1356 otei
639 1315 735 1356 onum
758 1293 849 1358 Rom.
875 1290 1028 1376 Poottfec
1054 1292 1159 1354 minuo
1191 1291 1320 1378 dipnrem
1344 1319 1416 1379 pre-

301 1389 419 1475 byter-io
445 1389 587 1469 donavit,
612 1414 711 1477 supro
732 1390 818 1456 mille
842 1389 1109 1472 iuueriiosrudea
1132 1391 1275 1474 ipssooos,
1301 1391 1419 1457 hebeto.

301 1497 331 1549 et
348 1509 485 1573 prorsus
509 1489 633 1576 ineptos
657 1488 697 1554 ob
722 1489 900 1554 ordinariis
924 1508 989 1552 esse
1009 1499 1181 1573 promotoo.

391 1613 442 1678 78.
491 1613 733 1676 Reservaverat
768 1611 831 1677 sibi
865 1612 1053 1676 Bonifatius
1085 1610 1173 1674 VIII
1208 1612 1369 1677 ecclesias
1395 1630 1419 1673 et

255 1719 261 1730 '
299 1706 463 1774 beneficia
487 1713 608 1792 omnia,
635 1733 718 1796 quoe
743 1731 802 1774 suo
818 1721 966 1795 tempore
981 1729 1041 1794 per
1056 1709 1184 1772 obitum
1201 1731 1417 1795 possesromn

299 1809 333 1870 in
365 1809 457 1872 curia
487 1808 669 1894 pontificali
701 1810 902 1890 vacarent.¹)
962 1806 1116 1871 Clemens
1147 1806 1179 1868 V
1215 1811 1420 1892 pontificatis

298 1925 386 1969 anno
398 1908 504 1991 primo
516 1905 689 1971 ecclesiam
700 1906 987 1990 Burdigalensem,
1009 1905 1050 1968 de
1065 1927 1131 1991 qua
1144 1915 1340 1991 assumptus
1353 1921 1419 1970 erat.

298 2013 331 2066 et
360 2007 596 2068 monasterium
629 2029 653 2070 s.
684 2005 800 2069 Crucis
833 2004 1099 2087 Burdigalensis‚
1133 2001 1197 2067 sibi
1231 2007 1420 2069 reservarit.

298 2121 465 2166 renovans
489 2105 588 2166 etiem
605 2105 862 2168 reservationem
882 2102 1108 2187 supradictam
1123 2101 1287 2165 Bonifatii
1304 2103 1421 2168 VIII-‘²

297 2199 499 2263 Benedictus
530 2201 598 2265 XII
639 2211 751 2265 autem
783 2224 811 2268 a.
846 2201 932 2264 1335
966 2197 1133 2263 Decretali
1173 2199 1228 2262 Ao
1258 2203 1415 2286 raptorem

297 2296 511 2382 Apostolicae
527 2299 605 2363 Sodi
632 2298 752 2364 multos
776 2301 987 2384 episcopatus
1011 2307 1044 2362 et
1066 2319 1164 2383 quam
1191 2296 1342 2382 plurima
1369 2299 1422 2364 alia

296 2393 460 2460 beneficia
490 2399 691 2478 reservavit;
729 2397 763 2461 id
798 2418 875 2460 vero
905 2418 948 2460 ex
972 2394 1155 2459 ambitione
1188 2395 1242 2459 vel
1285 2400 1422 2462 avaritie

296 2492 433 2572 fectum,
458 2515 555 2558 nemo
580 2497 730 2560 sincerae
755 2497 875 2559 mentis
900 2493 1088 2558 contendet.
1137 2491 1218 2556 Erat
1248 2495 1346 2559 enim
1380 2495 1424 2559 ilie

295 2588 450 2655 Pontifex
482 2615 617 2658 severae
643 2595 786 2674 virtutis,
818 2605 850 2657 et
879 2593 1045 2657 beneficia
1068 2591 1263 2656 conferebat
1288 2603 1364 2660 tam
1388 2620 1425 2659 re

294 2687 420 2774 Iigiose,
459 2699 526 2753 tam
567 2691 818 2757 accommodate
855 2690 898 2755 ad
937 2689 1070 2774 regulas
1099 2690 1233 2774 pictatis
1265 2690 1311 2754 ab
1340 2698 1425 2757 omni

297 2787 516 2872 cupiditatum
544 2791 697 2874 contagio
722 2789 1018 2868 defoecatissimae,
1043 2797 1081 2850 ut
1096 2809 1138 2850 ne
1154 2789 1263 2872 optari
1290 2791 1427 2875 quidem

296 2883 349 2948 vel
373 2885 454 2968 fingi
480 2887 662 2972 quidquam
687 2889 790 2973 possit
812 2885 1010 2971 religiosius.
1058 2883 1127 2948 Alii
1158 2884 1323 2972 deinceps
1351 2890 1428 2954 Pon-

295 2980 400 3045 tifices
431 2983 513 3048 alias
544 2985 650 3048 fecere
680 2987 936 3065 reservationes,
977 2995 1010 3046 ct
1043 2993 1117 3069 post
1155 2983 1263 3047 editas
1294 2989 1430 3072 regulos

296 3077 534 3162 cancellariae,
570 3085 753 3168 generatim
785 3081 915 3147 collatio
950 3083 1099 3146 omnium
1130 3079 1358 3148 ecclesiarum
1385 3111 1428 3148 ca-

294 3176 494 3242 thedralium
531 3181 744 3265 Apostolicue
780 3181 858 3246 Sedi
896 3187 1066 3244 reservata
1105 3187 1170 3259 cst3
1212 3177 1429 3248 Concordem

293 3285 404 3340 tamen
437 3278 558 3342 multas
589 3279 794 3344 induxerunt
822 3279 1046 3363 exceptiones.
1078 3315 1121 3324 -
1155 3275 1279 3355 Quoad
1305 3279 1428 3346 beneti-

295 3375 421 3438 ciorum
439 3375 604 3440 minorum
620 3379 879 3440 reservationem
894 3373 1113 3439 Pontificibus
1126 3376 1430 3444 Avenionensibn

288 3470 361 3556 jam
380 3472 473 3557 justa
497 3494 598 3537 causa
621 3474 694 3554 fuit,
726 3473 815 3560 quod
847 3493 948 3560 quum
982 3471 1131 3535 redditus
1155 3493 1197 3535 ex
1222 3473 1328 3539 Italia
1357 3478 1429 3541 defi·

294 3578 416 3652 cenent,
441 3569 505 3633 hac
528 3573 656 3635 ratione
680 3573 826 3635 virorum
845 3570 1032 3654 dignorum,
1057 3570 1114 3655 qui
1133 3572 1168 3633 in
1186 3569 1430 3638 ecelesiastici·

294 3665 504 3731 desudabant
539 3671 696 3754 negotiis,
737 3669 967 3733 sustentationi
1008 3677 1040 3731 et
1078 3669 1205 3732 meritis
1246 3673 1397 3754 provide

294 3763 471 3832 debebant.
519 3764 713 3831 Generatim
738 3768 903 3851 igiturne
928 3788 987 3852 per
1009 3788 1043 3830 se
1068 3767 1324 3834 reservationes
1351 3772 1421 3836 Pon

292 3861 439 3926 tfficibus
462 3862 527 3928 illis
552 3866 633 3928 vitio
658 3867 742 3928 verti
767 3887 833 3928 non
858 3875 1005 3949 possunt.

367 4081 709 4154 1)1111111113.101111111111,
729 4087 747 4141 l.
767 4085 817 4140 111.
857 4087 895 4140 De
914 4085 1004 4153 praeb.
1024 4085 1182 4152 aenigne
1213 4087 1233 4138 1.

366 4161 388 4232 Ἴ1
407 4161 478 4220 Ibid.
497 4182 519 4218 c.
540 4163 591 4218 111.

366 4243 386 4312 ⁸)
406 4243 474 4298 [bid.
494 4261 515 4298 c.
537 4245 612 4298 XIII.
