3000 4838
419 438 459 493 De
477 438 691 508 expeditionibus
709 439 844 495 cruciatis.
1167 441 1201 496 15

90 601 195 644 narum
210 581 458 663 humaniorum,
483 585 596 647 varius
619 594 652 647 et
676 582 850 670 multiplex
873 584 937 648 fuit
951 584 1200 669 expeditionum

90 681 117 743 in
138 679 308 746 Orientem
333 679 524 766 influxus.¹)

169 779 221 843 18.
268 777 417 842 Maxime
447 799 526 844 vero
557 779 800 844 advertendum
831 792 890 861 est,
922 780 1077 865 quamvis
1100 779 1202 844 domi·
1234 795 1359 845 terrario

87 878 167 940 natio
191 875 458 941 Christianorum
482 877 517 941 in
541 875 677 942 Oriente
710 900 777 944 uon
809 877 1050 963 perduraverit,
1069 957 1072 968 Ι
1090 884 1202 940 tamen
1225 857 1361 900 mmmm,

86 976 359 1060 expuguationem
386 973 508 1038 Terrae
531 983 664 1038 sanctae
688 997 728 1039 ac
751 973 985 1039 liberationem
1001 972 1201 1040 Christiano·

86 1093 151 1136 mm
174 1071 307 1136 illarum
331 1073 516 1157 regionum,
540 1071 667 1136 fructus
683 1072 786 1137 fuisse
811 1072 1062 1159 expeditionum
1086 1094 1126 1136 ea
1149 1093 1201 1135 ae·

85 1179 144 1232 tate
167 1168 267 1232 valde
292 1173 488 1256 conspicuos
512 1179 545 1234 et
562 1170 741 1255 jucundos.
777 1171 889 1252 Quum
913 1191 991 1235 vero
1015 1169 1199 1234 Turcarum

85 1270 164 1332 vires
198 1269 236 1331 in
266 1267 404 1334 Oriente
438 1267 618 1332 Christiani
654 1279 849 1352 attererent,
888 1267 986 1332 simul
1017 1266 1202 1333 liberarunt

85 1365 296 1430 Occidentem
328 1387 389 1450 per
419 1364 514 1450 plura
545 1365 676 1431 saecula
704 1377 837 1431 amatu
861 1388 900 1431 ac
923 1376 1047 1431 terrore
1069 1365 1201 1430 illorum

5 1481 6 1492 ¹
84 1461 279 1542 infidelium,
326 1465 384 1549 qui
422 1465 494 1549 jam
532 1463 684 1550 pluribus
719 1465 912 1548 regionibus
949 1463 1200 1530 minitabantur.

5 1549 6 1620 ἶ
83 1560 214 1625 Auxilia
239 1582 334 1646 porro
359 1560 509 1625 efficacia
532 1560 714 1626 attulerunt
737 1560 884 1644 Graecis,
917 1571 950 1627 et
978 1560 1074 1626 bellis
1097 1562 1200 1626 sacris

82 1659 222 1744 profecto
247 1657 283 1722 id
301 1658 516 1724 tribuendum
532 1673 590 1740 est,
615 1660 703 1745 quod
720 1658 1025 1745 Constantinopolis
1049 1681 1114 1724 uon
1127 1660 1199 1745 jam

83 1754 228 1840 pluribus
250 1755 391 1820 saeculis
415 1765 491 1820 aute
514 1780 534 1821 a
557 1757 675 1822 Turcis
699 1767 890 1844 expugnata
912 1757 1022 1822 fuerit.
1070 1757 1199 1837 Quodsi

82 1867 189 1938 postea
221 1863 333 1918 tamen
363 1876 423 1940 per
445 1853 571 1920 Turces
594 1855 776 1941 Imperium
799 1856 966 1920 Graecum
995 1855 1199 1921 destructum

5 2003 6 2008 1
80 1954 145 2036 fuit,
179 1962 281 2038 atque
305 1952 459 2038 Europae
486 1973 589 2038 regna
611 1977 671 2040 per
700 1975 800 2018 saeva
825 1956 970 2040 ipsorum
994 1957 1129 2039 agmina
1151 1955 1200 2018 in·

80 2051 192 2115 testata
216 2059 305 2131 sunt,
330 2049 365 2115 id
389 2050 602 2116 tribuendum
626 2061 676 2116 est
698 2053 801 2116 variis
825 2054 934 2116 causis
957 2073 996 2116 ac
1021 2052 1200 2116 multorum

81 2149 197 2236 culpis3
223 2147 303 2212 inde
317 2158 429 2212 tamen
446 2151 560 2234 nequit
583 2149 706 2231 inferri,
731 2149 819 2215 bella
842 2172 936 2214 sacra
959 2172 1019 2235 per
1041 2172 1076 2215 se
1100 2161 1200 2230 etex

82 2248 185 2313 indole
209 2269 271 2312 sua
295 2246 438 2311 utilitate
461 2257 494 2312 et
516 2248 627 2313 fructu
651 2251 807 2315 caruisse.

88 2413 284 2422 Q·—

80 2515 237 2582 enutrita3
255 2513 400 2581 disciplina
417 2512 581 2572 clericorum,
601 2528 661 2568 oum
680 2514 858 2569 saecularium
876 2519 935 2569 tum
953 2513 1129 2584 romerium
1148 2528 1201 2580 per·

77 2595 225 2650 absentiam
243 2595 428 2664 episcoporum
447 2599 475 2647 et
493 2593 622 2648 abbatum
640 2593 728 2664 megia
741 2593 835 2648 laxata
847 2599 876 2649 et
888 2599 1035 2663 enervata;
1054 2594 1197 2662 disciplina

78 2675 276 2742 poenitentialis
295 2674 418 2740 antiqua,
443 2689 491 2741 per
509 2673 694 2744 indulgentias
721 2673 857 2742 plenarias
882 2674 1028 2740 cruciariis,
1056 2679 1085 2729 et
1102 2679 1201 2742 postea

77 2757 125 2811 illis
143 2772 250 2825 quoquc
269 2755 316 2823 qui
334 2753 478 2822 pecuniam
497 2755 531 2808 ad
550 2770 595 2809 eos
613 2756 805 2810 sustentandos
823 2753 1032 2809 contribuebant
1049 2769 1198 2820 concessas,
1275 2811 1283 2830 ἱ

76 2837 201 2892 oblivioni
221 2835 334 2890 tradita.
360 2833 434 2894 unu
445 2849 514 2901 quae
533 2850 567 2888 ex
580 2819 708 2889 crdeiatis
728 2834 944 2904 expeditionibus
962 2836 991 2888 in
1005 2834 1199 2902 rempublicamv

76 2917 178 2972 civilem
195 2916 382 2980 dimanarunt,
410 2914 438 2968 iu
457 2929 488 2968 eo
506 2914 677 2982 potissimum
696 2915 858 2982 consistunt,
877 2915 947 2983 quod
965 2914 1093 2970 Occidens
1111 2913 1195 2983 pluri·

76 2998 120 3053 bus
137 2997 277 3052 bominum
295 2993 460 3050 millionibus
479 2999 509 3049 et
526 3011 627 3064 magna
645 2995 819 3063 pecuniarum
829 2997 884 3049 via
902 2994 1042 3050 cruciariis
1061 2994 1089 3048 in
1101 2994 1195 3050 Orien-

75 3089 125 3132 tem
144 3081 288 3146 asportata
305 3075 431 3144 privatus
450 3074 541 3140 luerit,
566 3081 599 3129 ut
617 3075 657 3130 nil
676 3075 762 3130 dicam
781 3077 814 3132 de
832 3075 955 3130 civitatis
973 3074 1069 3130 fulcris
1087 3075 1194 3145 negleo

76 3159 133 3212 tw
169 3159 205 3212 In
232 3156 275 3211 bis
293 3156 373 3224 plura
390 3161 456 3209 sunt
474 3161 652 3224 exaggerata,
681 3161 710 3210 et
728 3157 863 3210 recensita
890 3155 1028 3224 quaedam,
1057 3171 1126 3222 quae
1150 3155 1194 3210 vel

74 3239 143 3292 nala
161 3255 217 3292 non
235 3239 355 3301 fuerunt,
374 3236 419 3290 vel
436 3241 545 3290 tautum
563 3251 612 3304 per
629 3235 752 3291 accidens
770 3252 803 3291 ex
822 3236 899 3290 bellis
912 3236 995 3290 sacris
1010 3241 1104 3291 secuta
1122 3241 1194 3290 suut

75 3319 169 3374 illrum
196 3319 288 3383 etiam,
320 3316 390 3384 qnod
418 3315 481 3371 dum
507 3316 577 3371 bona
595 3323 717 3371 recenset
735 3322 838 3381 auctor,
865 3316 997 3384 imprimis
1015 3317 1080 3371 baec
1098 3315 1198 3375 habet:

75 3397 165 3453 „luter
183 3398 304 3453 honines
322 3397 369 3464 qui
387 3397 417 3452 in
435 3396 475 3451 eis
493 3396 582 3466 (bellis
600 3397 696 3462 saeris)
723 3397 871 3465 perierunt.
899 3397 997 3466 ingens
1025 3404 1085 3452 erat
1102 3398 1193 3453 multi-

74 3480 136 3534 tudo
154 3478 322 3548 perditorum
340 3475 427 3531 omnis
445 3476 563 3545 generis,
588 3475 725 3542 nobilium,
753 3477 897 3545 rapacium,
923 3483 952 3532 et
975 3476 1193 3533 turbulentorum

74 3559 234 3624 clericorum,
263 3573 295 3612 ac
313 3557 502 3611 monachorum
519 3571 715 3626 perversorum,
735 3561 891 3625 scortorum,
910 3556 1074 3626 plebejorum
1099 3573 1131 3611 ao
1149 3574 1192 3612 ru·

74 3639 197 3694 eticorum
225 3634 327 3706 abJ'ecti
354 3638 438 3691 animi
467 3643 495 3691 et
523 3653 572 3691 sua
591 3641 665 3692 sorte
683 3637 753 3692 male
771 3641 967 3692 contentorum.
1004 3637 1054 3692 His
1073 3638 1193 3692 emedio

74 3719 193 3784 sublatis,
212 3725 344 3786 qnantum
357 3733 461 3772 snorum
478 3717 617 3772 honestati
636 3723 665 3772 et
682 3717 807 3786 publicae
825 3718 909 3772 saluti
927 3717 1080 3772 consultum
1097 3716 1194 3783 fuerit,

75 3815 148 3854 nemo
164 3807 208 3854 est
225 3799 272 3867 qui
290 3813 345 3852 uon
364 3797 529 3867 intelligat!

145 3897 163 3960 ¹)
181 3897 296 3952 Erudite
314 3903 343 3950 et
361 3897 467 3965 copiose
490 3897 522 3950 de
540 3895 613 3950 bisce
631 3894 831 3963 expeditionum
850 3894 1031 3949 cruciatorum
1050 3893 1191 3949 effectibus

75 3989 101 4030 et
119 3977 229 4044 sequelis
247 3981 354 4031 tractat
372 3977 401 4031 in
420 3991 500 4044 opere
518 3975 604 4031 citato
622 3975 669 4030 Dr.
688 3975 723 4032 E
741 3974 846 4043 Prutz;
877 3975 924 4028 sed
949 3975 1038 4029 animo
1057 3990 1140 4044 aegro
1159 3990 1196 4029 ea

76 4071 142 4122 quae
158 4057 303 4112 Ecclesiam
322 4073 354 4111 ac
372 4057 531 4112 societatem
556 4055 717 4111 catholicam
746 4059 873 4122 spectant
900 4055 958 4122 ipse
985 4055 1191 4122 contemplatur,

5 4197 6 4204 ἵ
76 4137 144 4190 unde
160 4145 187 4192 et
203 4137 378 4208 praejudiciis
396 4137 482 4192 variis
501 4135 530 4192 in
548 4135 753 4204 quaestionibus
772 4133 908 4204 gravioris
925 4135 1056 4190 momenti
1075 4134 1195 4202 plerum·

5 4207 6 4222 ¹
76 4233 125 4282 qne
143 4218 196 4286 ejus
212 4218 417 4286 disqunidones
435 4215 602 4272 afficiuntur.
