2902 4848
373 439 413 494 De
431 439 656 494 condemnatione
673 437 776 495 Huasii.
1098 439 1153 494 329

47 585 213 648 Teutonica
238 583 412 667 (Saxones,
436 583 571 665 Bavari,
595 581 727 668 Poloni)
758 583 822 646 tria
854 583 1013 668 suffragia
1042 584 1075 647 in
1101 603 1152 646 cc·

45 684 131 746 mitiis
161 681 308 764 haberet,
346 703 450 745 unum
476 702 553 744 vero
578 680 770 760 Bohemica,
804 703 834 746 a.
865 681 950 746 1409
990 680 1098 745 edicto
1132 703 1152 744 a

45 778 231 844 Wenceslao
255 789 415 843 statutum
439 789 498 860 est,
532 779 655 842 exinde
685 773 934 843 anteferendam
959 800 1029 843 esse
1050 780 1152 843 natio·

45 899 106 940 nem
128 878 357 958 Bobemicam,
388 877 435 941 ito
459 887 496 940 ut
519 877 603 941 baec
627 879 691 941 tria
715 878 873 960 suffragia
897 876 1044 957 baberet,
1069 875 1151 940 Teu·

44 977 139 1038 tonica
171 995 251 1039 voro
284 995 388 1039 unum
419 975 536 1039 solum.
584 975 624 1039 Id
655 975 834 1038 convenire
859 977 982 1039 iutuitu
1015 977 1152 1060 patriae,

42 1083 68 1135 et
87 1073 239 1137 eumdem
263 1094 387 1143 morem
411 1076 524 1158 vigere
544 1073 682 1137 Parisiis
705 1083 738 1136 et
760 1073 940 1140 Bononiae.
971 1073 1046 1137 Hoc
1069 1071 1153 1136 falso

42 1171 247 1252 asserebatur,
279 1183 377 1258 atque
407 1170 552 1234 edictum
583 1192 620 1234 eo
649 1172 759 1234 minus
783 1193 926 1256 aequum
951 1183 1030 1254 erat,
1064 1171 1153 1258 quod

41 1289 187 1334 numerus
207 1269 389 1349 Saxonum,
413 1267 620 1332 Bavarorum
645 1277 678 1332 et
700 1267 910 1351 Polonorum,
935 1271 991 1355 qui
1012 1270 1153 1352 Pragen-

41 1387 100 1430 sem
125 1367 386 1432 Universitatem
419 1364 687 1452 frequentabant,
723 1365 946 1430 Bohemorum
978 1388 1153 1431 numerum

40 1462 140 1528 decies
157 1465 348 1552 superabat.
381 1464 569 1542 Teutonici,
595 1459 752 1549 magistri'
769 1485 808 1527 ac
826 1463 991 1549 discipuli,
1016 1485 1153 1528 numero

39 1563 163 1625 circiter
173 1564 292 1646 viginti
306 1561 457 1642 millium,
470 1562 694 1626 Bohemorum
707 1562 864 1626 violentia
873 1564 996 1643 vexati,
1012 1562 1154 1646 Pragam

38 1659 250 1746 reliquerunt,
289 1671 323 1724 et
357 1661 505 1724 maxima
537 1669 632 1745 parte
664 1660 801 1744 profecti
842 1671 920 1724 sunt
942 1661 1091 1744 Lipsiam
1119 1662 1154 1724 in

38 1757 163 1838 llisnia,
196 1757 265 1838 ubi,
296 1757 488 1822 faventibus
514 1755 643 1822 Comite
667 1756 873 1842 Thuringiae
902 1767 934 1821 et
961 1757 1155 1822 Marcbicne

37 1853 172 1920 llisniao
197 1854 360 1920 celebrem
381 1856 600 1919 Academiam
626 1857 876 1921 constituerunt.
917 1855 983 1921 Sed
1006 1855 1156 1921 Ioannes

38 1952 102 2016 llus
127 1953 192 2017 bac
215 1955 343 2017 ratione
368 1963 502 2038 propter
525 1973 671 2017 amorem
703 1956 844 2038 patriae,
881 1975 979 2040 quem
1011 1975 1090 2038 prae
1121 1975 1155 2017 se

33 2050 168 2132 serebat,
200 2051 340 2136 gloriam
372 2072 438 2115 non
469 2051 670 2116 mediocrem
705 2051 768 2115 sibi
797 2053 985 2139 acquisivit,
1020 2073 1154 2115 causam

35 2149 232 2213 nationalem
250 2171 328 2213 suae
344 2171 465 2213 causae
482 2148 586 2213 veluti
602 2150 744 2228 miscuit,
770 2173 809 2214 ac
827 2171 906 2214 mox
918 2151 1155 2216 Universitatis

32 2257 136 2311 rector
161 2247 285 2310 electus
309 2257 366 2314 est.

116 2346 174 2410 47.
222 2343 345 2409 Sbinco
378 2354 488 2408 tamen
525 2344 796 2430 archiepiscopus
821 2345 1011 2429 Pragensis,
1052 2365 1154 2428 quum
1166 2351 1276 2390 ursorum
1290 2360 1328 2389 ⁸⁰·

31 2439 176 2506 Hussius
211 2445 317 2528 magis
352 2443 524 2526 magisque
561 2463 637 2506 suos
670 2453 868 2527 propagaret
892 2463 1027 2518 errores,
1065 2441 1153 2525 apud
1199 2417 1299 2452 mm*

30 2539 263 2604 Alexandrum
288 2540 319 2603 V
352 2562 428 2604 eum
452 2542 634 2618 accusavit,
665 2549 765 2624 atque
797 2562 838 2603 ex
862 2540 962 2625 hujus
984 2539 1156 2604 Pontificis

30 2639 189 2702 mandato
214 2637 275 2702 sub
300 2659 407 2722 poena
431 2639 787 2702 excommunicationis
811 2637 991 2723 prohibuit,
1016 2660 1057 2702 ne
1082 2642 1157 2724 quis

30 2736 59 2796 in
97 2735 233 2800 sacellis
267 2737 407 2821 privatis
443 2740 584 2798 verbum
620 2735 683 2799 Dei
723 2736 946 2820 praedicaret3
986 2747 1018 2800 et
1054 2736 1156 2801 libros

29 2829 163 2898 Wiclefi
189 2833 396 2920 aliorumque
421 2833 570 2919 ejusdem
595 2834 765 2897 doctrinae
790 2835 823 2898 in
839 2855 898 2897 suo
923 2833 1045 2919 palatio
1070 2855 1155 2898 conr·

28 2929 99 2995 buri
121 2933 238 3017 jussit.
284 2932 358 2996 Hcs
389 2930 607 2995 nibilominus
639 2933 815 2996 conciones
839 2953 914 2995 suas
939 2933 1156 3011 continuavit,

26 3041 56 3091 et
87 3053 119 3094 a.
151 3029 240 3093 1410
273 3029 315 3092 ad
346 3029 511 3094 Joannem
537 3025 662 3092 XXIll
693 3027 883 3114 appellavit.
922 3029 1045 3095 Sbinco
1078 3050 1156 3093 vero

25 3127 304 3213 archiepiscopus
328 3149 402 3190 eum
429 3149 504 3190 cum
528 3126 663 3190 asseclis
687 3129 765 3204 suis,
791 3128 877 3191 inter
896 3149 977 3213 quos
995 3127 1156 3212 Hierony·

25 3246 99 3289 mus
116 3226 164 3289 de
178 3225 287 3309 Praga
303 3224 404 3288 etalii
430 3224 557 3288 nobiles
576 3224 778 3305 eminebant,
803 3226 1158 3290 excommunicationis

24 3326 199 3388 sententia
223 3324 393 3408 percussit.
442 3322 600 3406 Sequenti
625 3335 771 3406 tompore
796 3323 911 3386 Hussii
936 3345 1036 3387 causa
1061 3323 1157 3386 vehe-

24 3425 178 3486 mentius
201 3423 327 3504 agitata
351 3429 417 3501 cst3
442 3443 500 3484 rex
525 3431 625 3504 atqua
647 3422 764 3504 regina
788 3442 861 3484 cum
888 3419 1000 3484 multis
1024 3442 1157 3504 magna·

21 3519 114 3584 tibus
156 3519 324 3583 Hassium'
360 3519 596 3604 protegebant3
644 3519 788 3583 Hussius
826 3530 936 3583 autem
972 3519 1156 3583 Bononiam

22 3621 162 3697 citatus,
199 3638 299 3702 quum
332 3639 398 3681 non
430 3629 645 3702 compareret,
676 3639 696 3680 a
725 3613 894 3680 Cardinali
925 3615 1073 3680 Colonna
1104 3639 1158 3680 ex-

22 3717 301 3780 communicatus
315 3727 373 3780 est.
407 3715 503 3778 Hanc
528 3716 726 3778 seutentiam
743 3713 954 3778 confirmavit
971 3713 1158 3778 Cardinalis

21 3813 270 3892 brancaccius,
296 3815 348 3876 cui
362 3812 383 3876 J
386 3833 510 3876 cannes
524 3812 657 3875 XXIII
674 3833 809 3874 causam
821 3811 935 3876 Hussii
949 3814 1159 3876 commiserat

20 3910 306 3991 examinandam,
330 3923 364 3974 et
386 3911 657 3996 archiepiscopus
672 3911 795 3976 Sbinco
820 3931 893 3973 eam
918 3919 1077 3974 executus
1101 3923 1158 3979 est.

19 4011 94 4074 Hns
129 4007 321 4094 appellavit
351 4009 394 4072 ad
420 4008 607 4073 ConcIlium
639 4007 794 4091 generale
818 4019 850 4071 et
874 4010 1050 4072 conciones
1083 4031 1159 4072 suas

20 4106 255 4174 continuavit.
301 4106 438 4170 Studuit
460 4115 570 4170 autem
595 4105 805 4191 aliquatenus
836 4128 870 4168 se
900 4106 1094 4191 justificare,
1127 4118 1160 4170 et

17 4208 184 4292 porrexit
215 4203 452 4269 Universitatis
486 4206 682 4289 praepositis
719 4204 955 4268 documentum
988 4207 1021 4267 iu
1052 4203 1158 4268 forma
