2850 4834
296 419 348 474 198
492 419 607 476 XXXII.
627 419 667 474 De
686 418 864 474 Pontificibus
883 421 1022 475 Avenione
1043 421 1222 476 commorata.

296 573 395 650 atqua
426 585 468 626 ex
499 561 696 628 electoribus
729 564 865 651 quidam
898 563 988 628 haud
1020 564 1121 628 alieni
1151 565 1280 629 fuerunt
1306 589 1323 629 a
1350 565 1404 628 tali

295 663 437 744 negotio,
463 661 520 725 sed
545 660 588 725 ab
612 660 767 726 omnibns
790 663 960 726 remissius
984 659 1039 726 illa
1063 685 1115 726 res
1139 673 1329 748 pertractata
1351 675 1405 728 est.

137 770 227 812 laedor·
244 773 266 811 οἱ
295 759 426 823 Nimius
451 762 539 824 enlm
565 759 782 824 adverterunt
806 758 1030 841 difficultates,
1056 781 1096 824 ac
1111 759 1205 825 brevi
1222 773 1293 846 post
1312 783 1404 846 quum

133 835 270 937 wilh}
295 857 486 942 Leopoldus
510 868 723 942 praematura
746 868 851 922 morte
875 857 1052 922 decederet
1064 859 1132 944 (28.
1149 857 1247 923 Febr.
1264 881 1292 924 a.
1306 857 1407 935 13‘26'1,

295 967 446 1021 etrerum
457 955 616 1041 adjuncta
626 965 842 1036 mutarentur,
856 955 898 1019 ab
907 957 969 1020 isto
979 959 1145 1042 proposito
1163 957 1362 1022 destiterunt.
1373 993 1405 1003 -

292 1053 488 1118 Ludovicua
521 1065 632 1118 autem
666 1075 768 1140 quum
801 1055 927 1118 interea
957 1053 999 1118 ab
1032 1054 1233 1120 adversariis
1263 1056 1325 1118 suis
1343 1055 1408 1138 jam

294 1149 525 1216 vehementius
556 1153 812 1234 angustiaretur,
844 1173 962 1238 resque
992 1153 1064 1237 ejus
1095 1153 1130 1216 in
1159 1173 1281 1234 magno
1307 1152 1410 1216 discri-

292 1251 382 1313 mine
406 1265 524 1332 essent,
550 1270 626 1313 cum
642 1248 811 1313 Friderico
837 1271 907 1314 sese
929 1249 1145 1313 reconciliare
1170 1249 1307 1328 studuit,
1328 1271 1408 1312 eum·

292 1370 356 1434 que
394 1369 436 1411 ex
467 1349 662 1433 captivitate
695 1347 831 1412 dimisit.
886 1348 1091 1413 Durissimas
1120 1348 1310 1412 Fridericns
1344 1351 1410 1411 iniit

292 1445 507 1510 conditIones.
538 1445 629 1508 Inter
644 1444 710 1509 alia
727 1444 885 1509 videlicet
898 1445 1043 1529 Imperio
1068 1448 1262 1508 renuntiare
1287 1459 1411 1508 coactus

292 1553 341 1608 eat
357 1565 396 1606 ac
413 1545 613 1627 promittere,
638 1542 724 1607 bello
738 1566 773 1606 se
787 1543 984 1608 destiturum
997 1554 1031 1608 et
1043 1543 1199 1608 omnibus
1216 1545 1342 1608 viribus
1363 1544 1411 1606 ad-

291 1640 516 1708 laboraturum
542 1663 612 1705 esse
636 1643 734 1705 etiam
752 1652 946 1705 contraeunt
962 1643 1017 1726 qni
1032 1663 1064 1704 ae
1083 1643 1205 1727 Papam
1221 1639 1410 1728 appellabat.

292 1751 328 1802 nt
351 1737 393 1802 ab
418 1738 616 1803 electoribus
639 1751 672 1804 et
694 1740 795 1804 fratre
819 1762 877 1804 suo
901 1738 1072 1824 Leopoldo
1097 1750 1333 1822 agnosceretur
1357 1741 1410 1801 lm·

291 1846 432 1922 perator.
483 1837 632 1900 Joannes
663 1837 767 1901 XXII
799 1846 832 1900 et
862 1836 1052 1922 Leopoldus
1092 1835 1302 1901 conditiones
1341 1841 1411 1900 istas

290 1935 487 2019 rejecerunt,
523 1956 692 2020 quumque
717 1935 908 1999 Fridericus
933 1936 1136 2020 promisisset
1160 1958 1194 1998 se
1220 1937 1254 1999 in
1280 1939 1408 2020 eaptivi-

290 2042 392 2096 tatem
417 2053 486 2096 esse
509 2054 730 2112 reversurum,
755 2034 782 2096 si
807 2032 1016 2097 adversarios
1039 2032 1214 2097 Ludovico
1240 2034 1410 2098 conciliare

290 2152 357 2195 non
381 2141 500 2215 posset,
533 2129 566 2193 id
592 2129 741 2194 Joannes
772 2132 834 2215 ipsi
860 2129 1041 2215 prohibuit,
1076 2131 1217 2214 pristina
1242 2153 1324 2195 vero
1344 2133 1422 2220 jura

291 2250 377 2314 quae
401 2249 443 2292 ex
467 2228 627 2304 electione
652 2228 694 2294 ad
719 2249 858 2312 regnum
883 2227 1031 2291 habebat
1054 2230 1082 2290 ei
1108 2231 1297 2313 restituit.¹)
1346 2229 1422 2307 Qru‘

291 2328 325 2390 in
357 2347 391 2388 re
424 2335 511 2390 certe
536 2326 690 2390 Pontifex
723 2328 919 2390 auctoritate
951 2349 1010 2390 sua
1035 2325 1228 2411 Apostolica
1253 2330 1318 2391 rite
1344 2349 1412 2390 usus

292 2435 350 2505 est,
375 2445 477 2508 quum
492 2423 671 2508 judIoaret,
697 2424 860 2510 ejusmodi
877 2424 1019 2488 reditum
1038 2423 1208 2488 Ecclesiae
1225 2437 1260 2488 et
1277 2427 1410 2511 imperio

290 2522 359 2586 fore
384 2524 616 2607 perniciosum.
667 2522 893 2587 Nihilominus
924 2523 1115 2587 Friderious
1146 2523 1326 2588 Ludorico
1363 2523 1407 2586 ad·

291 2619 406 2698 haesit,
432 2631 465 2683 et
489 2621 611 2685 exinde
635 2642 705 2684 sese
730 2623 863 2706 penitus
886 2620 1154 2686 reconciliarent.

348 2762 401 2826 48.
427 2763 540 2826 Mense
548 2760 734 2848 Septembri
744 2763 868 2826 a.1325
881 2761 1007 2826 scilicet
1017 2771 1168 2848 paratum
1182 2786 1216 2826 se
1230 2763 1409 2828 declararit

290 2859 483 2923 Ludovicus
514 2859 557 2924 ad
581 2863 667 2944 regis
698 2882 818 2924 nomen
851 2881 889 2923 ao
920 2869 1116 2944 potestatem
1141 2883 1217 2924 cunr
1244 2861 1410 2926 Frideria·

289 2957 582 3037 communicanda,
623 2960 669 3022 ita
706 2968 742 3022 ut
780 2957 878 3021 simnl
908 2967 1095 3042 regnarent.
1144 2957 1208 3023 Sed
1242 2963 1405 3046 priucipes

289 3054 446 3120 electores
467 3055 687 3138 declararunt,
712 3067 875 3142 atrumque
900 3079 987 3120 omne
1003 3061 1061 3146 jas
1086 3057 1130 3119 od
1145 3057 1323 3142 Imperium
1346 3061 1420 3153 arrii,

288 3156 375 3219 sisae.
408 3153 512 3218 Paulo
537 3165 610 3238 post
634 3153 687 3218 die
707 3155 743 3217 7⁰
759 3153 911 3219 Januarii
936 3178 965 3218 a.
987 3155 1072 3218 1326
1088 3153 1287 3220 Ludovious
1306 3157 1420 3222 Ulnruel

288 3275 323 3315 se
347 3251 501 3316 exhibuit
525 3263 687 3337 paratum,
713 3263 749 3315 ut
773 3252 944 3316 Friderico
969 3251 1101 3316 cederet
1125 3275 1265 3336 regnum
1286 3254 1408 3319 Geram¹

289 3352 364 3413 niae
395 3351 524 3436 sibique
549 3350 679 3414 Italiam
710 3373 785 3414 cum
819 3372 940 3414 corona
964 3349 1128 3435 imperiali
1160 3352 1334 3432 retineret,
1363 3349 1408 3412 sed

288 3449 450 3534 ejusmodi
483 3471 590 3512 rerum
627 3448 835 3534 dispositioni
875 3471 937 3512 nec
969 3450 1138 3534 priucipes
1166 3469 1228 3511 nec
1263 3450 1409 3514 Pontifex

288 3548 538 3632 acquieverunt.
590 3545 749 3610 Nonnulli
794 3547 893 3610 etiam
936 3567 976 3608 ex
1013 3545 1192 3610 Germanis
1236 3545 1409 3612 diuturna

287 3646 430 3730 pertaesi
465 3644 661 3727 discordiae,
701 3646 810 3709 missis
844 3643 1029 3708 oratoribus
1065 3645 1106 3707 ad
1144 3645 1408 3710 Arenionensonr

289 3742 410 3824 aulam,
436 3743 640 3828 flagitarunt,
665 3743 864 3808 utJoannes
889 3741 1100 3806 confirmaret
1123 3741 1326 3808 electionem
1351 3743 1398 3808 Fri

289 3842 403 3907 derici.
451 3841 634 3926 Respondit
649 3841 804 3906 Pontifex
829 3863 863 3904 se
889 3842 1011 3914 mirari,
1036 3841 1124 3925 quod
1149 3842 1320 3925 ejusmodi
1346 3865 1406 3905 con

288 3941 430 4004 firmatio
455 3939 647 4024 postuletur,
680 3941 802 4002 decreto
827 3936 988 4002 electionis
1019 3961 1082 4001 non
1105 3936 1224 4018 oblato,
1260 3965 1319 4006 nec
1343 3943 1418 4022 d⁴¹l¹l

361 4215 382 4284 ¹)
402 4216 534 4282 Rsynald.
555 4211 578 4268 a
601 4215 676 4271 1325.
696 4230 723 4271 n.
744 4216 768 4270 2.
