2868 4844
414 409 455 465 De
474 410 721 471 Reservationibus,
1057 413 1109 466 219

13 553 94 617 solius
115 554 210 634 Petri,
242 555 296 618 cui
321 556 441 618 caeteri
474 553 640 636 suberant,
671 563 815 640 potestas
843 554 906 618 fuit
929 555 1106 634 ordinaria,

12 666 92 736 atque
120 652 161 715 ad
184 651 254 737 ejus
289 673 493 716 successores
528 652 648 716 deferri
683 650 809 717 debuit.
856 652 934 718 Post
969 662 1105 718 mortem
1117 663 1281 704 ἕνῃ-Μ·

12 751 104 834 itaque
121 748 350 834 Apostolorum
376 749 435 814 soli
453 749 593 814 Romani
609 750 797 828 Pontifices,
822 771 888 836 qua
902 773 1108 815 successores
1150 724 1244 766 “m

12 845 92 924 Petri,
115 849 284 933 episcopos
308 848 508 912 constituere
535 857 712 932 potuerunt
735 847 851 912 eodem
876 870 941 934 quo
965 851 993 912 is
1012 849 1108 934 jure3

12 943 54 1006 ulii
77 945 107 1009 id
131 967 194 1010 non
219 955 398 1031 potuerunt
421 945 540 1025 facere,
573 947 636 1010 nisi
670 969 713 1010 ex
737 969 891 1032 expresso
925 957 982 1010 aut
1010 949 1109 1011 tacito

12 1041 212 1108 Romanorum
236 1042 437 1108 Pontificum
469 1065 641 1109 consensu.
690 1044 803 1129 Lapsu
835 1046 1002 1130 temporis,
1036 1067 1110 1109 con-

12 1142 113 1204 stitutis
144 1139 389 1227 episcopatibus
428 1152 460 1204 et
498 1139 666 1226 ampliatis
697 1164 810 1205 eorum
842 1142 1043 1226 regionibus,
1075 1152 1112 1205 ut

12 1261 48 1300 res
69 1239 271 1304 commodius
294 1241 518 1325 expediretur,
550 1242 780 1325 episcoporum
806 1239 922 1304 electio
947 1241 1111 1326 episeopis

12 1337 193 1418 provinciae,
233 1337 463 1423 principaliter
494 1338 711 1424 metropolitis
743 1339 946 1424 synodisque
981 1341 1110 1424 provin·

12 1434 130 1498 cialibus
159 1439 335 1500 commissa
369 1437 440 1502 fuit.
488 1437 527 1500 Id
552 1448 662 1501 tamen
693 1435 776 1501 nihil
809 1436 981 1502 detrahere
1004 1438 1113 1521 potuit

12 1531 38 1592 le
59 1555 207 1618 supremo
226 1535 314 1620 jure,
340 1557 404 1621 quo
429 1557 560 1621 semper
583 1537 677 1620 potiti
704 1547 780 1599 sunt
804 1546 835 1599 ct
859 1537 1030 1621 potiuntur
1051 1534 1111 1598 Ro-

12 1633 80 1694 tnani
97 1631 275 1697 Pontifices
301 1633 521 1698 constituendi
536 1637 718 1720 episcopos,
744 1637 789 1697 ita
804 1633 949 1720 quidem,
975 1644 1012 1696 ut
1027 1655 1112 1718 quae

12 1730 217 1814 metropolitae
248 1732 434 1817 synodique
469 1731 691 1818 provinciales
725 1735 757 1796 in
793 1733 855 1798 bac
887 1754 922 1796 re
953 1732 1111 1812 fecerunt,

12 1827 55 1908 ipsi
71 1829 146 1912 jure
171 1851 188 1892 e
213 1829 436 1894 Romanorum
455 1831 654 1896 Pontificum
680 1853 841 1895 consensu
873 1831 1034 1912 derivato,
1059 1829 1113 1892 vel

12 1945 101 1988 eorum
126 1949 299 2008 consensu,
329 1927 443 1993 saltem
469 1931 578 1999 tacito.
616 1931 753 2010 sancito,
786 1952 852 1994 non
884 1950 962 1992 vero
994 1951 1011 1991 e
1036 1925 1135 2013 jure¹

12 2021 55 2086 tibi
93 2027 226 2110 proprio
261 2029 398 2109 egerint.
445 2027 525 2090 Ideo
565 2029 663 2090 etiam
700 2029 740 2091 iis
779 2029 859 2112 ipsis
897 2023 1112 2110 temporibus,
1200 2079 1203 2084 .
1243 2049 1246 2054 ·

12 2120 110 2204 quibus
125 2126 358 2208 episcoporum
374 2123 490 2188 electio
516 2148 535 2187 a
561 2125 777 2211 metropolitis
794 2147 834 2188 ae
851 2123 1113 2210 provincialibus

12 2221 124 2300 ¹synodis
150 2221 394 2306 perficiebatur,
431 2222 571 2286 Romani
597 2223 773 2286 Pontifices
793 2224 870 2309 jura
893 2224 1055 2306 primatus
1078 2222 1112 2283 in

12 2315 55 2378 lac
84 2341 116 2380 re
152 2332 384 2402 exercuerunt,
416 2323 487 2384 sive
512 2323 742 2386 constituendo
767 2323 856 2407 leges
887 2322 928 2385 de
952 2320 1113 2384 electione

12 2417 232 2502 episcoporum,
257 2441 339 2504 quas
363 2429 546 2504 temporum
573 2443 612 2484 ac
635 2419 780 2484 locorum
806 2423 890 2484 ratio
916 2418 1112 2504 postulabat,

13 2513 61 2574 tire
84 2515 273 2580 dirimendo
298 2516 371 2580 lites
395 2529 453 2580 aut
477 2517 697 2582 dissensiones
722 2521 755 2582 in
781 2517 998 2582 electionibus
1022 2517 1113 2580 obor-

13 2623 52 2688 as,
73 2615 142 2677 sive
168 2636 228 2699 per
252 2637 285 2678 sc
310 2617 398 2700 ipsos
423 2615 653 2681 constituendo
678 2597 717 2680 ab
733 2616 917 2681 ordinando
943 2617 1114 2699 episcopos

13 2727 51 2788 pro
80 2714 179 2774 certis
218 2713 366 2777 ecclesiis
403 2724 461 2777 aut
495 2715 695 2794 regionibus.
751 2713 870 2794 Quoad
910 2711 1114 2798 patriarchas

13 2805 134 2873 Orientis
169 2811 419 2896 requirebatur,
458 2823 495 2875 ut
527 2812 651 2876 litteras
691 2822 724 2876 et
760 2813 997 2897 professionem
1036 2809 1112 2873 tidci

13 2901 136 2970 lemano
157 2908 313 2972 Pontifici
330 2911 601 2980 transmitterent,
626 2934 644 2972 a
670 2933 734 2996 quo
759 2913 785 2974 si
811 2932 876 2974 non
892 2907 1113 2993 agnosceban-

13 3023 55 3068 tur.
72 3007 141 3090 jam
163 3007 241 3092 jure
265 3007 308 3070 ad
334 3007 445 3071 sedem
471 3030 564 3071 suam
589 3008 795 3089 cadebant.¹)
817 3047 859 3055 —
881 3005 1114 3092 Subsequenti-

13 3121 54 3164 ’rus
75 3103 217 3167 saeculis
249 3128 291 3168 cx
316 3127 380 3191 quo
407 3116 552 3190 tempore
577 3108 697 3170 summi
722 3109 923 3191 imperantes
956 3125 1114 3187 regesque

13 3199 159 3266 christiani
187 3201 381 3286 religionem
408 3203 623 3266 christianam
642 3204 778 3288 professi
795 3213 881 3283 sunt,
907 3224 977 3265 mos
993 3202 1114 3264 sensim

13 3299 142 3383 retinuit,
169 3313 207 3364 ut
231 3311 263 3364 et
286 3303 348 3386 ipsi
375 3304 407 3364 in
424 3304 653 3387 episcoporum
679 3302 838 3366 electione
858 3311 985 3388 portem
1003 3320 1114 3384 quam·

13 3393 67 3462 lam
90 3399 263 3464 haberent.
302 3399 340 3462 Id
367 3411 477 3462 tamen
503 3421 566 3462 non
593 3402 706 3463 nativo
732 3401 875 3484 quodam
901 3420 957 3462 seu
983 3397 1114 3481 proprio

66 3641 84 3706 ¹)
102 3641 162 3694 Non
183 3645 228 3692 est
246 3639 326 3706 hujns
346 3638 404 3702 loci,
425 3637 577 3704 dogmatice
591 3652 624 3688 ex
638 3637 752 3690 Romani
767 3636 907 3690 Pontifieis
920 3637 1038 3703 primatu
1058 3634 1116 3700 eius

14 3731 53 3770 urs
70 3721 153 3787 quoad
175 3719 362 3787 episcoporum
382 3718 544 3770 creationem
564 3716 685 3784 probare.
713 3749 744 3754 —
771 3717 858 3769 Dictis
884 3716 982 3768 addere
999 3713 1116 3782 juvebit,

14 3799 200 3864 tpplicationem
222 3798 395 3853 auctoritatis
414 3797 441 3850 in
462 3797 606 3850 Occidente
625 3797 712 3864 magis
732 3796 915 3850 immediatam
933 3795 1017 3848 fuisse
1036 3810 1116 3860 quam

15 3880 155 3946 uitricum,
182 3897 266 3948 quum
285 3878 314 3932 in
333 3877 477 3932 Occidente
497 3877 528 3930 lt.
550 3876 677 3929 Pontifex
702 3877 785 3930 etiam
810 3875 981 3944 patriarchae
1004 3890 1117 3928 munera

14 3969 133 4014 exerceret,
173 3960 269 4026 Quoad
296 3958 434 4012 Orientem
460 3957 490 4010 R.
517 3957 663 4010 Pontifices
691 3958 847 4024 plerumque
871 3973 930 4010 cum
955 3955 1116 4022 patriarchis

14 4039 114 4104 uetant,
133 4040 233 4108 quibus
253 4039 389 4092 variarum
410 4038 552 4106 regionum
571 4053 642 4101 cura,
662 4037 897 4103 episcoporumque
917 4035 1057 4089 institutio
1077 4033 1116 4086 in-

14 4119 136 4175 umbebat.
177 4119 234 4173 Cfr.
261 4119 399 4182 Zaeearia,
425 4117 640 4172 Antifebronius.
685 4117 831 4170 Febronius
864 4115 1038 4170 abbreviatus
1064 4119 1116 4169 etc.

14 4195 30 4246 l.
47 4200 76 4253 Il.
95 4201 121 4255 O.
143 4201 191 4254 [V.
213 4199 236 4268 ξ.
258 4199 306 4252 IX.
345 4199 405 4261 (Ed.
425 4197 565 4251 Bruxelles
586 4197 674 4265 1829.)
