2850 4834
9 17 309 149 Ψ

265 423 353 482 Series
374 427 534 482 Pontificum
554 426 792 483 Aveniouensium.
1041 425 1092 480 155

9 569 91 632 nodiei
112 568 226 636 caloris
249 573 353 656 ipsum
376 594 490 658 corpus
503 570 577 656 fuit
594 581 771 657 portatum,
796 580 827 634 et
840 570 888 634 tbi
909 571 944 633 in
961 567 1093 634 ecclesia

9 664 138 751 :ellepiete
172 670 395 732 canonicorum
426 669 649 748 saccularium,
688 691 768 753 quae
800 679 930 732 uocatur
962 667 1094 732 eeclesia

9 763 24 824 Β
42 764 151 828 ,dariae
174 766 213 828 de
231 765 353 845 Useatn,
375 767 559 832 Vasateasis
583 767 743 846 dioecesis,
767 789 835 830 cum
851 787 963 850 manno
979 766 1094 830 honore

9 864 98 924 estitit
118 863 280 950 sepultum.
290 864 314 948 ¹)

70 961 96 1024 6.
139 959 238 1040 Quod
271 962 313 1026 ad
343 961 568 1027 characterem
600 962 780 1027 Clementis
803 960 835 1023 V
866 964 993 1040 attinet,
1025 982 1092 1025 non
1112 976 1244 1048 Uthumae

9 1059 169 1122 usentimur
196 1058 327 1143 judicio
353 1059 528 1124 multorum
559 1070 742 1141 auctorum,
775 1061 831 1146 qui
856 1081 932 1123 eum
965 1059 1033 1122 fere
1058 1039 1264 1122 ut⁰¹⁰m⁸¹¹¹¹⁸v'

9 1155 228 1220 instrumentum
246 1155 392 1243 Philippi
407 1155 544 1222 Pulchri
569 1159 659 1222 omni
684 1158 797 1241 vigore
822 1156 1016 1221 destitutum
1041 1177 1095 1220 ex·

9 1249 102 1318 libent.
146 1255 227 1319 Erat
252 1253 404 1320 Clemens
428 1255 620 1320 valetudine
645 1255 805 1334 infirmus,
837 1252 1017 1318 virtutibus
1041 1275 1096 1318 va·

9 1351 45 1412 riis
64 1351 229 1434 excellens,
253 1352 378 1418 litteras
402 1377 518 1418 amans
542 1357 647 1440 iisque
672 1351 833 1432 excultus,
860 1353 900 1416 de
926 1351 1096 1416 Ecclesiae

9 1447 68 1512 luno
100 1449 272 1532 sollicitus,
311 1454 518 1535 negotiorum
560 1454 780 1539 gerendorum
824 1450 924 1515 valde
963 1451 1097 1534 peritus.

9 1545 101 1610 Deerat
130 1549 191 1634 ipsi
226 1549 306 1613 illud
337 1552 440 1615 animi
473 1551 575 1616 robur
597 1574 637 1616 ae
661 1550 819 1616 fortitudo
844 1547 1017 1635 ejusmodi,
1050 1556 1096 1627 ut,

9 1646 255 1728 quemadmodum
293 1647 473 1732 Gregorius
508 1649 585 1730 VII,
625 1651 840 1714 Innocentius
864 1648 925 1728 III,
965 1645 1097 1710 Bonif-

9 1745 57 1806 rius
69 1744 156 1826 VlII,
180 1749 410 1811 auctoritatem
425 1747 521 1812 Sedis
536 1747 747 1834 Apostolicae
772 1747 908 1834 ejusque
927 1745 1004 1831 jura
1021 1764 1097 1807 cnm

9 1843 92 1926 vigore
115 1845 287 1910 decertans
312 1847 508 1928 vindicaret,
542 1859 574 1912 et
598 1847 768 1912 obstacula
792 1865 904 1932 pugna
928 1843 1012 1906 inita
1035 1841 1099 1904 dis-

9 1953 159 2026 mmperet;
185 1965 353 2028 quumque
364 1943 496 2028 judicia
512 1944 698 2009 intellectus
713 1945 806 2030 sequi
822 1941 949 2007 soleant
961 1949 1099 2003 naturae

9 2037 133 2120 indolem,
159 2042 259 2106 etiam
285 2044 504 2126 opportunius
528 2046 657 2107 censuit
681 2065 761 2124 esse,
787 2038 1011 2106 conciliationi
1036 2047 1101 2100 stu·

10 2133 71 2205 «lere,
92 2138 303 2203 difficultates
326 2138 493 2204 declinare
515 2142 568 2205 vel
593 2141 774 2227 prudenter
786 2137 922 2222 diluere,
946 2145 988 2216 et,
1013 2135 1101 2220 prin·

12 2233 79 2318 ripiis
100 2236 246 2314 salvatis,
270 2237 431 2322 patientia
446 2261 484 2302 ac
502 2238 771 2304 concessionibus
787 2235 987 2325 quibusdam
1003 2230 1101 2296 simul

14 2347 96 2412 picem
119 2355 316 2398 conservare
341 2347 508 2400 ettamen
532 2338 615 2401 lines
639 2338 823 2423 propositos
839 2336 1011 2416 attingere.
1045 2330 1102 2392 At-

13 2450 53 2512 que
81 2431 139 2496 hae
164 2435 198 2496 in
223 2455 258 2496 re
281 2455 453 2498 successus
485 2438 564 2500 satis
588 2434 668 2500 felix
693 2435 764 2520 ojus
788 2430 963 2498 conatibus
986 2449 1103 2492 revera

13 2531 168 2612 responditr,
201 2531 259 2594 sed
283 2533 410 2596 minore
435 2533 609 2618 splendore
634 2533 845 2620 pontificatus
869 2529 940 2615 ejus
964 2524 1102 2592 refulsit.

14 2619 181 2692 lamnarum
206 2630 315 2692 minus
339 2630 499 2714 providus
522 2631 586 2696 fuit
620 2634 794 2716 minusque
827 2627 983 2714 prudens,
1023 2624 1103 2688 dum

15 2717 137 2790 Pontifex
160 2734 292 2792 creatus
316 2729 350 2792 in
368 2725 479 2792 Gallia
503 2731 662 2794 remansit
686 2739 719 2794 et
743 2726 861 2792 multos
879 2725 1048 2789 Vascones
1073 2731 1105 2784 et

16 2813 96 2886 Gallos
125 2827 158 2889 in
184 2847 315 2888 sacrum
340 2825 514 2911 adoptavit
538 2825 766 2892 Cardinalium
792 2823 994 2908 Collegium
1025 2828 1105 2883 atta·

19 2935 65 2981 nen
91 2944 129 2986 ex
153 2945 264 2986 rerum
296 2925 553 2989 circumstantiis
583 2923 713 2989 facilius
744 2923 827 2987 haee
857 2921 1104 2985 exeusationem

19 3032 156 3086 narentur.

79 3117 103 3182 i.
148 3117 270 3182 Exstat
300 3119 435 3205 quidem
465 3118 604 3204 epistola
635 3117 837 3204 Napoleonis
869 3115 966 3180 Card.
993 3110 1105 3178 Orsini

22 3228 64 3274 nst
78 3227 211 3280 mortem
231 3215 421 3298 Clementis,
442 3227 583 3282 vacante
599 3217 694 3300 Sede,
719 3216 762 3281 ad
776 3215 971 3300 Philippum
995 3231 1106 3293 regem

24 3312 116 3394 tripla,
153 3316 188 3378 in
220 3337 286 3401 qua
310 3315 525 3380 vehementer
558 3317 780 3402 conqueritur,
816 3311 905 3399 quod
940 3309 1108 3374 remissius

51 3409 168 3477 alesiam
184 3412 363 3477 defunctus
377 3413 534 3478 Pontifex
550 3411 844 3492 administraverit,
871 3419 904 3474 ct
924 3409 994 3494 ejus
1010 3406 1109 3490 culpa

59 3514 177 3576 esertim
204 3511 329 3577 Romae
361 3522 393 3576 et
424 3515 456 3576 in
482 3513 580 3577 Italia
611 3534 733 3596 magna
768 3519 884 3572 exorta
918 3508 961 3571 sit
997 3524 1108 3568 rerum

70 3612 138 3674 atio.
190 3611 273 3676 Urbs
291 3622 373 3688 tota,
405 3609 534 3691 scribit,
568 3611 623 3674 sub
648 3633 683 3674 eo
717 3619 746 3672 ct
769 3631 831 3693 per
854 3631 922 3672 eum
952 3615 1109 3668 extremae

46 3703 99 3768 ‘siue
121 3707 289 3799 subjacuit,
315 3720 345 3771 et
367 3709 456 3773 sedes
479 3709 516 3774 B.
541 3709 641 3786 Petri,
665 3710 727 3771 imo
751 3707 883 3770 Domini
906 3704 1008 3768 nostr-i
1030 3701 1111 3766 Jean

52 3806 118 3882 riui,
141 3808 292 3894 disrepta
317 3817 372 3888 est,
396 3819 425 3870 et
443 3804 687 3893 patrimonialia
711 3828 774 3868 non
795 3825 854 3889 per
863 3803 1045 3889 praedones
1051 3820 1110 3884 po·

79 3929 164 3989 quom
185 3916 324 3970 rectores
347 3903 487 3992 spoliata
511 3915 557 3968 est
580 3916 609 3968 et
632 3903 776 3990 confusa,
801 3911 831 3964 et
847 3900 948 3964 adduc
972 3896 1111 3986 subjacet

28 4042 194 4103 Γ--Ἣ

30 4166 38 4194 ,·.
72 4135 88 4195 ‘l
105 4137 183 4192 Sexta
201 4137 272 4191 vita
291 4135 436 4190 Clementis
460 4143 571 4190 auctore
589 4133 726 4188 Amnlrico
744 4131 878 4200 sugerio,
912 4127 1002 4182 Balut.
1030 4126 1061 4179 Τ.
1089 4123 1111 4190 Ι,

52 4215 96 4271 110.
