2858 4834
287 407 398 462 Henrici
416 405 446 461 11
464 405 601 475 expeditio
620 407 649 460 in
668 404 834 460 Hiberniam
1067 405 1119 458 217

37 563 95 614 urta
120 549 282 636 periodica
313 549 527 614 Dubliniensi
566 573 596 615 a.
632 550 727 614 1883.
742 547 767 634 ¹)
823 546 890 612 Sed
922 549 1119 612 sententiam

37 647 95 712 banc
115 649 240 734 penitus
254 648 427 713 confutare
450 649 543 714 nisus
557 657 607 712 est
621 647 661 712 el.
675 646 707 712 S.
724 645 866 724 Malene,
890 644 1120 732 disquisitione

36 748 125 809 inserta
139 747 173 809 in
190 745 304 810 eodem
320 746 490 832 periodico
504 745 717 810 Dubliniensi
735 767 765 809 a.
785 744 881 826 1884,
907 744 1120 826 contendens,

34 846 216 908 certissimam
239 866 310 909 esse
334 843 425 909 illam
449 845 617 910 Hadriani
639 843 688 907 1v
722 842 765 906 ad
789 843 973 906 Henricum
997 842 1032 907 Il
1055 841 1121 926 epi·

34 941 129 1022 stolam,
159 953 257 1028 atque
280 944 395 1008 inania
418 945 531 1008 omnia
554 950 762 1027 argumenta,
795 961 879 1026 quae
911 949 1026 1005 contra
1050 940 1121 1026 ejus

34 1041 237 1106 cenuiniouom
260 1040 361 1105 allata
391 1040 510 1126 sunt.²)
540 1040 720 1126 Aliquanto
744 1040 932 1102 accuratius
955 1039 1057 1120 igitur
1081 1037 1122 1102 de

32 1137 140 1220 epistola
160 1138 323 1203 Hadriani
354 1161 395 1203 ac
418 1139 461 1202 de
484 1140 677 1225 quaestione
707 1157 792 1222 quae
821 1137 892 1222 ejus
915 1135 1122 1201 authentiam

34 1243 129 1316 *poem
149 1257 297 1320 agamua

96 1343 143 1408 62.
189 1343 380 1427 Censemus,
428 1347 490 1410 ista
533 1343 574 1408 de
614 1343 817 1429 quaestione,
863 1342 1033 1428 supposita
1069 1362 1122 1426 gc·
1141 1347 1285 1442 {ssssffl'

33 1440 163 1505 minitata
188 1442 345 1529 epistolae
368 1441 533 1508 Hadriani
558 1451 724 1506 attextus
747 1440 889 1504 Joaunis
905 1439 1125 1505 Sarisberien·
1270 1430 1276 1444 '

34 1539 71 1616 sis,
89 1536 163 1602 baec
187 1563 331 1626 congrue
355 1539 423 1605 dici
446 1561 553 1626 posse.
601 1539 768 1604 Henricus
792 1535 836 1620 11,
870 1540 918 1602 uti
942 1559 985 1602 ex
1006 1537 1124 1602 litteris

34 1630 172 1702 Pontificis
196 1639 371 1724 colligitur,
403 1638 483 1706 huic
507 1638 756 1724 significaverat
779 1638 995 1702 intentionem
1020 1659 1124 1718 suam,

33 1729 147 1799 laciendi
172 1738 420 1822 expeditionem
452 1739 487 1801 in
511 1735 709 1802 Hiberniam
734 1734 891 1816 insulam,
922 1757 1125 1821 scopumque

32 1833 217 1918 praecipuum
240 1835 451 1900 indicaverat
473 1855 560 1916 eum,
585 1843 622 1898 ut
638 1833 833 1898 auctoritate
856 1854 916 1896 sua
940 1832 1127 1898 mederetur

33 1925 242 2013 multiplicibus
258 1931 365 2015 malis,
390 1932 512 2019 quibus
532 1935 601 2016 jam
626 1930 753 1997 dudum
770 1929 934 1994 Hibernia
957 1931 1126 2015 affligeba-

33 2037 214 2094 carettum
238 2030 338 2096 rebus
354 2029 511 2094 civilibus
526 2029 727 2116 provideret,
751 2039 822 2092 tum
847 2030 992 2093 maxime
1016 2029 1126 2115 quoad

34 2141 69 2183 res
88 2126 318 2194 ecclesiasticas
342 2128 493 2192 ordinem
514 2127 702 2192 restitueret
725 2136 757 2190 et
781 2125 928 2190 debitam
945 2125 1022 2192 Sodi
1039 2126 1126 2212 Apo-

35 2219 141 2287 stolicae
164 2229 413 2294 venerationem
445 2225 600 2291 firmaret.
650 2223 858 2289 Cohaerebat
882 2245 957 2288 cum
982 2234 1048 2289 toto
1072 2246 1126 2289 nc·

32 2319 107 2400 gotio,
128 2331 163 2386 ut
184 2345 374 2411 supremam
390 2323 570 2409 quamdam
592 2324 822 2387 auctoritatem
838 2324 1024 2407 acquireret
1039 2322 1127 2386 Hen-

33 2413 98 2478 ricus
119 2419 148 2484 Il
171 2443 270 2507 super
292 2424 462 2508 principes
487 2419 559 2485 illos
582 2419 773 2507 permultos,
797 2418 1015 2506 perhibentur
1037 2421 1126 2485 enim

32 2507 105 2576 luisse
126 2522 296 2605 sexaginta
320 2530 353 2584 et
375 2519 504 2603 unus³),
537 2517 660 2605 quibus
691 2517 800 2583 insula
833 2517 970 2604 ejusque
1000 2517 1127 2583 incolae

34 2606 167 2698 suberant,
191 2620 314 2704 quique
338 2619 506 2682 continuis
529 2615 704 2682 discordiis
732 2627 764 2679 et
788 2615 883 2680 bellis
907 2637 977 2680 sese
1001 2615 1127 2690 discor,-

35 2705 135 2785 pcbant.
180 2715 346 2781 Henricus
368 2715 403 2780 Il
427 2726 497 2781 arte
520 2714 656 2802 politica
679 2713 986 2800 comprobationem
1012 2736 1126 2800 quarn·

36 2799 89 2868 dam
110 2812 231 2878 consilii
264 2817 316 2878 sui
340 2814 474 2878 videtur
497 2812 540 2878 ab
569 2812 743 2877 Hadriano
772 2814 917 2898 petiisse.
969 2812 1127 2878 Pontifex

36 2895 100 2966 laod
121 2913 276 2991 potuisset
308 2911 471 2998 impedire
500 2911 640 2975 Henrici
672 2908 826 2974 bellicam
859 2909 1126 2998 expeditionem

36 3017 64 3059 tx
81 3001 171 3072 altera
194 3031 272 3075 vero
296 3023 389 3097 parte
412 3031 533 3096 graves
557 3020 652 3074 erant
675 3011 828 3090 rationes,
854 3007 896 3074 ob
912 3031 995 3096 quas
1011 3009 1128 3074 eadem

38 3115 123 3166 rosera
145 3107 230 3172 utilis
255 3107 439 3173 Hiberniae
474 3107 590 3172 incolis
616 3116 649 3170 et
671 3106 820 3193 proficua
851 3107 1002 3192 religioni
1038 3107 1129 3173 vide.

39 3206 110 3264 retur.
152 3201 409 3271 Observandum
433 3227 511 3270 vero
537 3215 596 3287 est,
626 3205 816 3270 nullatenus
839 3206 1049 3270 Hadrianum
1075 3230 1130 3294 po,-

38 3294 113 3360 uisse
132 3305 332 3384 praevidere,
358 3313 474 3390 postea
497 3324 592 3387 reges
617 3301 758 3388 Angliae
783 3303 929 3368 dominio
954 3307 1128 3389 tyrannico

41 3385 103 3456 illam
123 3397 258 3466 insulam
282 3400 466 3466 aiilicturos
490 3423 577 3482 esse3
603 3401 636 3464 id
661 3403 796 3465 omnino
815 3423 878 3488 per
902 3403 1057 3480 accidens,
1082 3405 1129 3466 nti

42 3483 88 3551 lici
107 3494 189 3578 solet,
213 3501 336 3564 evenit.

105 3599 150 3666 63.
172 3604 216 3669 Iis
232 3607 334 3691 igitur
349 3606 384 3670 iu
397 3603 566 3691 adjunctis
579 3604 772 3668 Hadrianus
784 3605 833 3669 IV
850 3604 1025 3669 consilium
1043 3606 1130 3670 Hen-

45 3691 84 3754 ss‘ti
102 3697 130 3762 Il
150 3702 387 3790 comprobavit.
434 3702 580 3767 Donatio
604 3704 736 3788 proprie
754 3702 843 3768 dicta
860 3702 915 3767 illo
932 3702 1130 3767 documento

63 3854 220 3874 “x—-

98 3947 113 3984 ¹¹
129 3950 223 4006 adrian
241 3951 281 4004 Ν
300 3951 354 4005 and
372 3950 488 4015 Ireland,
514 3949 615 4004 Dubliu
633 3949 745 4004 Raview
763 3950 829 4019 July
851 3950 927 4014 1883,
947 3967 972 4020 p.
991 3949 1034 4005 83.

96 4023 226 4094 ’lidrico
244 4030 284 4085 1v
304 4030 358 4086 and
376 4029 493 4094 Ireland,
513 4030 614 4085 Dublin
635 4031 748 4106 Reriew
766 4031 844 4099 April
863 4029 933 4086 1884
953 4047 969 4098 p
998 4030 1059 4087 316.

52 4175 61 4228 l,
74 4101 172 4242 cllll
188 4125 309 4178 proceros
324 4109 443 4180 ,Hiberni
468 4110 496 4165 iu
515 4111 593 4179 epist
615 4113 650 4166 ad
668 4111 801 4166 Joannem
820 4109 910 4176 XXII,
936 4111 1131 4200 iri-(loegum
