2900 4836
328 461 381 516 354
454 461 566 519 XXXV.
586 463 626 516 De
645 460 743 515 Concil.
763 460 913 516 Basilecusi
932 475 964 515 sc
982 461 1015 516 de
1033 461 1139 530 Synodo
1158 462 1319 516 Florentius.
1442 519 1443 572 ,

328 605 430 691 mapis
446 616 589 669 extortae
603 605 734 686 fuerunt
749 607 855 682 minis,
880 627 973 690 quem
997 605 1036 668 ele
1052 615 1155 669 mestte
1169 607 1300 670 Domini
1311 603 1417 688 &osuii

329 705 563 782 emanaverint·
599 725 691 782 nam,
730 714 766 766 ut
793 703 915 788 fertur,
951 702 1100 767 dominus
1133 703 1282 768 Andreas
1315 703 1418 766 Venetus

328 799 464 864 dominii
484 801 668 864 Venetorum
692 811 765 864 tune
788 811 906 878 orator,
931 812 960 864 et
984 801 1089 886 aliquoi
1111 801 1237 866 domim
1260 797 1420 866 Cosdiuoler

329 909 403 962 tune
434 899 523 984 apud
552 900 644 964 Dom.
678 900 853 983 Eupenium
885 909 1091 984 praesentes,
1130 901 1273 962 timentes
1301 898 1418 982 fidunt

327 1019 476 1084 maenum
499 995 685 1060 scandalum
708 999 743 1059 iu
766 995 921 1073 Ecclesia,
945 999 1062 1060 minati
1083 1009 1158 1061 sunt
1176 997 1330 1083 praefato
1350 995 1420 1058 Dou.

328 1095 481 1181 fflupenio,
505 1094 589 1180 quod
611 1095 677 1158 uisi
699 1093 804 1158 bullae
820 1094 897 1158 illas
913 1093 1118 1160 adhaesionis
1133 1095 1324 1172 eoncederct,
1344 1095 1420 1177 ipsun

329 1191 428 1256 solum
458 1192 635 1256 recedentes
667 1191 889 1277 relinquerent.
946 1192 1034 1258 Unde
1060 1193 1218 1278 praefato
1250 1189 1421 1257 Dominoia

329 1289 407 1354 lecto
443 1289 650 1372 decumbente,
685 1289 834 1376 praefati
862 1290 984 1354 domini
1017 1290 1202 1376 refesuutur
1237 1288 1339 1354 bullas
1367 1285 1423 1348 illut

330 1389 438 1453 taliter
468 1387 605 1474 qualiter
635 1387 832 1474 eapediaisse
862 1398 892 1450 et
914 1389 1043 1452 'misisse
1067 1387 1241 1452 Basileam.
1249 1389 1271 1466 ¹)
1317 1385 1424 1450 illorum

329 1498 514 1572 temporum
547 1488 816 1550 circumstantiae
847 1507 926 1550 vera
957 1507 1029 1550 esse
1053 1487 1204 1566 suadent,
1238 1507 1325 1571 qnae
1350 1482 1423 1545 deu

330 1583 480 1668 Eugenio
505 1584 595 1648 illata
619 1585 872 1648 Turreercmata
895 1585 1004 1651 refert.
1042 1583 1076 1650 Si
1102 1586 1190 1648 enim
1215 1583 1426 1648 consideretur.

329 1681 473 1746 schisma
493 1683 563 1768 jam
600 1704 705 1770 paene
738 1682 917 1746 conflatum
953 1683 1070 1762 fuisse,
1106 1702 1230 1768 eosque
1262 1681 1359 1744 etiam
1387 1675 1425 1759 qui

330 1779 480 1866 Eugeuio
505 1779 732 1844 adhaerebant
755 1779 974 1844 defectionem
999 1783 1143 1844 miratos
1166 1801 1248 1858 esse,
1282 1779 1310 1842 si
1334 1772 1427 1839 Basile-

330 1878 464 1942 ensibus
494 1899 560 1942 non
591 1879 780 1958 annuisset3
817 1876 906 1940 domi
932 1877 1076 1963 forisque
1111 1897 1203 1941 arma
1228 1876 1426 1962 perstrepisse.

329 1977 468 2040 Romam
500 1977 534 2039 in
566 1975 700 2039 alterius
731 1975 889 2038 ditionem
922 1977 1105 2052 transiisse,
1138 1976 1311 2060 principes
1341 1991 1428 2036 unua

330 2075 481 2158 Engeuio
495 2075 641 2138 infensos
653 2074 763 2155 fuisse,
777 2075 804 2136 si
816 2071 1050 2156 sigismundus
1060 2072 1248 2158 Imperator
1256 2071 1428 2155 excipiatur.

330 2175 385 2260 qui
419 2171 529 2236 adhuc
553 2171 774 2238 adhaerebat:
809 2191 923 2234 ornnes
946 2169 1043 2236 facile
1069 2171 1288 2255 judicabunt,
1324 2165 1429 2232 nonnisi

329 2273 525 2356 gravissimo
550 2280 640 2334 metu
665 2281 812 2353 urgente,
837 2269 1024 2354 Eugenium
1050 2269 1139 2354 quod
1159 2279 1260 2334 antea
1277 2279 1430 2350 negarent

329 2367 576 2433 Basileensibus
600 2370 811 2432 concessisse.

422 2466 472 2532 15.
520 2467 558 2530 2⁰
581 2467 718 2530 Decreta
741 2465 982 2530 Basileensium
1008 2468 1041 2530 in
1067 2466 1138 2551 ipsa
1169 2465 1235 2530 hae
1259 2461 1357 2529 Bulla
1382 2457 1431 2522 nul·

161 2541 460 2629 ‘'lilii‘''lstenus
493 2565 740 2644 confirmantur,
776 2564 833 2628 sed
863 2575 991 2628 tantum
1026 2563 1196 2628 celebratio
1221 2561 1379 2628 Consilii:
1410 2575 1433 2617 m

330 2683 410 2727 vero
444 2662 577 2727 decreta
610 2661 768 2743 valerent,
799 2663 960 2747 posterior
984 2661 1179 2748 approbatio
1206 2660 1376 2726 Pontificis
1396 2675 1433 2716 ne·

331 2763 473 2826 cessaria
496 2761 621 2825 fuisset.
668 2763 740 2848 Ipse
765 2762 934 2848 Enyeuius,
959 2761 1075 2826 scribit
1089 2761 1357 2832 Turrecremata,
1380 2753 1434 2818 lle

330 2862 452 2924 sentiae
485 2862 520 2923 in
551 2860 769 2946 disputatione
794 2858 938 2945 publiea,
971 2860 1009 2922 de
1040 2883 1104 2945 qua
1132 2879 1190 2922 nos
1222 2861 1258 2922 in
1283 2852 1435 2921 ninnibe

330 2958 493 3022 constituti
515 2957 791 3044 respondebamus,
816 2956 974 3043 allegante
997 2960 1032 3020 in
1048 2957 1200 3043 fauorem
1221 2955 1435 3020 Basileeusim

330 3057 476 3120 Romano
500 3054 626 3119 domino
639 3055 776 3120 Juliano
801 3054 839 3117 de
855 3053 1049 3132 Caesarinis,
1069 3053 1298 3142 praesentibus
1318 3047 1436 3116 domim

335 3152 563 3218 Cardinalibus
580 3151 789 3240 pluribusque
813 3152 889 3216 aliis
908 3151 1069 3238 praelatis
1085 3163 1115 3215 et
1131 3152 1328 3238 officialibus
1349 3149 1434 3212 cessio

331 3251 375 3315 ad
398 3261 612 3337 arpumentum
637 3253 674 3314 de
697 3251 876 3340 husjusmodi
898 3249 993 3315 bullis
1016 3251 1183 3338 respondit
1206 3251 1276 3316 ito:
1298 3249 1371 3314 Nos
1386 3245 1429 3329 qui

331 3349 400 3413 dem
432 3348 506 3413 beue
533 3371 736 3435 propressum
772 3347 909 3413 Consilii
943 3349 1206 3436 approbavimus,
1243 3347 1382 3412 comtes
1415 3353 1439 3402 e?

328 3448 512 3534 procederet
539 3457 574 3510 ut
601 3449 771 3532 inceperat,
803 3470 867 3511 nou
899 3459 1002 3511 tamen
1032 3446 1282 3534 approbavimus
1307 3451 1375 3534 ejus
1399 3441 1435 3502 ἆτ-

331 3557 426 3612 creta.
474 3545 517 3609 Et
539 3547 575 3608 in
597 3546 653 3609 hoc
675 3547 908 3632 sapientissime
923 3547 1026 3632 fecit;
1050 3547 1121 3632 quis
1142 3547 1226 3608 enim
1249 3545 1316 3608 nisi
1340 3545 1428 3626 irupm

331 3644 532 3708 dentissimus
561 3645 713 3730 princeps
745 3643 940 3731 approbaret
968 3644 1096 3708 decreta
1122 3665 1203 3728 quae
1225 3663 1385 3726 nunqssam
1406 3637 1436 3694 π’-

330 3741 430 3805 disset
453 3751 509 3804 out
531 3765 610 3826 quae
631 3743 724 3827 prius
747 3765 811 3804 nou
835 3744 1055 3820 eaeaminasset,
1079 3742 1201 3828 siquid
1224 3744 1260 3804 iu
1284 3743 1330 3803 eis
1353 3741 1439 3800 mins»

330 3850 457 3917 rectum,
481 3841 585 3903 miuus
607 3863 713 3903 oerum
738 3843 921 3904 autminus
944 3840 1116 3926 exepediens
1132 3837 1370 3904 contineretur?
1394 3881 1418 3896 ..

331 3937 501 4000 Praetuea
524 3938 607 4022 qeeod
630 3938 723 4002 Dom.
748 3939 907 4022 Eupeuius
931 3937 1140 4025 approbando
1166 3958 1350 4025 praeessem
1376 3932 1439 3996 t'm·

331 4033 401 4099 eilii
409 4059 472 4098 nou
484 4035 711 4125 approbaverit
722 4035 848 4098 decreta
859 4033 959 4115 illius,
976 4037 1091 4100 emiude
1104 4035 1273 4122 manifesto
1283 4032 1439 4120 sollieitu-

408 4249 427 4317 ι)
447 4247 501 4302 etr.
521 4247 653 4316 Raynald.
675 4265 699 4303 a.
720 4249 798 4302 1334.
818 4263 843 4300 11.
864 4247 887 4301 2.
