2840 4840
368 481 516 536 Dissidium
535 495 595 534 cnm
614 479 842 534 Columuensibus.
1132 481 1166 534 st

59 621 237 688 lumnenses
266 645 336 688 sese
368 623 584 688 ostenderunt
613 624 764 688 addictos
792 623 966 706 Pontifici3
998 624 1056 689 sed
1088 645 1167 687 mox

58 741 151 802 grave
187 733 334 786 exortum
366 733 416 786 est
448 721 632 786 dissidium.
692 720 801 786 Causa
832 731 944 786 autem
974 720 1057 786 haec
1086 722 1165 785 fuit:

17 851 18 868 ι
60 819 297 897 illlattbaens,
324 819 401 886 Otto
417 829 451 883 et
465 819 686 907 Landulphus
711 821 752 884 de
770 817 932 884 Columna
956 819 1044 905 apud
1069 820 1165 884 Boni-

57 915 164 980 fatium
191 918 314 1004 Papam
339 920 509 1004 conquesti
532 935 618 998 sunt,
651 917 738 1004 quod
769 939 789 980 a
820 917 920 980 fratre
949 939 1007 982 suo
1037 915 1165 983 Jacobo

58 1016 218 1080 (luminali
243 1016 376 1102 juribus
399 1019 559 1106 terrisque
583 1015 728 1080 familiae
754 1016 893 1078 fuissent
916 1015 1032 1098 orbati,
1067 1015 1165 1080 illius·
1194 1016 1325 1119 ⁰f¹fgfl⁶¹t

56 1133 121 1196 quc,
146 1123 184 1178 ut
205 1137 243 1178 ca
267 1113 330 1179 sibi
360 1116 619 1195 restituerentur,
648 1115 878 1178 auctoritatem
903 1112 1164 1199 interpellarunt.
1225 1091 1235 1118 ⁸
1280 1107 1286 1119 '

4 1271 7 1276 .
56 1211 233 1276 Bonifatius
250 1212 332 1276 VIII
349 1211 480 1277 illorum
504 1211 802 1322 interpellationem
818 1213 974 1296 suscepit,
999 1220 1031 1275 et
1047 1233 1165 1276 causae

25 1372 30 1385 ,
56 1329 157 1372 eornm
191 1311 418 1394 patrocinatus
448 1319 506 1375 est.
565 1309 639 1374 Hoc
673 1310 854 1393 aegerrime
885 1309 995 1374 ferens
1018 1296 1165 1376 Jacobus

57 1403 233 1472 Cardinalis
269 1407 423 1473 Pontifici
459 1407 629 1471 adversari
663 1408 781 1491 coepit,
818 1417 850 1470 et
883 1418 1036 1492 nepotem
1068 1429 1164 1472 suum

16 1565 17 1568 ,
56 1503 177 1569 Petrum
203 1507 327 1591 pariter
342 1504 551 1570 Cardinalem
577 1504 757 1591 aliosque'
749 1527 784 1568 rn
800 1527 876 1568 suas
893 1517 1002 1590 partes
1019 1509 1164 1572 attraxit.

132 1607 172 1668 2⁰
195 1605 372 1668 Praeterea
396 1601 591 1668 Cardinales
609 1601 857 1685 Columnenses,
881 1603 1028 1669 lacobus
1052 1615 1085 1668 et
1107 1605 1165 1668 Pe-

56 1712 122 1778 trus,
153 1701 296 1766 multum
320 1701 446 1765 addicti
477 1714 571 1766 crant
595 1699 802 1787 principibus
825 1701 1041 1785 Arragoniae,
1076 1701 1165 1766 unde

9 1787 188 1886 Jeousque
219 1801 383 1885 progressi
415 1810 500 1880 sunt,
533 1811 570 1862 ut
601 1819 677 1862 cum
701 1797 828 1863 Jacobs
853 1798 887 1862 Π
917 1809 950 1862 et
980 1797 1056 1863 dein
1088 1821 1165 1863 cum

2 1956 9 1961 .
33 1895 225 1980 :friderica
250 1900 305 1984 qui
324 1896 584 1961 dominationem
608 1898 641 1960 in
668 1895 817 1961 Siciliam
834 1894 1004 1960 Ecclesiae
1027 1896 1163 1960 feudum

1 2069 3 2073 μ
13 2002 272 2085 {usurpaverat
303 1996 486 2059 amicitiam
518 1994 673 2074 colerent,
706 2015 884 2080 eorumque
914 2015 1086 2080 perversos
1114 2016 1163 2060 co-

6 2147 18 2163 ,
53 2103 137 2156 natus
168 2115 368 2180 promovere
400 2092 581 2158 studerent.
633 2094 770 2157 Paratoa
802 2115 835 2156 se
868 2103 917 2157 ost
904 2093 1095 2172 tenderunt
1127 2107 1167 2157 nt

2 2185 12 2262 J
49 2182 252 2256 fridericum
283 2192 443 2277 juvarent
480 2190 523 2255 ad
556 2189 629 2254 loca
665 2191 828 2276 quaedam
865 2192 993 2255 munita
1028 2191 1166 2256 ditionis

1 2289 30 2379 }·.
53 2283 238 2354 Pontifioiae
262 2289 468 2374 occupanda.
477 2288 501 2374 ¹)

127 2388 181 2454 32.
206 2386 397 2452 Bonifatius
421 2388 522 2472 igitur
545 2409 647 2473 quum
670 2387 805 2451 admoui
808 2387 954 2452 tionibus
977 2387 1067 2452 baud
1092 2409 1164 2473 pro-

13 2479 160 2566 ficeret,
186 2509 230 2549 ae
246 2485 288 2548 de
305 2484 588 2568 Colnmnensium,
613 2483 813 2549 vasallorum
838 2506 980 2564 suornm,
1005 2483 1167 2550 fidelitate

11 2581 154 2667 pnerito
181 2582 364 2664 dubitaret,
388 2605 453 2668 quo
478 2585 646 2648 securitati
663 2585 816 2670 propriae
834 2583 1032 2668 provideret,
1057 2584 1162 2670 petiit,

40 2672 118 2759 luta
140 2684 213 2746 suis
239 2680 399 2745 militibus
423 2680 553 2746 illorum
578 2681 709 2746 castella
734 2682 919 2763 Praeneste,
946 2679 1108 2746 Columna
1132 2693 1164 2745 et

56 2773 241 2860 lagarolum
266 2779 519 2844 custodirentur.
566 2778 605 2842 Id
630 2781 664 2842 in
689 2777 853 2843 similibus
886 2780 1017 2843 casibus
1041 2781 1164 2843 summi

55 2872 174 2958 domini,
203 2877 248 2940 ad
275 2877 504 2962 impediendas
529 2876 728 2942 vasallorum
753 2875 948 2942 rebelliones
972 2880 1094 2963 passim
1118 2878 1162 2941 fa·

55 2973 181 3041 ciebant.
211 3011 256 3022 -
280 2974 346 3040 Sed
363 2973 556 3039 Cardinales
574 2973 812 3039 Columnenses
835 2995 897 3038 nec
912 2973 1059 3038 familiae
1083 2997 1166 3039 suae

51 3066 112 3152 jura
133 3095 173 3137 ac
200 3083 317 3153 terras,
349 3093 411 3137 neo
434 3073 605 3137 Pontificis
629 3070 766 3136 militiae
790 3070 923 3136 castella
953 3071 1083 3137 tradere
1107 3095 1164 3138 vo—

32 3163 188 3252 luerunt,
228 3172 354 3234 curiam
379 3169 563 3235 Romanam
588 3168 759 3255 reliquere,
783 3191 1015 3256 rumoremque
1039 3193 1163 3256 sparse·

23 3261 29 3282 '²
44 3277 124 3349 trunt,
153 3267 355 3332 electionem
387 3269 545 3333 Bonifatii
577 3266 758 3352 legitimam
790 3267 879 3333 hand
910 3267 1022 3334 fnisse.
1074 3268 1166 3349 Qua-

44 3354 169 3450 'propter
181 3389 207 3430 a
220 3365 380 3430 Pontifice
398 3366 441 3431 ad
455 3367 616 3430 rationem
633 3364 837 3431 reddendam
853 3367 888 3430 in
902 3365 992 3430 diem
1007 3369 1068 3430 4ιιῐῃ
1080 3365 1163 3452 Maji

25 3527 38 3554 ¹,
99 3465 177 3529 1297
210 3464 302 3526 citati
326 3474 412 3530 sunt.
458 3461 524 3528 Sed
550 3463 688 3527 die'100
711 3463 792 3548 Maji
824 3462 973 3528 libellum
996 3462 1040 3528 ad
1063 3464 1160 3529 Boni·

5 3568 22 3648 'j
81 3563 151 3626 tium
178 3571 217 3626 et
241 3559 433 3626 Cardinales
457 3561 631 3641 dederunt,
660 3581 725 3646 qno
750 3559 945 3625 Pontificem
977 3559 1087 3626 multis
1111 3583 1165 3624 ca-

4 3666 22 3748 ³,
82 3663 170 3726 mniis
189 3660 367 3745 prosecuti,
388 3661 490 3724 variis
504 3656 689 3723 rationibus
706 3656 844 3742 probare
861 3659 924 3722 nisi
941 3668 1027 3740 sunt,
1053 3661 1160 3744 ipsum

74 3775 107 3820 on
131 3781 207 3824 esse
233 3756 418 3842 legitimum
450 3757 656 3822 Pontificem.
712 3755 963 3820 Contenderunt
994 3756 1161 3838 videlicet,

6 3846 39 3909 ³³2
78 3854 265 3922 celestinum
291 3855 320 3918 V
347 3854 436 3919 haud
459 3856 605 3940 potuisse
630 3875 663 3916 se
688 3851 844 3918 abdicare
868 3854 1073 3940 pontificatu,
1100 3877 1160 3918 nec

1 3945 37 4044 ἶ]
72 3951 233 4037 iproinde
258 3953 464 4018 Bonifatium
488 3953 678 4036 subrogari3
709 3962 741 4016 et
764 3963 987 4038 provocarunt
1010 3953 1053 4017 ad
1078 3951 1163 4018 Con-

1 4045 30 4146 ‚12¹
74 4045 148 4116 ilium
171 4051 342 4138 generale.
390 4051 490 4117 Hunc
513 4049 661 4116 libellum
683 4048 921 4114 Columnenses
945 4049 1053 4115 valvis
1076 4049 1163 4115 basi-

0 4265 5 4295 f
45 4334 50 4355 Ι
113 4266 131 4336 ¹)
148 4267 205 4324 cfr.
226 4265 376 4330 Wiseman,
395 4265 510 4320 Defeuse
529 4263 561 4317 de
580 4262 670 4318 divers
689 4261 779 4330 points
798 4271 847 4317 etc.
869 4262 887 4318 l.
906 4278 927 4317 o.

43 4390 58 4836 l
