<?xml version="1.0" encoding="UTF-8"?>
<!DOCTYPE html PUBLIC "-//W3C//DTD XHTML 1.0 Transitional//EN"
    "http://www.w3.org/TR/xhtml1/DTD/xhtml1-transitional.dtd">
<html xmlns="http://www.w3.org/1999/xhtml" xml:lang="en" lang="en">
 <head>
  <title>
</title>
<meta http-equiv="Content-Type" content="text/html;charset=utf-8" />
  <meta name='ocr-system' content='tesseract 3.04.00' />
  <meta name='ocr-capabilities' content='ocr_page ocr_carea ocr_par ocr_line ocrx_word'/>
</head>
<body>
  <div class='ocr_page' id='page_1' title='image "./dissertationess00junggoog_0939.png"; bbox 0 0 2964 4838; ppageno 0'>
   <div class='ocr_carea' id='block_1_1' title="bbox 159 2308 303 2411">
    <p class='ocr_par' dir='ltr' id='par_1_1' title="bbox 159 2308 303 2411">
     <span class='ocr_line' id='line_1_1' title="bbox 159 2308 303 2347; baseline 0 -1"><span class='ocrx_word' id='word_1_1' title='bbox 159 2308 303 2347; x_wconf 82' lang='lat' dir='ltr'><strong>Dlsscrtatlo·</strong></span> 
     </span>
     <span class='ocr_line' id='line_1_2' title="bbox 159 2370 301 2411; baseline 0.007 -1"><span class='ocrx_word' id='word_1_2' title='bbox 159 2371 194 2410; x_wconf 83' lang='lat' dir='ltr'><strong>uis</strong></span> <span class='ocrx_word' id='word_1_3' title='bbox 205 2370 301 2411; x_wconf 63' lang='lat' dir='ltr'><strong>inuictos.</strong></span> 
     </span>
    </p>
   </div>
   <div class='ocr_carea' id='block_1_2' title="bbox 386 1628 1472 1776">
    <p class='ocr_par' dir='ltr' id='par_1_2' title="bbox 386 1628 1472 1776">
     <span class='ocr_line' id='line_1_3' title="bbox 386 1628 1472 1776; baseline 0.009 -28"><span class='ocrx_word' id='word_1_4' title='bbox 386 1628 751 1752; x_wconf 72' lang='lat' dir='ltr'><strong>Dissertatio</strong></span> <span class='ocrx_word' id='word_1_5' title='bbox 791 1629 1125 1776; x_wconf 77' lang='lat' dir='ltr'><strong>trigesima</strong></span> <span class='ocrx_word' id='word_1_6' title='bbox 1163 1641 1362 1754; x_wconf 84' lang='lat' dir='ltr'><strong>sexta.</strong></span> <span class='ocrx_word' id='word_1_7' title='bbox 1471 1755 1472 1758; x_wconf 76' lang='grc'>,</span> 
     </span>
    </p>
   </div>
   <div class='ocr_carea' id='block_1_3' title="bbox 393 1861 1472 1978">
    <p class='ocr_par' dir='ltr' id='par_1_3' title="bbox 393 1861 1472 1978">
     <span class='ocr_line' id='line_1_4' title="bbox 393 1861 1472 1978; baseline 0.003 -35"><span class='ocrx_word' id='word_1_8' title='bbox 393 1861 456 1943; x_wconf 87' lang='lat' dir='ltr'><strong>De</strong></span> <span class='ocrx_word' id='word_1_9' title='bbox 486 1863 600 1943; x_wconf 84' lang='lat' dir='ltr'><strong>statu</strong></span> <span class='ocrx_word' id='word_1_10' title='bbox 630 1861 858 1944; x_wconf 74' lang='lat' dir='ltr'>Ecclesiae</span> <span class='ocrx_word' id='word_1_11' title='bbox 891 1861 1112 1945; x_wconf 85' lang='lat' dir='ltr'><strong>adfinem</strong></span> <span class='ocrx_word' id='word_1_12' title='bbox 1143 1867 1356 1962; x_wconf 82' lang='lat' dir='ltr'><strong>vergente</strong></span> <span class='ocrx_word' id='word_1_13' title='bbox 1471 1913 1472 1978; x_wconf 65' lang='lat'><strong><em>;</em></strong></span> 
     </span>
    </p>
   </div>
   <div class='ocr_carea' id='block_1_4' title="bbox 420 1977 1331 2060">
    <p class='ocr_par' dir='ltr' id='par_1_4' title="bbox 420 1977 1331 2060">
     <span class='ocr_line' id='line_1_5' title="bbox 420 1977 1331 2060; baseline 0.002 -2"><span class='ocrx_word' id='word_1_14' title='bbox 420 1977 598 2059; x_wconf 88' lang='lat' dir='ltr'><strong>saeculo</strong></span> <span class='ocrx_word' id='word_1_15' title='bbox 619 1977 698 2060; x_wconf 79' lang='lat' dir='ltr'><strong>XV</strong></span> <span class='ocrx_word' id='word_1_16' title='bbox 727 1979 771 2059; x_wconf 90' lang='lat' dir='ltr'><strong>et</strong></span> <span class='ocrx_word' id='word_1_17' title='bbox 798 1977 984 2059; x_wconf 86' lang='lat' dir='ltr'><strong>ineunte</strong></span> <span class='ocrx_word' id='word_1_18' title='bbox 1013 1978 1193 2060; x_wconf 85' lang='lat' dir='ltr'><strong>saeculo</strong></span> <span class='ocrx_word' id='word_1_19' title='bbox 1214 1978 1331 2060; x_wconf 82' lang='lat' dir='ltr'>XVI.</span> 
     </span>
    </p>
   </div>
   <div class='ocr_carea' id='block_1_5' title="bbox 794 2175 953 2184">
    <p class='ocr_par' dir='ltr' id='par_1_5' title="bbox 794 2175 953 2184">
     <span class='ocr_line' id='line_1_6' title="bbox 794 2175 953 2184; baseline -0.006 0"><span class='ocrx_word' id='word_1_20' title='bbox 794 2175 953 2184; x_wconf 75' lang='lat'><em>--—----—-</em></span> 
     </span>
    </p>
   </div>
   <div class='ocr_carea' id='block_1_6' title="bbox 310 2295 1431 2982">
    <p class='ocr_par' dir='ltr' id='par_1_6' title="bbox 310 2295 1431 2982">
     <span class='ocr_line' id='line_1_7' title="bbox 405 2295 1429 2392; baseline -0.003 -22"><span class='ocrx_word' id='word_1_21' title='bbox 405 2307 432 2372; x_wconf 87' lang='lat'><strong>1.</strong></span> <span class='ocrx_word' id='word_1_22' title='bbox 465 2295 617 2379; x_wconf 66' lang='lat' dir='ltr'><strong>dianium</strong></span> <span class='ocrx_word' id='word_1_23' title='bbox 634 2314 815 2370; x_wconf 82' lang='lat' dir='ltr'><strong>eventuum</strong></span> <span class='ocrx_word' id='word_1_24' title='bbox 840 2307 896 2392; x_wconf 93' lang='lat' dir='ltr'><strong>qui</strong></span> <span class='ocrx_word' id='word_1_25' title='bbox 914 2307 948 2370; x_wconf 91' lang='lat' dir='ltr'><strong>in</strong></span> <span class='ocrx_word' id='word_1_26' title='bbox 966 2305 1137 2370; x_wconf 81' lang='lat' dir='ltr'><strong>Ecclesiae</strong></span> <span class='ocrx_word' id='word_1_27' title='bbox 1154 2305 1294 2371; x_wconf 86' lang='lat' dir='ltr'><strong>historia</strong></span> <span class='ocrx_word' id='word_1_28' title='bbox 1311 2307 1429 2372; x_wconf 75' lang='lat' dir='ltr'><strong>ultimis</strong></span> 
     </span>
     <span class='ocr_line' id='line_1_8' title="bbox 311 2402 1427 2492; baseline -0.004 -21"><span class='ocrx_word' id='word_1_29' title='bbox 311 2402 452 2470; x_wconf 89' lang='lat' dir='ltr'><strong>saeculis</strong></span> <span class='ocrx_word' id='word_1_30' title='bbox 487 2403 682 2468; x_wconf 88' lang='lat' dir='ltr'><strong>acciderunt</strong></span> <span class='ocrx_word' id='word_1_31' title='bbox 717 2403 963 2468; x_wconf 81' lang='lat' dir='ltr'><strong>funestissimus</strong></span> <span class='ocrx_word' id='word_1_32' title='bbox 991 2404 1054 2468; x_wconf 88' lang='lat' dir='ltr'><strong>fuit</strong></span> <span class='ocrx_word' id='word_1_33' title='bbox 1087 2403 1229 2469; x_wconf 87' lang='lat' dir='ltr'><strong>defectio</strong></span> <span class='ocrx_word' id='word_1_34' title='bbox 1263 2403 1332 2485; x_wconf 86' lang='lat' dir='ltr'><strong>illa,</strong></span> <span class='ocrx_word' id='word_1_35' title='bbox 1371 2428 1427 2492; x_wconf 86' lang='lat' dir='ltr'><strong>qua</strong></span> 
     </span>
     <span class='ocr_line' id='line_1_9' title="bbox 310 2499 1428 2588; baseline -0.004 -19"><span class='ocrx_word' id='word_1_36' title='bbox 310 2501 441 2569; x_wconf 87' lang='lat' dir='ltr'><strong>saeculo</strong></span> <span class='ocrx_word' id='word_1_37' title='bbox 498 2501 626 2566; x_wconf 89' lang='lat' dir='ltr'><strong>decimo</strong></span> <span class='ocrx_word' id='word_1_38' title='bbox 679 2511 771 2565; x_wconf 87' lang='lat' dir='ltr'><strong>sexto</strong></span> <span class='ocrx_word' id='word_1_39' title='bbox 827 2500 917 2566; x_wconf 92' lang='lat' dir='ltr'><strong>haud</strong></span> <span class='ocrx_word' id='word_1_40' title='bbox 979 2504 1102 2588; x_wconf 83' lang='lat' dir='ltr'><strong>exigua</strong></span> <span class='ocrx_word' id='word_1_41' title='bbox 1168 2499 1428 2568; x_wconf 84' lang='lat' dir='ltr'><strong>Christianorum</strong></span> 
     </span>
     <span class='ocr_line' id='line_1_10' title="bbox 311 2598 1428 2688; baseline -0.004 -21"><span class='ocrx_word' id='word_1_42' title='bbox 311 2625 387 2688; x_wconf 91' lang='lat' dir='ltr'><strong>pars</strong></span> <span class='ocrx_word' id='word_1_43' title='bbox 411 2603 445 2665; x_wconf 91' lang='lat' dir='ltr'><strong>in</strong></span> <span class='ocrx_word' id='word_1_44' title='bbox 462 2599 644 2665; x_wconf 82' lang='lat' dir='ltr'><strong>Occidente</strong></span> <span class='ocrx_word' id='word_1_45' title='bbox 667 2621 687 2662; x_wconf 91' lang='lat' dir='ltr'><strong>a</strong></span> <span class='ocrx_word' id='word_1_46' title='bbox 710 2620 790 2662; x_wconf 85' lang='lat' dir='ltr'><strong>vera</strong></span> <span class='ocrx_word' id='word_1_47' title='bbox 814 2598 880 2664; x_wconf 86' lang='lat' dir='ltr'><strong>fide</strong></span> <span class='ocrx_word' id='word_1_48' title='bbox 904 2609 937 2662; x_wconf 87' lang='lat' dir='ltr'><strong>et</strong></span> <span class='ocrx_word' id='word_1_49' title='bbox 959 2599 1002 2664; x_wconf 91' lang='lat' dir='ltr'><strong>ab</strong></span> <span class='ocrx_word' id='word_1_50' title='bbox 1016 2599 1168 2665; x_wconf 80' lang='lat' dir='ltr'><strong>Ecclesia</strong></span> <span class='ocrx_word' id='word_1_51' title='bbox 1192 2599 1360 2665; x_wconf 86' lang='lat' dir='ltr'><strong>catholiea</strong></span> <span class='ocrx_word' id='word_1_52' title='bbox 1384 2601 1428 2664; x_wconf 79' lang='lat' dir='ltr'><strong>ds·</strong></span> 
     </span>
     <span class='ocr_line' id='line_1_11' title="bbox 311 2695 1428 2783; baseline -0.004 -19"><span class='ocrx_word' id='word_1_53' title='bbox 311 2701 399 2764; x_wconf 84' lang='lat' dir='ltr'><strong>fecit.</strong></span> <span class='ocrx_word' id='word_1_54' title='bbox 436 2697 529 2763; x_wconf 88' lang='lat' dir='ltr'><strong>Haeo</strong></span> <span class='ocrx_word' id='word_1_55' title='bbox 550 2696 690 2762; x_wconf 87' lang='lat' dir='ltr'><strong>defectio</strong></span> <span class='ocrx_word' id='word_1_56' title='bbox 714 2695 856 2760; x_wconf 88' lang='lat' dir='ltr'><strong>aliorum</strong></span> <span class='ocrx_word' id='word_1_57' title='bbox 883 2695 1018 2783; x_wconf 91' lang='lat' dir='ltr'><strong>quidem</strong></span> <span class='ocrx_word' id='word_1_58' title='bbox 1041 2698 1271 2783; x_wconf 85' lang='lat' dir='ltr'><strong>perversitate,</strong></span> <span class='ocrx_word' id='word_1_59' title='bbox 1297 2697 1428 2763; x_wconf 88' lang='lat' dir='ltr'><strong>aliorum</strong></span> 
     </span>
     <span class='ocr_line' id='line_1_12' title="bbox 313 2793 1431 2880; baseline -0.004 -18"><span class='ocrx_word' id='word_1_60' title='bbox 313 2795 505 2863; x_wconf 87' lang='lat' dir='ltr'><strong>seductione</strong></span> <span class='ocrx_word' id='word_1_61' title='bbox 529 2805 758 2860; x_wconf 87' lang='lat' dir='ltr'><strong>consummata</strong></span> <span class='ocrx_word' id='word_1_62' title='bbox 790 2804 855 2878; x_wconf 72' lang='lat' dir='ltr'><strong>est,</strong></span> <span class='ocrx_word' id='word_1_63' title='bbox 895 2794 953 2858; x_wconf 91' lang='lat' dir='ltr'><strong>sed</strong></span> <span class='ocrx_word' id='word_1_64' title='bbox 984 2793 1270 2880; x_wconf 79' lang='lat' dir='ltr'><strong>quemadmodum</strong></span> <span class='ocrx_word' id='word_1_65' title='bbox 1305 2799 1340 2862; x_wconf 91' lang='lat' dir='ltr'><strong>in</strong></span> <span class='ocrx_word' id='word_1_66' title='bbox 1373 2797 1431 2859; x_wconf 75' lang='lat' dir='ltr'><strong>via</strong></span> 
     </span>
     <span class='ocr_line' id='line_1_13' title="bbox 312 2891 1431 2982; baseline -0.004 -22"><span class='ocrx_word' id='word_1_67' title='bbox 312 2894 517 2982; x_wconf 86' lang='lat' dir='ltr'><strong>singulorum</strong></span> <span class='ocrx_word' id='word_1_68' title='bbox 549 2894 719 2979; x_wconf 86' lang='lat' dir='ltr'><strong>graviores</strong></span> <span class='ocrx_word' id='word_1_69' title='bbox 757 2891 871 2979; x_wconf 87' lang='lat' dir='ltr'><strong>lapsus</strong></span> <span class='ocrx_word' id='word_1_70' title='bbox 904 2896 1094 2979; x_wconf 88' lang='lat' dir='ltr'><strong>praeparari</strong></span> <span class='ocrx_word' id='word_1_71' title='bbox 1135 2891 1242 2958; x_wconf 85' lang='lat' dir='ltr'><strong>solent</strong></span> <span class='ocrx_word' id='word_1_72' title='bbox 1281 2893 1431 2958; x_wconf 81' lang='lat' dir='ltr'><strong>diuturno</strong></span> 
     </span>
    </p>
   </div>
   <div class='ocr_carea' id='block_1_7' title="bbox 313 2989 1471 3078">
    <p class='ocr_par' dir='ltr' id='par_1_7' title="bbox 313 2989 1471 3078">
     <span class='ocr_line' id='line_1_14' title="bbox 313 2989 1471 3078; baseline -0.005 -20"><span class='ocrx_word' id='word_1_73' title='bbox 313 3015 411 3078; x_wconf 86' lang='lat' dir='ltr'><strong>saepe</strong></span> <span class='ocrx_word' id='word_1_74' title='bbox 445 3001 604 3077; x_wconf 86' lang='lat' dir='ltr'><strong>tempore,</strong></span> <span class='ocrx_word' id='word_1_75' title='bbox 644 2993 690 3054; x_wconf 89' lang='lat' dir='ltr'><strong>ita</strong></span> <span class='ocrx_word' id='word_1_76' title='bbox 724 2993 825 3055; x_wconf 88' lang='lat' dir='ltr'><strong>ctiam</strong></span> <span class='ocrx_word' id='word_1_77' title='bbox 856 2991 891 3054; x_wconf 90' lang='lat' dir='ltr'><strong>in</strong></span> <span class='ocrx_word' id='word_1_78' title='bbox 924 2991 1081 3054; x_wconf 83' lang='lat' dir='ltr'><strong>societate</strong></span> <span class='ocrx_word' id='word_1_79' title='bbox 1111 3011 1232 3076; x_wconf 80' lang='lat' dir='ltr'><strong>magna</strong></span> <span class='ocrx_word' id='word_1_80' title='bbox 1257 2989 1432 3056; x_wconf 79' lang='lat' dir='ltr'><strong>christiana</strong></span> <span class='ocrx_word' id='word_1_81' title='bbox 1470 2989 1471 3018; x_wconf 64' lang='lat'>¹</span> 
     </span>
    </p>
   </div>
   <div class='ocr_carea' id='block_1_8' title="bbox 313 3087 1433 4352">
    <p class='ocr_par' dir='ltr' id='par_1_8' title="bbox 313 3087 1433 4352">
     <span class='ocr_line' id='line_1_15' title="bbox 313 3087 1431 3178; baseline -0.004 -23"><span class='ocrx_word' id='word_1_82' title='bbox 313 3089 473 3178; x_wconf 89' lang='lat' dir='ltr'><strong>paulatim</strong></span> <span class='ocrx_word' id='word_1_83' title='bbox 497 3088 592 3174; x_wconf 90' lang='lat' dir='ltr'><strong>plura</strong></span> <span class='ocrx_word' id='word_1_84' title='bbox 617 3098 813 3170; x_wconf 88' lang='lat' dir='ltr'><strong>evenerunt,</strong></span> <span class='ocrx_word' id='word_1_85' title='bbox 844 3087 966 3173; x_wconf 91' lang='lat' dir='ltr'><strong>quibus</strong></span> <span class='ocrx_word' id='word_1_86' title='bbox 989 3088 1065 3152; x_wconf 88' lang='lat' dir='ltr'><strong>talis</strong></span> <span class='ocrx_word' id='word_1_87' title='bbox 1089 3087 1287 3153; x_wconf 87' lang='lat' dir='ltr'><strong>defectionis</strong></span> <span class='ocrx_word' id='word_1_88' title='bbox 1313 3091 1431 3154; x_wconf 84' lang='lat' dir='ltr'><strong>crimen</strong></span> 
     </span>
     <span class='ocr_line' id='line_1_16' title="bbox 313 3185 1431 3272; baseline -0.002 -22"><span class='ocrx_word' id='word_1_89' title='bbox 313 3187 416 3253; x_wconf 88' lang='lat' dir='ltr'><strong>veluti</strong></span> <span class='ocrx_word' id='word_1_90' title='bbox 456 3197 690 3272; x_wconf 84' lang='lat' dir='ltr'><strong>praeparatum</strong></span> <span class='ocrx_word' id='word_1_91' title='bbox 728 3185 801 3251; x_wconf 87' lang='lat' dir='ltr'><strong>fuit.</strong></span> <span class='ocrx_word' id='word_1_92' title='bbox 849 3185 937 3250; x_wconf 90' lang='lat' dir='ltr'><strong>lllud</strong></span> <span class='ocrx_word' id='word_1_93' title='bbox 974 3196 1086 3250; x_wconf 89' lang='lat' dir='ltr'><strong>autem</strong></span> <span class='ocrx_word' id='word_1_94' title='bbox 1126 3207 1248 3250; x_wconf 90' lang='lat' dir='ltr'><strong>munus</strong></span> <span class='ocrx_word' id='word_1_95' title='bbox 1287 3199 1431 3252; x_wconf 87' lang='lat' dir='ltr'><strong>nostrum</strong></span> 
     </span>
     <span class='ocr_line' id='line_1_17' title="bbox 314 3283 1433 3371; baseline -0.004 -19"><span class='ocrx_word' id='word_1_96' title='bbox 314 3287 487 3352; x_wconf 85' lang='lat' dir='ltr'><strong>manifeste</strong></span> <span class='ocrx_word' id='word_1_97' title='bbox 510 3287 658 3371; x_wconf 86' lang='lat' dir='ltr'><strong>requirit,</strong></span> <span class='ocrx_word' id='word_1_98' title='bbox 690 3295 727 3349; x_wconf 93' lang='lat' dir='ltr'><strong>ut</strong></span> <span class='ocrx_word' id='word_1_99' title='bbox 751 3284 829 3348; x_wconf 92' lang='lat' dir='ltr'><strong>dum</strong></span> <span class='ocrx_word' id='word_1_100' title='bbox 854 3285 1093 3371; x_wconf 80' lang='lat' dir='ltr'><strong>perlustramus</strong></span> <span class='ocrx_word' id='word_1_101' title='bbox 1117 3283 1290 3348; x_wconf 79' lang='lat' dir='ltr'><strong>historiam</strong></span> <span class='ocrx_word' id='word_1_102' title='bbox 1317 3296 1433 3370; x_wconf 86' lang='lat' dir='ltr'><strong>tempo-</strong></span> 
     </span>
     <span class='ocr_line' id='line_1_18' title="bbox 313 3383 1432 3470; baseline -0.004 -21"><span class='ocrx_word' id='word_1_103' title='bbox 313 3407 397 3466; x_wconf 87' lang='lat' dir='ltr'><strong>rum,</strong></span> <span class='ocrx_word' id='word_1_104' title='bbox 423 3406 507 3470; x_wconf 88' lang='lat' dir='ltr'><strong>quae</strong></span> <span class='ocrx_word' id='word_1_105' title='bbox 522 3383 721 3469; x_wconf 79' lang='lat' dir='ltr'><strong>apostasiam</strong></span> <span class='ocrx_word' id='word_1_106' title='bbox 737 3383 825 3446; x_wconf 89' lang='lat' dir='ltr'><strong>hano</strong></span> <span class='ocrx_word' id='word_1_107' title='bbox 838 3393 1099 3468; x_wconf 86' lang='lat' dir='ltr'><strong>praecesserunt,</strong></span> <span class='ocrx_word' id='word_1_108' title='bbox 1124 3403 1303 3467; x_wconf 85' lang='lat' dir='ltr'><strong>rerumque</strong></span> <span class='ocrx_word' id='word_1_109' title='bbox 1319 3395 1432 3446; x_wconf 82' lang='lat' dir='ltr'><strong>statum</strong></span> 
     </span>
     <span class='ocr_line' id='line_1_19' title="bbox 314 3479 1431 3569; baseline -0.005 -21"><span class='ocrx_word' id='word_1_110' title='bbox 314 3484 523 3569; x_wconf 85' lang='lat' dir='ltr'><strong>exponimus,</strong></span> <span class='ocrx_word' id='word_1_111' title='bbox 554 3481 596 3546; x_wconf 90' lang='lat' dir='ltr'><strong>ad</strong></span> <span class='ocrx_word' id='word_1_112' title='bbox 621 3503 660 3545; x_wconf 91' lang='lat' dir='ltr'><strong>ea</strong></span> <span class='ocrx_word' id='word_1_113' title='bbox 684 3479 797 3546; x_wconf 87' lang='lat' dir='ltr'><strong>sedulo</strong></span> <span class='ocrx_word' id='word_1_114' title='bbox 823 3481 1045 3562; x_wconf 85' lang='lat' dir='ltr'><strong>attendamus,</strong></span> <span class='ocrx_word' id='word_1_115' title='bbox 1078 3501 1163 3566; x_wconf 86' lang='lat' dir='ltr'><strong>quae</strong></span> <span class='ocrx_word' id='word_1_116' title='bbox 1193 3481 1226 3543; x_wconf 91' lang='lat' dir='ltr'><strong>in</strong></span> <span class='ocrx_word' id='word_1_117' title='bbox 1252 3481 1431 3566; x_wconf 85' lang='lat' dir='ltr'><strong>praefatum</strong></span> 
     </span>
     <span class='ocr_line' id='line_1_20' title="bbox 315 3575 1432 3665; baseline -0.003 -19"><span class='ocrx_word' id='word_1_118' title='bbox 315 3589 471 3646; x_wconf 90' lang='lat' dir='ltr'><strong>eventum</strong></span> <span class='ocrx_word' id='word_1_119' title='bbox 496 3578 639 3665; x_wconf 91' lang='lat' dir='ltr'><strong>aliquem</strong></span> <span class='ocrx_word' id='word_1_120' title='bbox 664 3578 830 3644; x_wconf 84' lang='lat' dir='ltr'><strong>influxum</strong></span> <span class='ocrx_word' id='word_1_121' title='bbox 855 3599 1043 3643; x_wconf 85' lang='lat' dir='ltr'><strong>exercuere.</strong></span> <span class='ocrx_word' id='word_1_122' title='bbox 1082 3575 1148 3641; x_wconf 91' lang='lat' dir='ltr'><strong>Sed</strong></span> <span class='ocrx_word' id='word_1_123' title='bbox 1173 3577 1252 3640; x_wconf 87' lang='lat' dir='ltr'><strong>inde</strong></span> <span class='ocrx_word' id='word_1_124' title='bbox 1276 3577 1323 3642; x_wconf 87' lang='lat' dir='ltr'><strong>ab</strong></span> <span class='ocrx_word' id='word_1_125' title='bbox 1350 3579 1432 3643; x_wconf 79' lang='lat' dir='ltr'><strong>initio</strong></span> 
     </span>
     <span class='ocr_line' id='line_1_21' title="bbox 316 3675 1432 3764; baseline -0.008 -21"><span class='ocrx_word' id='word_1_126' title='bbox 316 3699 558 3764; x_wconf 88' lang='lat' dir='ltr'><strong>praeoccupare</strong></span> <span class='ocrx_word' id='word_1_127' title='bbox 572 3678 911 3742; x_wconf 87' lang='lat' dir='ltr'><strong>conveniterroneum</strong></span> <span class='ocrx_word' id='word_1_128' title='bbox 920 3675 1099 3762; x_wconf 89' lang='lat' dir='ltr'><strong>quemdam</strong></span> <span class='ocrx_word' id='word_1_129' title='bbox 1109 3695 1218 3739; x_wconf 88' lang='lat' dir='ltr'><strong>rerum</strong></span> <span class='ocrx_word' id='word_1_130' title='bbox 1228 3688 1432 3762; x_wconf 83' lang='lat' dir='ltr'><strong>conceptum.</strong></span> 
     </span>
     <span class='ocr_line' id='line_1_22' title="bbox 314 3773 1433 3861; baseline -0.001 -20"><span class='ocrx_word' id='word_1_131' title='bbox 314 3778 365 3841; x_wconf 91' lang='lat' dir='ltr'><strong>Ne</strong></span> <span class='ocrx_word' id='word_1_132' title='bbox 396 3776 438 3841; x_wconf 90' lang='lat' dir='ltr'><strong>de</strong></span> <span class='ocrx_word' id='word_1_133' title='bbox 461 3777 717 3842; x_wconf 88' lang='lat' dir='ltr'><strong>Protestautium</strong></span> <span class='ocrx_word' id='word_1_134' title='bbox 753 3774 929 3861; x_wconf 90' lang='lat' dir='ltr'><strong>loquamur</strong></span> <span class='ocrx_word' id='word_1_135' title='bbox 965 3795 1085 3854; x_wconf 88' lang='lat' dir='ltr'><strong>errore,</strong></span> <span class='ocrx_word' id='word_1_136' title='bbox 1121 3773 1177 3859; x_wconf 90' lang='lat' dir='ltr'><strong>qui</strong></span> <span class='ocrx_word' id='word_1_137' title='bbox 1206 3773 1433 3860; x_wconf 83' lang='lat' dir='ltr'><strong>praetendunt</strong></span> 
     </span>
     <span class='ocr_line' id='line_1_23' title="bbox 315 3870 1433 3958; baseline -0.007 -19"><span class='ocrx_word' id='word_1_138' title='bbox 315 3875 413 3940; x_wconf 90' lang='lat' dir='ltr'><strong>talem</strong></span> <span class='ocrx_word' id='word_1_139' title='bbox 437 3874 538 3940; x_wconf 88' lang='lat' dir='ltr'><strong>fuisse</strong></span> <span class='ocrx_word' id='word_1_140' title='bbox 562 3872 733 3938; x_wconf 87' lang='lat' dir='ltr'><strong>Ecclesiae</strong></span> <span class='ocrx_word' id='word_1_141' title='bbox 757 3875 1014 3958; x_wconf 82' lang='lat' dir='ltr'><strong>corruptionem,</strong></span> <span class='ocrx_word' id='word_1_142' title='bbox 1047 3882 1084 3936; x_wconf 93' lang='lat' dir='ltr'><strong>ut</strong></span> <span class='ocrx_word' id='word_1_143' title='bbox 1112 3870 1262 3954; x_wconf 85' lang='lat' dir='ltr'><strong>legitima</strong></span> <span class='ocrx_word' id='word_1_144' title='bbox 1292 3881 1329 3935; x_wconf 84' lang='lat' dir='ltr'><strong>et</strong></span> <span class='ocrx_word' id='word_1_145' title='bbox 1353 3873 1433 3957; x_wconf 79' lang='lat' dir='ltr'><strong>juste</strong></span> 
     </span>
     <span class='ocr_line' id='line_1_24' title="bbox 315 3967 1433 4058; baseline -0.004 -21"><span class='ocrx_word' id='word_1_146' title='bbox 315 3973 415 4038; x_wconf 87' lang='lat' dir='ltr'><strong>fuerit</strong></span> <span class='ocrx_word' id='word_1_147' title='bbox 437 3974 611 4058; x_wconf 87' lang='lat' dir='ltr'><strong>separatio,</strong></span> <span class='ocrx_word' id='word_1_148' title='bbox 637 3993 736 4057; x_wconf 91' lang='lat' dir='ltr'><strong>quam</strong></span> <span class='ocrx_word' id='word_1_149' title='bbox 761 3969 823 4034; x_wconf 90' lang='lat' dir='ltr'><strong>sub</strong></span> <span class='ocrx_word' id='word_1_150' title='bbox 847 3971 1005 4034; x_wconf 89' lang='lat' dir='ltr'><strong>ementita</strong></span> <span class='ocrx_word' id='word_1_151' title='bbox 1030 3969 1274 4034; x_wconf 85' lang='lat' dir='ltr'><strong>reformationis</strong></span> <span class='ocrx_word' id='word_1_152' title='bbox 1298 3967 1433 4056; x_wconf 83' lang='lat' dir='ltr'><strong>appella·</strong></span> 
     </span>
     <span class='ocr_line' id='line_1_25' title="bbox 316 4063 1432 4156; baseline -0.009 -21"><span class='ocrx_word' id='word_1_153' title='bbox 316 4074 405 4136; x_wconf 91' lang='lat' dir='ltr'><strong>tione</strong></span> <span class='ocrx_word' id='word_1_154' title='bbox 429 4071 622 4156; x_wconf 81' lang='lat' dir='ltr'><strong>designant:</strong></span> <span class='ocrx_word' id='word_1_155' title='bbox 654 4079 866 4156; x_wconf 89' lang='lat' dir='ltr'><strong>praepostera</strong></span> <span class='ocrx_word' id='word_1_156' title='bbox 890 4067 1054 4154; x_wconf 89' lang='lat' dir='ltr'><strong>quaedam</strong></span> <span class='ocrx_word' id='word_1_157' title='bbox 1087 4066 1199 4152; x_wconf 92' lang='lat' dir='ltr'><strong>opinio</strong></span> <span class='ocrx_word' id='word_1_158' title='bbox 1223 4065 1331 4131; x_wconf 88' lang='lat' dir='ltr'><strong>etiam</strong></span> <span class='ocrx_word' id='word_1_159' title='bbox 1356 4063 1432 4152; x_wconf 86' lang='lat' dir='ltr'><strong>apud</strong></span> 
     </span>
     <span class='ocr_line' id='line_1_26' title="bbox 316 4161 1433 4249; baseline -0.01 -17"><span class='ocrx_word' id='word_1_160' title='bbox 316 4165 507 4232; x_wconf 88' lang='lat' dir='ltr'><strong>Catholicos</strong></span> <span class='ocrx_word' id='word_1_161' title='bbox 532 4167 698 4232; x_wconf 87' lang='lat' dir='ltr'><strong>interdum</strong></span> <span class='ocrx_word' id='word_1_162' title='bbox 723 4167 902 4231; x_wconf 85' lang='lat' dir='ltr'><strong>invenitur.</strong></span> <span class='ocrx_word' id='word_1_163' title='bbox 935 4165 1121 4228; x_wconf 85' lang='lat' dir='ltr'><strong>Autumant</strong></span> <span class='ocrx_word' id='word_1_164' title='bbox 1143 4161 1306 4227; x_wconf 85' lang='lat' dir='ltr'><strong>videlicet</strong></span> <span class='ocrx_word' id='word_1_165' title='bbox 1331 4162 1433 4249; x_wconf 86' lang='lat' dir='ltr'><strong>aliqui.</strong></span> 
     </span>
     <span class='ocr_line' id='line_1_27' title="bbox 317 4261 1433 4352; baseline -0.01 -22"><span class='ocrx_word' id='word_1_166' title='bbox 317 4265 374 4330; x_wconf 88' lang='lat' dir='ltr'><strong>tali</strong></span> <span class='ocrx_word' id='word_1_167' title='bbox 411 4267 623 4352; x_wconf 88' lang='lat' dir='ltr'><strong>perversione</strong></span> <span class='ocrx_word' id='word_1_168' title='bbox 663 4264 852 4351; x_wconf 84' lang='lat' dir='ltr'><strong>talibusque</strong></span> <span class='ocrx_word' id='word_1_169' title='bbox 898 4261 1060 4328; x_wconf 89' lang='lat' dir='ltr'><strong>abusibus</strong></span> <span class='ocrx_word' id='word_1_170' title='bbox 1100 4261 1288 4326; x_wconf 82' lang='lat' dir='ltr'><strong>Ecclesiam</strong></span> <span class='ocrx_word' id='word_1_171' title='bbox 1329 4281 1433 4326; x_wconf 74' lang='lat' dir='ltr'><strong>resera</strong></span> 
     </span>
    </p>
   </div>
   <div class='ocr_carea' id='block_1_9' title="bbox 0 0 1498 4838">
    <p class='ocr_par' dir='ltr' id='par_1_9' title="bbox 0 0 1498 4838">
     <span class='ocr_line' id='line_1_28' title="bbox 0 0 1498 4838; baseline 0 0"><span class='ocrx_word' id='word_1_172' title='bbox 0 0 1498 4838; x_wconf 95' lang='lat' dir='ltr'><strong> </strong></span> 
     </span>
    </p>
   </div>
  </div>
 </body>
</html>
