3000 4838
327 486 364 535 44
525 482 628 539 XXIII.
647 483 688 538 De
706 489 781 538 statu
800 482 900 540 noles.
919 484 1003 552 priori
1022 485 1108 540 medlo
1126 501 1195 541 saec.
1215 480 1277 542 ΧΠζ

329 628 576 691 concessionem
607 627 773 713 privilegii
806 637 940 691 enarrat
962 640 1157 715 textumque
1181 630 1372 716 diplomatis
1396 631 1455 695 ad·

324 726 447 811 jungit.
493 723 619 807 Refert,
644 746 710 810 qua
732 727 861 790 ratione
885 724 1042 792 Urbanus
1064 727 1099 791 Π
1123 749 1226 814 quum
1249 753 1279 794 a.
1307 729 1392 795 1098
1418 731 1456 794 in

328 822 425 888 Italia
453 822 662 888 meridionali
693 833 881 888 versaretur
913 846 989 888 cum
1017 826 1156 911 Rogerio
1190 829 1320 910 comite,
1351 850 1456 914 quem

328 941 441 1034 magnus
433 919 662 1004 'aestimabat
680 920 809 987 Salerni
832 923 1034 1004 convenerit,
1059 921 1174 1009 ibique
1197 923 1279 989 illud
1303 879 1457 1012 diploma

174 1033 230 1076 Pru
231 1035 300 1086 flori
286 1020 471 1105 principi
495 972 681 1085 contulerit.
731 1018 846 1102 „Alter
868 1017 1044 1084 alterius·
1027 1019 1200 1107 colloquio,
1225 1022 1349 1104 scribIt,
1374 1045 1457 1088 cum

154 1096 317 1208 effla
328 1120 476 1183 maxima
507 1117 685 1182 dilectione
716 1117 881 1182 fruuntur.
935 1117 1001 1182 Sed
1036 1121 1114 1204 quia
1145 1122 1215 1204 ipse
1239 1119 1457 1233 Apostolieus

322 1216 395 1302 jam
420 1214 547 1280 dudum
570 1214 752 1280 Robertum
775 1217 969 1301 episcopum
993 1215 1231 1302 Troynensem,
1260 1220 1379 1283 comite
1406 1221 1457 1283 in-

327 1315 486 1398 consulto,
518 1314 663 1398 legatum
695 1315 729 1378 in
753 1312 869 1379 Sicilia
899 1314 943 1378 ad
976 1316 1210 1400 exequendum
1235 1316 1292 1401 jus
1316 1327 1457 1380 sanetae

326 1413 496 1478 Romanae
520 1411 679 1476 ecclesiae
702 1422 867 1497 posuerat,
892 1412 1101 1497 perpendens
1121 1412 1185 1478 hoc
1201 1415 1356 1478 comitem
1380 1435 1456 1497 gra-

326 1514 412 1576 viter
434 1511 520 1576 ferre
543 1521 576 1574 et
598 1508 688 1574 nullo
713 1509 821 1592 modo,
846 1520 883 1574 ut
906 1509 1025 1574 stabile
1048 1522 1249 1596 permaneat,
1273 1514 1456 1596 assentire3

326 1631 529 1694 cognoscens
553 1610 653 1672 etiam
677 1609 786 1694 ipsum
811 1609 965 1673 comitem
990 1611 1024 1673 in
1048 1609 1204 1674 omnibus
1228 1611 1369 1694 negotiis
1403 1634 1455 1675 ec·

326 1708 518 1773 elesiastieis
542 1706 746 1792 exequendis
769 1706 838 1770 zelo
856 1705 963 1771 divini
981 1706 1108 1772 ardoris
1124 1707 1363 1790 exfervescere,
1384 1731 1456 1772 cas-

324 1815 408 1888 sato,
432 1804 521 1891 quod
546 1804 587 1868 de
611 1804 966 1891 episcopoTroynensi
983 1805 1115 1887 lecerat,
1139 1805 1337 1890 legationem
1355 1807 1456 1872 Beati

326 1905 416 1969 Petri
449 1925 549 1988 super
575 1905 732 1968 comitem
764 1923 824 1988 per
858 1913 960 1968 totam
991 1903 1139 1968 Siciliam
1173 1903 1225 1967 vel
1261 1903 1456 1968 habendam

326 1999 573 2067 haereditaliter
601 2003 711 2088 ponit,
751 2023 791 2066 ea
823 2001 1036 2086 discretione,
1073 2012 1110 2066 ut
1142 2001 1222 2066 dum
1245 2005 1316 2088 ipse
1340 2025 1458 2068 comes

325 2101 503 2178 advixerit,
527 2098 581 2164 vel
605 2098 726 2185 aliquis
748 2098 930 2164 haeredum
955 2121 1089 2164 suorum
1115 2100 1177 2164 zeli
1195 2103 1323 2186 paterni
1348 2101 1456 2166 eccle-

326 2199 449 2262 siastici
474 2208 632 2261 executor
654 2208 820 2282 superstes
843 2197 952 2277 fuerit,
986 2197 1114 2282 legatus
1144 2198 1229 2262 alius
1257 2222 1277 2262 a
1301 2199 1457 2264 Romana

324 2295 412 2362 Sede
437 2298 517 2381 ipsis
533 2297 648 2360 invitis
661 2294 771 2361 nullus
784 2306 1045 2381 superponatur:
1070 2296 1129 2360 sed
1153 2297 1179 2360 si
1204 2319 1270 2382 qua
1281 2295 1457 2362 Romanae

227 2431 231 2438 ·
307 2394 485 2459 'ecclesiae
494 2395 581 2479 juris
595 2392 791 2479 exequenda
806 2393 938 2474 fuerint,
964 2392 1154 2480 chartulis¹)
1169 2393 1351 2458 aRomana
1364 2395 1457 2460 Sede

325 2493 360 2556 in
373 2491 521 2556 Siciliam
546 2490 599 2555 vel
619 2489 808 2556 Calabriam
834 2491 980 2573 directis,
1009 2514 1069 2578 per
1092 2493 1180 2577 ipsos
1205 2491 1345 2555 consilio.
1367 2497 1457 2578 epis·

325 2611 482 2677 coporum
516 2589 708 2653 earumdem
739 2590 990 2674 provinciarum
1018 2589 1211 2654 authentico
1235 2588 1456 2657 definiantur.

326 2686 454 2767 Quodsi
478 2688 624 2772 episcopi
649 2686 692 2751 ad
716 2685 894 2750 concilium
918 2689 1050 2751 invitati
1067 2688 1200 2768 fuerint,
1225 2698 1305 2774 quot
1319 2698 1352 2752 et
1368 2711 1458 2774 quos

325 2787 388 2870 ipsi
412 2786 524 2849 comiti
549 2784 602 2848 vel
626 2787 694 2849 suis
717 2785 836 2848 futuris
867 2783 1066 2849 haeredibus
1090 2787 1201 2850 visum
1225 2786 1334 2868 fuerit,
1369 2785 1456 2852 illuc

325 2883 484 2968 dirigant:
509 2885 572 2949 nisi
596 2882 679 2948 forte
703 2882 744 2948 de
767 2882 878 2968 aliquo
898 2885 1044 2969 ipsorum
1069 2885 1102 2947 in
1126 2882 1266 2948 concilio
1282 2883 1457 2968 agendum

324 2983 376 3064 sit,
407 2983 441 3045 in
466 2979 580 3045 Sicilia
611 2981 664 3045 vel
695 2979 852 3046 Calabria
882 2983 916 3045 in
948 2983 1137 3066 praesentia
1170 3004 1229 3046 sua
1259 2982 1457 3048 authentice

324 3079 463 3144 definire
494 3080 698 3165 nequirerit:
736 3089 769 3144 et
798 3078 841 3143 ad
873 3078 937 3144 hoc
969 3082 1182 3145 commissum
1215 3080 1457 3165 perpetualiter

323 3177 597 3263 permanendum,
630 3177 805 3264 privilegio
830 3201 909 3242 suae
932 3180 1138 3243 auctoritatis
1166 3177 1323 3260 firmavit,
1354 3180 1457 3264 cujus

325 3277 523 3340 sententiam
548 3274 791 3342 subtitulamus
798 3277 813 3312 “

149 3387 317 3441 mfflvb·
417 3383 471 3448 56.
508 3383 655 3447 Urbanus
670 3383 858 3469 Epitoopos,
884 3381 998 3446 Seruus
1012 3381 1178 3448 Servorum
1187 3383 1260 3460 Dei,
1285 3384 1455 3448 carissimo

256 3465 393 3566 fibo
406 3483 543 3566 lioperto
567 3481 673 3544 comiti
700 3477 758 3545 Cal
746 3479 870 3544 lodoico
894 3489 924 3544 et
947 3477 1079 3543 Siciliae
1104 3479 1238 3543 salutem
1262 3490 1291 3543 et
1314 3478 1456 3565 Aposto-

325 3579 420 3643 licom
444 3578 698 3643 benedictionem.
734 3576 819 3650 Quia
836 3577 1045 3663 prudentiam
1069 3587 1154 3640 taam
1178 3599 1333 3663 superous
1356 3583 1455 3669 majo

322 3679 417 3742 statio
447 3677 593 3763 dipnotio
624 3673 732 3739 mrsltis
763 3676 930 3762 triumphis
961 3686 991 3738 et
1022 3673 1192 3738 bonoribus
1220 3671 1388 3756 enaltaoit,
1426 3687 1458 3740 ot

397 3941 417 4008 ¹)
443 3942 631 3996 Adverterunt
648 3939 784 3994 Beronins
812 3937 913 4007 aliique
939 3945 1062 3993 auctores
1089 3938 1254 4007 gravissim,
1278 3938 1455 3996 librariorum

321 4021 495 4091 negligentia
514 4022 650 4076 chartulis
669 4021 801 4087 scriptum
820 4035 886 4084 esse,
905 4019 952 4074 sed
965 4019 1108 4088 legendnm
1122 4019 1313 4088 chartularios,
1331 4036 1387 4088 qno
1407 4039 1454 4076 no·

322 4102 395 4156 miue
414 4100 630 4170 designabantur
648 4099 735 4168 legati
754 4117 770 4154 a
789 4099 911 4153 Romam
931 4097 1062 4154 Pontifiee
1082 4113 1142 4152 oum
1161 4097 1264 4154 litteris
1283 4099 1312 4154 in
1331 4101 1453 4168 aliquam

321 4183 490 4252 provinciam
517 4182 592 4237 missi
620 4181 653 4235 ob
672 4181 785 4250 negotis
804 4181 988 4236 eeclesiastico
1007 4179 1159 4236 tractando.
1197 4177 1252 4234 Cir.
1271 4179 1371 4247 Sentis,
1402 4182 1453 4236 nie

321 4263 493 4317 Morsarchio
512 4263 610 4317 Siculo
629 4267 681 4316 etc.
699 4278 725 4330 p.
745 4263 788 4315 61.
820 4261 956 4330 Freiburg
977 4259 1054 4314 1869.
