2844 4840
158 2477 246 2518 Eleetlc

296 431 332 485 so
570 432 656 487 xxx.
675 433 716 488 ne
735 395 1054 490 intronuntient
1074 433 1153 489 vin.

298 575 411 640 Proeti
434 576 489 642 cles
516 576 704 662 Templierc,
735 577 774 644 T.
798 575 824 642 I.
852 577 948 642 1841.
995 578 1034 644 Τ.
1060 578 1102 643 ΙΙ.
1129 579 1212 644 1851
1243 580 1336 644 Paris.
1362 617 1393 624 -

297 672 464 750 Bouturic‚
492 672 630 740 climenti
651 673 686 751 V,
711 673 976 760 Philippi-lond
991 686 1021 737 et
1037 673 1081 739 loe
1098 677 1277 762 Templiers,
1300 677 1396 740 Revue

297 769 548 856 desquestions
570 771 784 858 historiques,
818 773 1033 854 (isti-iit.
1066 773 1111 838 Χ.
1135 775 1211 840 301,
1236 775 1292 840 XI.
1315 776 1343 840 5.
1364 811 1395 820 —

295 867 476 950 Loiseleur,
502 870 551 934 Lo
574 870 715 936 decetne
739 873 853 934 semote
877 871 932 936 doe
952 871 1134 958 Templiers,
1160 873 1253 938 Peris
1269 873 1397 937 1872.-

296 965 427 1036 Hefele.
464 963 773 1048 concilies-Geren,
797 969 834 1034 B.
861 968 919 1034 VI.
950 1005 993 1018 —
1025 969 1243 1056 Demberger,
1273 971 1311 1036 B.
1334 971 1396 1034 ΧΠ.

295 1063 390 1130 XIII.
416 1101 460 1111 -
485 1063 609 1130 Civiltti
633 1065 803 1147 cattoliee,
832 1063 986 1132 Clemente
1017 1067 1047 1130 V
1073 1093 1088 1130 e
1112 1067 1245 1154 Filippo
1267 1067 1292 1131 il
1315 1066 1398 1135 Belin.

295 1167 338 1235 (a.
358 1163 453 1228 1859.
477 1161 564 1243 ΙΙΙ.),
594 1160 746 1228 Clemente
769 1164 800 1228 V
818 1186 833 1226 e
858 1166 870 1228 ἰ
888 1165 918 1228 Τ
916 1163 1052 1251 ampliori
1067 1165 1177 1247 (1866.
1197 1165 1256 1232 III.
1272 1165 1351 1249 Ν).
1366 1201 1398 1212 -

295 1259 333 1324 Β.
357 1259 562 1344 Jungmann,
600 1259 741 1326 Clemens
771 1261 801 1325 V
827 1287 857 1328 ii.
883 1262 934 1326 die
959 1261 1148 1349 Aufledouq
1181 1263 1236 1328 der
1263 1263 1398 1350 Templo·

294 1359 418 1437 ordene,
443 1357 671 1424 Innsbruelxer
684 1359 875 1426 Zeitschrift
892 1359 1007 1444 (1881)
1024 1360 1065 1424 V.
1085 1365 1112 1424 1.
1131 1399 1173 1408 -
1191 1360 1285 1426 Alios
1309 1372 1400 1424 sucto-

294 1478 346 1520 res
370 1457 447 1522 vide
478 1481 530 1544 ap.
557 1455 744 1539 Chevalier‚
777 1457 1113 1543 Bic·Bibliographie
1148 1459 1211 1524 sub
1241 1480 1323 1524 voce
1346 1457 1400 1522 cu-

295 1575 388 1618 mens
412 1555 452 1623 V.

837 1987 872 2050 1.

341 2161 406 2226 De
429 2163 622 2230 electione
646 2163 866 2229 momentis
895 2161 941 2242 V,
965 2161 1366 2244 inimicitiisque

714 2261 997 2344 Pontlflootus.

382 2462 413 2527 3.
460 2462 539 2526 Post
570 2473 708 2527 mortem
745 2463 776 2528 b.
802 2462 976 2528 Benedicti
1001 2461 1052 2527 XI
1091 2462 1286 2548 Apostolice
1318 2453 1407 2528 Sedesl

123 2539 281 2581 OE⁸m⁰¹¹¹¹'v‘
294 2561 428 2624 vacavit
453 2581 554 2646 prope
580 2559 736 2624 undecim
761 2559 930 2625 mensibus
947 2571 1081 2647 propter
1097 2558 1339 2644 Cardinaliuin,
1359 2555 1407 2646 quil

291 2659 448 2723 Perusiae
472 2660 662 2744 congregati
688 2668 790 2737 erant,
816 2658 1070 2738 dissensionem
1101 2657 1157 2722 alii
1182 2659 1274 2722 enim
1299 2657 1407 2722 Italum

291 2765 324 2820 et
346 2756 504 2820 Bonifatii
538 2759 693 2838 amioum,
728 2755 784 2820 elii
816 2777 894 2820 vero
927 2753 1061 2820 Gallum
1094 2765 1126 2820 et
1157 2754 1316 2842 Philippo
1348 2755 1407 2838 regi

292 2850 441 2918 deditum
466 2853 543 2938 eligi
568 2853 738 2940 optabant.
778 2854 867 2918 Huic
885 2855 971 2939 parti
987 2850 1217 2918 cardinalium
1243 2867 1404 2942 praeerunt

290 2950 438 3038 Napoleo
463 2952 577 3018 Ursini
601 2963 634 3016 et
657 2951 814 3016 Nicolaus
837 2951 878 3016 de
901 2951 1015 3033 Frate,
1048 2950 1095 3016 illi
1120 2972 1198 3016 vero
1224 2955 1313 3037 perti
1337 2952 1404 3016 Mit-

290 3049 408 3114 thaeus
441 3050 553 3116 Ursini
592 3062 624 3114 et
663 3051 861 3116 Franciscus
893 3047 1045 3136 Gatdtani.
1102 3048 1213 3129 Quum
1249 3050 1323 3136 jem
1358 3069 1404 3134 pir

291 3169 411 3212 novem
436 3171 566 3214 menses
591 3148 785 3216 Cardineles
809 3149 997 3234 congregati
1022 3158 1139 3230 esseut,
1164 3161 1331 3212 venerunt
1352 3162 1404 3210 tres

290 3244 391 3330 legati
414 3245 570 3335 Philippi,
595 3249 651 3332 qui
676 3247 718 3311 dc
742 3267 841 3332 scopo
865 3245 1030 3310 adventus
1053 3247 1103 3309 sui
1128 3269 1148 3309 a
1171 3244 1336 3329 gubernio
1358 3245 1403 3308 Pe·

290 3345 399 3407 rusiae
423 3343 474 3408 bis
498 3343 707 3431 interpellati,
732 3342 779 3408 nil
801 3342 879 3407 mali
904 3343 984 3428 ipsis
1008 3344 1212 3428 propositum
1237 3366 1311 3408 esse
1334 3363 1402 3408 asse·

290 3451 437 3525 ruerunt,
468 3442 526 3507 sed
549 3443 584 3507 id
608 3439 713 3506 solum
738 3463 772 3506 se
796 3442 830 3506 in
854 3442 940 3506 votis
969 3439 1101 3522 hebere,
1133 3450 1170 3505 nt
1193 3439 1314 3505 electio
1337 3439 1402 3502 nou

290 3538 462 3605 Pontificis
492 3539 741 3605 acceleraretur.
755 3541 779 3622 ¹)
836 3539 924 3603 Dein
955 3548 1029 3624 post
1062 3536 1144 3602 duos
1178 3559 1328 3609 menses.
1361 3535 1403 3600 die

289 3637 328 3702 5⁰
351 3636 445 3703 Junii
470 3661 499 3704 e.
526 3639 621 3718 1305,
654 3649 748 3702 extra
772 3634 946 3722 collegium
971 3635 1093 3701 electus
1126 3635 1190 3699 fuit
1211 3635 1403 3700 Bertmndus

291 3735 332 3800 de
356 3733 459 3818 Goth,
494 3739 626 3801 natione
651 3734 766 3801 Gallus
796 3745 830 3800 et
860 3733 1128 3820 archiepiscopus
1153 3733 1402 3820 Burdigalensis

290 3838 358 3924 qui,
382 3839 498 3902 accitis
522 3839 555 3901 in
571 3835 716 3901 Galliam
741 3833 976 3900 Cardinelibus
1000 3833 1055 3898 die
1081 3831 1239 3897 14⁰Nov.
1259 3829 1402 3916 Lugduni

291 3937 325 4000 in
340 3933 479 4000 ecclesia
496 3957 520 4002 s.
536 3935 624 4000 Justi
644 3936 862 4018 inauguratus
881 3932 944 3996 fuit
960 3931 1021 3996 sub
1037 3933 1170 3996 nomine
1190 3926 1355 3995 Clementis
1375 3925 1402 3988 i'.

366 4237 385 4303 ¹)
405 4235 511 4306 anuy,
531 4235 604 4292 Eiet.
624 4235 660 4289 du
679 4233 810 4288 differond
829 4239 880 4288 etc.
911 4235 993 4288 Actes
1012 4238 1040 4286 et
1057 4243 1178 4300 prenvoe,
1197 4243 1225 4298 p,
1246 4229 1307 4285 277.
