2902 4848
323 463 363 516 De
381 462 604 518 condemnatione
623 463 724 518 Hussii.
1049 465 1100 520 341

10 605 123 670 Schema
145 605 280 691 aliquod
305 606 392 670 istud
418 616 468 670 cst
491 604 634 688 alicujus
667 607 819 688 membri,
853 609 941 693 quod
975 608 1102 674 aOon·

10 703 63 768 cilio
91 725 157 768 non·
187 703 251 768 fuit
280 714 470 788 acceptum,
506 702 698 790 nullamque
730 704 831 770 habet
860 708 1100 774 auctoritatem.

10 801 79 864 lolia
100 801 268 866 schemata
299 803 333 866 in
358 804 441 866 actis
467 800 608 866 Concilii
634 800 898 868 Constantiensis
928 803 1024 889 plura
1055 807 1101 869 in·

10 903 169 966 veniuntur.
198 900 281 964 Rem
308 921 384 964 vero
410 903 455 964 ita
479 923 514 964 se
537 900 660 965 habere
684 903 805 968 eruditi
830 901 873 966 ad
898 901 1101 968 evidentiam

10 999 201 1082 probarunt.¹)

73 1098 123 1162 62.
169 1095 203 1160 Si
235 1097 289 1160 cui
321 1095 487 1161 crudelius
519 1095 621 1160 fuisse
649 1098 783 1162 videtur
806 1097 1006 1182 supplicium
1030 1100 1100 1182 rogi
1112 1102 1223 1153 ⁸¹¹⁹1²¹¹⁰¹¹
1238 1105 1274 1143 ¹¹³·

10 1193 103 1258 hussio
120 1195 293 1274 inflictum,
316 1193 651 1258 animadvertendum
670 1206 728 1277 est,
754 1217 896 1280 poenam
912 1198 1009 1260 istam
1034 1217 1101 1260 non
1156 1165 1228 1205 ‘'⁰¹⁹''

12 1303 77 1354 uxta
99 1294 200 1356 nostri
232 1293 390 1377 temporis
422 1291 708 1375 consuetudinem,
742 1294 800 1358 sed
833 1292 1016 1358 secundum
1045 1295 1102 1379 jus

10 1389 153 1454 criminale
163 1389 264 1454 medii
274 1391 350 1452 aevi
361 1411 431 1454 osse
449 1388 711 1476 dijudicandam.
743 1390 830 1456 Illud
850 1393 907 1476 jus
920 1391 1102 1456 ,criminale

10 1487 84 1550 uulto
107 1489 256 1552 severius
280 1498 365 1568 erat,
396 1490 443 1552 ita
474 1499 511 1551 nt
541 1509 573 1554 v.
597 1511 629 1573 g.
661 1511 720 1574 per
746 1488 930 1554 Corollaum
960 1512 989 1555 a.
1018 1490 1102 1554 1532

10 1605 88 1648 coena
110 1585 281 1670 suspendii
307 1587 341 1650 in
367 1587 490 1650 furtum
516 1608 592 1651 cum
617 1587 809 1672 irruptione,
834 1586 887 1651 vel
907 1588 1031 1652 furtum
1056 1609 1103 1652 re·

10 1686 130 1764 retitum,
164 1683 405 1762 decerneretur,
440 1705 548 1769 poena
580 1685 667 1769 ignis
691 1687 724 1752 in
749 1685 844 1771 plura
875 1685 1104 1770 impudicitiae

10 1793 126 1860 caecata,
153 1782 186 1844 in
204 1783 359 1866 magiam,
377 1803 505 1846 necnon
524 1785 557 1846 in
574 1782 801 1848 falsificatores
816 1793 977 1848 monetae.
1002 1783 1102 1850 Haud

10 1879 101 1942 uirum
126 1881 230 1963 igitur
253 1892 311 1960 est,
338 1881 447 1945 medio
468 1901 553 1946 aevo
567 1882 637 1964 rogi
656 1881 819 1966 supplicio
835 1883 985 1966 punitam
1003 1882 1104 1946 fuisse

10 1978 79 2040 ciem
104 1977 278 2052 haeresim,
304 2001 389 2064 quae
414 1981 461 2042 uti
488 1981 671 2044 maximum
688 1981 813 2044 crimen
825 1980 902 2065 jure
919 1980 1104 2044 considera·

10 2087 87 2139 ratur.
112 2075 288 2160 Principes
304 2078 391 2140 enim
419 2078 534 2141 merito
548 2097 741 2162 persuasum
756 2076 934 2159 habebant,
958 2079 1103 2163 primum
1175 2127 1183 2145 .

10 2193 75 2235 unm
99 2172 249 2236 officium
275 2195 355 2253 esse,
381 2185 418 2237 ut
441 2173 625 2239 Ecclesiam
650 2185 869 2260 protegerent,
894 2195 1008 2240 veram
1032 2173 1104 2240 reli·

10 2271 122 2350 ionem,
150 2273 332 2334 maximnm
358 2273 526 2336 societatis
549 2272 750 2336 christianae
774 2271 908 2354 bonum,
934 2283 1104 2336 tuerentur

10 2380 159 2432 tcoutra
189 2368 363 2453 perfidiam
400 2370 641 2434 haereticorum
682 2369 907 2435 defenderent.
963 2371 1104 2435 Hessius

12 2477 89 2530 utem
103 2479 178 2532 erat
189 2466 422 2531 haeresiarcha
439 2469 748 2554 perniciosissimus,
765 2490 867 2555 quum
884 2470 1104 2534 auetomtatem
1149 2517 1152 2524 .

11 2583 21 2624 ι
49 2564 201 2630 Ecclesia
233 2567 329 2648 plane
361 2576 532 2632 everteret
587 2565 798 2651 Quapropter
831 2567 930 2631 etiam
961 2566 1007 2632 illi
1040 2567 1103 2630 viri

11 2664 179 2728 ruoncilio
194 2660 451 2744 constantiensi,
477 2665 533 2750 qui
551 2663 635 2729 ideis
651 2663 850 2750 quibusdam
869 2665 1103 2745 innovationis,

12 2772 21 2820 t
41 2761 104 2825 dici
128 2763 222 2844 solet,
248 2762 367 2828 imbuti
383 2772 486 2840 erant,
506 2770 622 2826 'tamen
639 2762 761 2826 Hussio
778 2761 983 2826 infestissimi
1000 2772 1104 2844 orant,

12 2867 18 2918 t
37 2861 105 2943 ejus
131 2861 311 2926 conatibus
335 2860 490 2924 omnibus
504 2860 633 2924 viribus
656 2860 876 2924 resistendum
899 2882 970 2926 esse
995 2881 1104 2924 cense-

12 2969 68 3022 ant.
116 2959 362 3024 Auctoritatem
399 2957 486 3021 enim
525 2960 558 3022 in
589 2956 742 3022 Ecclesia
773 2957 819 3022 illi
852 2960 915 3022 viri
947 2956 1105 3022 volebant

12 3075 49 3117 css
83 3057 216 3122 salvam
249 3068 281 3120 et
311 3067 451 3138 sartam3
490 3065 620 3120 tantum
656 3054 895 3141 aliquantisper
926 3057 968 3120 de
997 3056 1104 3122 indole

13 3153 76 3237 ojus
114 3157 325 3220 auctoritatis
364 3151 573 3217 fluctuabant
613 3152 666 3217 vel
689 3154 869 3219 errabant.
908 3191 951 3202 -
991 3154 1104 3218 Hnssii

13 3255 149 3318 ectrinas
181 3251 413 3317 essentialibus
445 3251 524 3314 fidei
558 3252 755 3316 veritatibus
793 3254 962 3338 oppositas
992 3253 1104 3332 fuisse,

13 3353 255 3437 [expositione
279 3371 427 3414 errorum
452 3349 523 3434 ejus
546 3372 606 3434 per
628 3371 663 3414 se
688 3350 899 3414 manifestum
924 3360 983 3416 est.

65 3450 120 3516 63.
173 3448 407 3534 Opportunum
432 3448 503 3528 erit,
536 3447 589 3512 his
612 3469 720 3532 pauca
747 3447 930 3534 adjungere
954 3448 996 3512 de
1019 3447 1105 3512 Hus-

14 3559 113 3614 tarum
141 3547 232 3612 latis.
278 3547 375 3614 Secta
399 3547 487 3610 enim
505 3545 719 3610 Hussitarum
744 3567 820 3609 cum
840 3557 944 3610 morte
961 3547 1105 3610 auctoris

14 3649 28 3706 ii
50 3669 116 3712 non
143 3647 212 3710 fuit
235 3647 408 3726 exstincta,
434 3644 490 3709 sed
518 3646 659 3730 majores
683 3643 843 3709 tumultus
860 3653 894 3708 et
909 3645 1105 3728 persecutio·

14 3765 35 3806 rs
64 3757 186 3810 contra
218 3742 406 3807 Catholicae
437 3743 472 3806 in
502 3742 665 3808 Bohemia
696 3743 882 3827 vicinisque
913 3740 1105 3826 regionibus

15 3845 151 3909 coitavit.
208 3841 321 3920 Quum
354 3842 443 3905 enim
479 3839 695 3904 Wenoeslaus
725 3859 801 3920 rex,
842 3840 937 3924 cujus
968 3841 1104 3922 ignavia

16 3944 197 4006 curiorum
222 3938 398 4003 audaciam
422 3948 572 4020 auxerat,
598 3936 720 4002 deiude
736 3936 964 4002 turbulentum
988 3933 1102 4001 eorum

52 4175 69 4241 ¹)
88 4173 148 4230 Gfr.
164 4169 268 4235 Helela,
288 4169 316 4224 C.
336 4168 368 4223 G.
388 4168 450 4224 VII.
470 4168 486 4238 ξ
509 4169 569 4222 767.
591 4167 662 4222 'Pota
680 4167 803 4234 quaestio
822 4167 855 4222 de
873 4168 949 4221 salvo
968 4165 1104 4220 conductu

16 4253 43 4306 cl.
61 4259 179 4308 auctore
199 4251 338 4318 praeclare
357 4254 503 4304 tractatur.
