2868 4844
437 469 606 524 incommoda
624 477 727 528 exorta.
1092 471 1144 527 837

31 637 68 678 ex
91 614 184 678 dictis
214 613 390 697 concipere
424 634 563 698 pronum
594 624 652 682 est.
699 613 764 679 Pro
789 613 1001 680 conclusione
1031 623 1143 680 antmn

35 717 141 778 iterum
164 711 319 794 colligere
337 709 474 795 jurabit
497 713 613 796 paucis
637 712 858 793 incommoda,
883 735 967 799 quae
991 735 1034 778 ex
1058 735 1144 778 eom·

35 811 203 875 moratione
226 809 427 874 Pontificum
460 809 493 873 in
518 806 630 874 Gabia
652 819 768 874 exorta
792 819 878 876 sunt.
904 847 945 860 -
973 811 1009 875 1⁰
1032 811 1142 876 Ponti·
1161 814 1306 916 ⁰⁸²2&

33 910 101 973 tices
130 908 178 972 illi
202 906 334 973 Galliae
360 906 495 990 regibus
527 907 601 992 plus
624 909 778 972 minusve
803 907 953 973 obstricti
976 919 1077 996 atque
1099 909 1142 974 ab
1198 886 1227 920 '¹⁸

33 1010 72 1071 eis
94 1005 331 1092 dependentes,
356 1025 422 1070 non
447 1025 486 1068 ea
511 1027 577 1090 qua
601 1004 657 1070 alii
683 1005 807 1070 Rornae
831 1006 1022 1086 residentes,
1046 1005 1144 1070 liber·

32 1117 88 1170 tate
115 1115 150 1168 et
178 1102 440 1188 independentia
471 1105 506 1166 in
534 1103 809 1170 administrandis
841 1103 1012 1168 Ecclesiae
1045 1104 1145 1170 rebus

30 1202 222 1288 gaudebant,
246 1223 361 1286 regum
379 1200 583 1266 Francorum
600 1203 687 1264 votis
710 1201 842 1266 facilius
865 1201 1144 1288 obsequebantur,

31 1303 182 1390 pluraque
221 1302 255 1364 in
294 1319 407 1363 eornm
450 1302 591 1383 gratiam
629 1299 799 1364 faciebant
836 1311 870 1364 et
906 1298 1144 1366 concedebant

31 1401 160 1464 Romani
186 1419 265 1462 vero
290 1408 324 1462 et
345 1396 420 1461 Itali
444 1397 631 1461 absentiam
647 1397 859 1480 Pontificum,
883 1409 915 1462 et
939 1399 1085 1484 ipsorum
1109 1401 1143 1464 in

29 1497 162 1566 Galliam
187 1499 330 1582 patriam
354 1517 452 1579 aegre
476 1495 619 1561 serentes
642 1494 946 1581 praedilectionem,
971 1499 1143 1562 auctorita·

29 1609 85 1660 tem
108 1617 224 1660 eorum
249 1595 361 1658 minus
379 1593 633 1672 venerabantur,
659 1604 692 1657 et
708 1593 840 1658 decreta
863 1605 962 1680 atque
987 1595 1145 1660 mandata

28 1717 84 1758 non
109 1715 151 1758 ea
175 1715 241 1779 qua
264 1703 364 1756 antea
387 1713 468 1756 cura
491 1691 724 1756 observabant
761 1691 891 1757 Pariter
905 1691 963 1757 alii
977 1695 1144 1780 principes

28 1803 55 1855 et
67 1789 180 1878 populi
197 1791 370 1854 christiani
386 1807 567 1870 cernentes,
592 1789 770 1854 Pontifices
783 1789 855 1854 illos
867 1791 1002 1875 regibus
1014 1789 1143 1858 Galliae

29 1911 166 1978 suaeque
189 1889 318 1974 patriae
350 1888 479 1952 deditos
511 1899 545 1952 et
574 1888 727 1968 devotos,
758 1898 927 1974 suspectos
958 1888 1056 1954 facile
1089 1911 1144 1954 eos

29 1987 200 2062 habebant,
217 2009 279 2052 nec
295 1985 411 2050 eadem
428 2008 494 2072 qua
509 1988 601 2070 prius
615 1987 829 2050 veneratione
842 1995 941 2071 etque
953 1985 1144 2052 obedientie

28 2085 313 2172 prosequebantur.
325 2085 463 2148 -201n
474 2083 613 2169 statibus
627 2083 762 2146 ditionis
773 2084 962 2169 pontificiae
975 2084 1143 2166 lectiones,

26 2205 104 2269 quae
128 2182 211 2248 alias
236 2181 436 2247 Pontificum
470 2183 656 2268 praesentia
680 2181 995 2266 comprimebantur,
1027 2184 1068 2246 iis
1100 2182 1143 2247 ab

28 2281 109 2346 Urbe
124 2279 322 2346 absentibus
335 2280 472 2346 liberius
489 2279 756 2360 dominabantur,
775 2289 807 2342 et
815 2281 1021 2366 principatus
1035 2279 1144 2345 civilis

27 2379 219 2444 Pontificum
252 2377 487 2444 collabebatur.
535 2378 712 2442 Pontifices
745 2398 822 2440 vero
850 2377 891 2442 ob
916 2378 1142 2462 perturbatam

27 2478 136 2544 ltaliae
169 2478 394 2542 conditionem
434 2497 500 2541 non
532 2475 637 2540 solum
675 2477 732 2538 vix
765 2473 847 2539 ullos
882 2476 961 2540 inde
992 2477 1143 2540 redditus

27 2575 259 2662 percipiebant,
293 2575 350 2638 sed
375 2577 474 2639 etiam
500 2576 668 2658 ingentem
692 2573 910 2658 pecuniarum
935 2575 1004 2638 vim
1029 2575 1063 2638 in
1088 2574 1141 2639 de·

26 2672 183 2738 bellendis
212 2671 392 2738 rebellibus
426 2674 592 2738 insumere
622 2670 801 2736 debebant.
849 2671 939 2735 Hinc
974 2672 1017 2737 ad
1047 2685 1142 2736 taxes

26 2772 205 2836 ordinarias
221 2781 255 2834 et
267 2769 547 2834 extraordinarias
570 2789 739 2832 recurrere
754 2768 968 2852 cogebantur,
994 2770 1141 2854 urgendo

25 2883 172 2952 annates,
211 2871 468 2956 exspectativas,
506 2869 761 2950 reservationes,
802 2869 1018 2953 provisiones,
1057 2889 1142 2954 qnae

24 2968 131 3033 multis
156 2965 299 3056 querelis
313 2989 427 3034 ansam
446 2965 660 3053 praebebant.
676 3003 720 3016 ·-
736 2967 775 3031 3⁰
791 2967 882 3030 Inter
898 2965 1142 3030 funestissimae

24 3065 168 3153 sequelae
197 3065 397 3132 residentiae
427 3065 628 3130 Pontificum
661 3065 696 3128 in
727 3061 838 3128 Gallia
867 3087 907 3128 ea
938 3063 1142 3128 recensenda

23 3175 75 3244 est,
114 3164 205 3252 qnod
235 3163 440 3230 catholicitas
469 3162 524 3227 illa
548 3165 679 3227 interna
703 3160 883 3244 Ecclesiae,
921 3183 987 3247 qua
1018 3161 1065 3242 fit,
1105 3171 1142 3226 ut

24 3285 132 3329 omnes
154 3261 269 3350 populi
293 3285 333 3326 ac
357 3263 507 3326 nationes
531 3261 700 3324 communi
724 3261 871 3324 caritatis
894 3270 927 3324 et
950 3256 1140 3344 aequalium

16 3361 140 3446 jurium
157 3360 292 3426 vinculo
310 3362 480 3440 uniuntur,
495 3359 597 3424 veluti
613 3359 839 3437 offuscaretur,
855 3367 888 3421 et
902 3355 1139 3439 nationalismi,

23 3462 65 3525 nti
90 3460 157 3524 dici
182 3458 274 3541 solet,
299 3459 470 3523 tendentia
492 3481 532 3522 ac
556 3457 722 3543 principia
747 3477 902 3541 magnam
926 3457 960 3519 in
984 3455 1140 3520 societate

23 3558 199 3623 christiane
236 3559 447 3644 acquirerent
484 3558 554 3620 vim
590 3567 625 3618 et
660 3553 837 3620 influxnm.
898 3553 1011 3634 Quum
1051 3555 1140 3618 enim

22 3653 195 3722 Pontifices
219 3667 253 3720 et
275 3653 471 3720 Cardinales
494 3653 563 3718 fere
586 3673 701 3718 omnes
723 3663 834 3716 essent
857 3650 956 3733 Gelli,
981 3672 1141 3737 praepon-

23 3751 168 3818 derantia
203 3751 374 3819 Gallorum
414 3752 537 3817 limites
574 3752 671 3838 aequi
707 3749 883 3831 excedere,
921 3761 954 3814 et
988 3747 1140 3814 Ecclesia

22 3851 155 3938 ejusque
184 3851 429 3916 administratio
461 3847 662 3914 nationalem
694 3849 838 3933 speciem
871 3849 1023 3933 accipere
1047 3845 1139 3910 vide-

23 3947 125 4014 batur.
164 3949 279 4031 Quum
295 3949 419 4014 Romae
442 3957 552 4012 essent
573 3946 752 4010 Pontifices
775 3945 926 4031 adeoque
949 3943 1025 4009 Itali
1049 3967 1140 4031 pree-

23 4046 174 4130 valerent,
199 4048 234 4114 id
257 4047 340 4113 alias
363 4048 514 4112 nationes
537 4065 604 4110 non
628 4043 777 4108 offendit.
807 4041 1026 4108 Ordinatione
1050 4043 1139 4107 enim

23 4143 252 4213 Providentiae
276 4147 382 4212 Roma
410 4147 588 4211 constituta
611 4152 682 4206 erat
705 4153 856 4206 centrum
881 4139 1138 4222 Christianismi,

20 4257 117 4331 atque
147 4245 230 4311 baec
261 4244 413 4310 Ecclesia
451 4252 556 4307 mater
591 4251 661 4304 erat
695 4238 907 4325 reliquarum.
963 4237 1140 4302 Praeterea
