2832 4844
278 385 331 440 456
475 384 605 440 XXVIII.
625 385 665 439 De
684 391 761 439 statu
779 383 919 440 societatis
938 383 1030 440 christ.
1050 399 1119 440 esec
1139 384 1218 441 XIII

328 495 333 502 -
368 527 584 614 Argumentis
608 528 721 593 allatis
746 549 918 592 censemus
946 529 1067 610 evinci,
1092 527 1296 592 Sanctionem
1311 553 1395 616 prop-

278 628 426 691 ruoticom
455 649 479 693 s.
506 625 670 690 Ludovici
697 648 763 691 non
788 647 859 690 esse
883 624 1121 707 authenticam,
1152 626 1212 690 sed
1237 627 1395 712 posteriori

278 735 435 811 tempore,
469 722 627 789 videlicet
650 733 758 788 aetate
783 733 966 788 conventus
990 723 1211 788 Bituricensis
1241 729 1283 809 (a.
1310 725 1395 801 1438)

218 845 224 860 ·
279 846 351 890 eam
377 845 447 888 esse
472 822 659 887 confictam.

165 921 218 960 ncr-

121 983 198 1034 uppus
212 984 254 1024 ur.

368 923 421 988 84.
435 921 468 988 S.
482 919 656 984 Ludovico
669 920 721 984 IX
733 922 766 984 in
783 917 912 984 Galliae
924 941 1026 1004 regno
1040 941 1128 984 anno
1150 920 1236 985 1270
1251 923 1396 986 suecessit

278 1020 350 1105 ejus
381 1019 469 1083 filius
501 1016 674 1104 Philippus
702 1018 767 1094 III,
802 1016 926 1080 Audax
958 1016 1151 1102 appellatus.
1208 1017 1320 1083 Etiam
1349 1020 1395 1082 bic

278 1139 393 1201 regum
417 1117 580 1180 Franciae
603 1125 800 1200 potestatem
824 1113 1010 1199 surpliavit‚
1041 1137 1081 1178 uc
1105 1113 1167 1180 sub
1192 1117 1274 1200 ipso,
1303 1139 1412 1202 quant

278 1214 461 1280 Tolosanus
485 1214 662 1277 comitatus
686 1213 839 1277 loannae
863 1211 952 1278 filice
975 1211 1167 1296 Raymundi
1182 1211 1246 1276 Vll
1270 1213 1395 1300 ejusque

278 1314 388 1377 mariti
404 1311 568 1398 Alphonsi
594 1321 730 1375 vacaret
746 1319 861 1391 morte,
886 1311 1061 1396 provincia
1085 1312 1148 1374 ista
1172 1312 1205 1374 in
1230 1315 1395 1397 possessio·

277 1435 353 1476 nem
377 1433 493 1495 regum
517 1408 646 1474 Galliae
671 1411 834 1494 pervenit.
866 1407 979 1487 Quum
1004 1431 1091 1473 anno
1116 1409 1201 1472 1274
1226 1410 1395 1474 concilium

276 1511 527 1574 oecumenicum
553 1507 712 1590 Lugduni
739 1505 970 1588 celebraretur,
1002 1505 1177 1593 Philippus
1200 1511 1396 1593 protectione

277 1629 336 1671 sua
360 1605 520 1691 Gregorio
544 1606 579 1669 X
603 1619 635 1668 et
658 1603 816 1669 Patribus
839 1603 958 1684 adfuit,
983 1626 1023 1668 ac
1046 1607 1229 1688 generatim
1254 1609 1396 1691 vestigiis

276 1727 300 1770 s.
325 1704 491 1769 Ludovici
516 1703 682 1784 insistens,
713 1701 885 1766 Ecclesiae
917 1712 949 1766 et
972 1701 1124 1786 religioni
1157 1705 1185 1768 is
1216 1726 1289 1768 sese
1315 1727 1394 1792 prse-

275 1802 349 1866 buit
372 1800 554 1866 addictum.
609 1801 661 1866 De
686 1803 756 1885 ipso
782 1799 968 1865 Gulielmus
992 1800 1143 1884 Nangius
1175 1803 1209 1866 in
1234 1805 1307 1866 vita
1332 1803 1413 1867 Pbi·¹

275 1899 357 1986 lippi
382 1899 450 1963 lIl:
484 1900 587 1985 Super·
610 1899 715 1964 sedem
736 1909 908 1985 paternum
932 1898 1105 1984 Philippus
1132 1923 1191 1964 rea
1221 1898 1413 1966 collocatos-,3

268 1998 454 2086 patrissui
476 2021 540 2060 nou
563 2000 722 2060 immemor
739 2006 1000 2083 praeceptorum,
1031 1997 1143 2082 quibus
1168 1998 1263 2088 ⁸illum
1298 2001 1331 2062 iu
1355 2025 1413 2080 arg

275 2099 381 2161 tremis
404 2094 556 2159 laboraris
579 2094 745 2174 imbuerat,
771 2091 945 2157 ambularit
969 2117 1036 2156 cum
1051 2095 1199 2174 Domino,
1223 2099 1393 2182 sapientum

275 2193 464 2259 tractatibus
486 2193 580 2256 corde
597 2191 739 2256 ultroneo
756 2193 969 2256 adlicer-eudo.
1017 2191 1201 2258 Recessitis
1225 2192 1305 2258 dein
1332 2195 1395 2257 Phi·

273 2292 357 2378 lippi
381 2289 577 2355 virtutibus:
618 2290 707 2355 Unde
730 2291 788 2367 leis,
823 2287 948 2371 scribit,
981 2300 1011 2352 et
1034 2290 1110 2353 eliis
1143 2291 1248 2356 vitullis
1274 2291 1397 2378 polleas

274 2391 453 2468 uirtutibus,
488 2399 551 2452 toto
577 2400 714 2474 tempore
738 2389 823 2450 vitoe
847 2409 924 2450 sucre
943 2391 1057 2473 pacem
1080 2389 1114 2451 iu
1138 2411 1231 2474 reguo
1264 2413 1324 2452 suo
1348 2413 1396 2452 tue·

274 2491 340 2552 ruit
363 2488 511 2551 obtinere.
563 2485 647 2570 Ejus
679 2507 757 2548 vero
787 2487 820 2548 in
850 2483 970 2549 Sedem
995 2484 1220 2570 Apostolicam
1252 2489 1414 2550 animun*

275 2586 433 2651 devotum
458 2585 521 2649 hoc
545 2583 651 2669 elogio
676 2583 926 2650 commendavit
950 2584 1114 2648 Martinus
1138 2584 1203 2648 IV:
1236 2583 1342 2657 Quum
1363 2589 1397 2648 ul

274 2684 399 2750 eccclse
423 2685 546 2747 deuotio
570 2694 600 2746 et
623 2681 759 2768 effectio,
775 2704 869 2766 quem
893 2679 1044 2760 sublimis,
1068 2681 1180 2766 quibus
1203 2686 1286 2746 iuter
1312 2695 1397 2746 coeto

274 2805 327 2846 ros
357 2803 502 2869 proceres
533 2781 735 2844 clarissimus
766 2783 801 2844 iu
828 2777 955 2844 Christo
974 2777 1064 2864 filius
1093 2791 1200 2844 uester
1229 2781 1398 2866 Philippus

274 2903 332 2944 rea
355 2882 553 2945 Francorum
576 2877 723 2960 illustris,
753 2878 853 2942 clame
871 2879 1112 2964 progenitorum
1142 2901 1268 2943 suorum
1304 2881 1400 2942 ialzor·

274 2979 372 3042 reuda
397 2980 547 3064 uestigiis,
572 2997 647 3062 erpo
670 2977 850 3040 Romanam
882 2975 1044 3039 ecclesiam
1067 2988 1199 3040 matre-m
1227 3001 1322 3040 suum
1336 2977 1396 3062 fu·-

274 3099 346 3140 vore
370 3077 574 3160 dignoscitur,
599 3072 717 3138 crebris
742 3073 839 3159 liquet
868 3073 1009 3154 iudiciis,
1033 3073 1227 3138 multimodis
1260 3077 1398 3160 aperitin

273 3174 431 3260 operibus,
466 3183 495 3234 et
516 3172 741 3258 frequentibus
773 3171 895 3236 actibus
926 3171 1119 3237 declaratur.
1129 3173 1152 3257 ¹)
1204 3171 1300 3237 Obiit
1331 3173 1396 3237 Phi-

278 3311 414 3318 n-——-

273 3385 346 3424 mum
369 3369 403 3422 ad
428 3368 475 3422 Ed.
495 3368 593 3421 Brown
619 3367 647 3421 in
672 3365 818 3435 appendice
844 3369 931 3436 operis
957 3366 1085 3422 Orthuini
1111 3368 1201 3422 Gratii
1230 3369 1394 3434 „Fasciculu-

274 3465 362 3504 rerum
382 3448 592 3516 expetendarum
617 3453 646 3500 et
671 3446 879 3514 itrgiendaruur“
907 3446 1024 3502 Londini
1051 3449 1127 3501 1690.
1173 3447 1274 3500 Brown
1295 3446 1394 3504 indicat,

273 3528 341 3583 illud
360 3529 547 3582 documentum
567 3527 591 3581 ei
611 3527 838 3581 communicatum
857 3527 942 3581 fuisse
961 3544 978 3580 e
996 3528 1099 3581 Thomu
1118 3525 1195 3592 Gala,
1214 3531 1263 3593 qui
1282 3529 1310 3581 id
1330 3528 1394 3580 inre

274 3609 348 3664 nerit
365 3609 439 3663 inter
457 3606 642 3675 manrrseripta
661 3605 796 3661 Matthaei
814 3607 913 3662 Parisii
932 3607 961 3661 in
980 3607 1149 3664 Bibliotheca
1168 3607 1285 3662 Joannis
1304 3608 1393 3661 Cotton

270 3694 423 3745 vaaervctc.
453 3689 493 3741 Ex
513 3692 643 3741 contextu
662 3687 812 3756 colligitur,
832 3688 880 3742 ills.
899 3689 1061 3756 gravamine
1079 3703 1128 3756 per
1141 3687 1260 3754 aliquem
1279 3689 1394 3756 legatum

273 3769 384 3824 missurn
403 3786 420 3823 a
436 3767 573 3822 Lulorico
592 3767 633 3820 IX
652 3783 723 3820 anno
744 3769 813 3822 1247
832 3769 992 3822 Innocentio
1011 3768 1052 3822 IX
1070 3768 1210 3835 proposita
1229 3767 1323 3822 luisse.
1350 3767 1393 3825 ser

273 3849 463 3904 documentum
476 3849 549 3913 illud,
564 3847 639 3916 cujus
658 3847 734 3900 nulla
749 3853 832 3901 antea
845 3848 946 3902 mentio
966 3847 1047 3914 facta,
1068 3865 1102 3903 ex
1121 3855 1180 3900 tota
1200 3846 1288 3901 torma
1306 3863 1353 3902 sua
1370 3862 1393 3894 a·

273 3929 365 3996 prodit
383 3933 415 3982 ut
433 3929 561 3998 spurium.
590 3929 672 3981 Forte
691 3927 746 3981 fuit
765 3933 874 3982 tentum
894 3928 1000 3982 schema
1019 3927 1127 3996 aliquod
1146 3944 1162 3980 a
1182 3926 1323 3982 Mattbneo
1341 3941 1392 3978 con·

275 4007 384 4074 lectum,
409 4017 440 4062 ut
459 4009 551 4063 Gallos
570 4009 614 4062 vel
633 4008 737 4077 Anglos
757 4008 785 4062 in
805 4008 940 4062 Romanos
960 4008 1106 4062 Pontifices
1131 4006 1274 4062 excitaret
1320 4007 1390 4060 Plura

275 4087 338 4142 vide
356 4089 427 4156 apud
447 4089 535 4142 Risen
556 4089 606 4142 lc
634 4104 658 4156 p.
678 4089 722 4142 21.

349 4167 369 4234 ¹)
388 4167 475 4236 Epist.
495 4167 529 4220 ad
549 4167 698 4221 Guidonem
724 4167 756 4222 de
778 4167 946 4232 Monteiorti,
972 4183 1014 4235 ap.
1035 4166 1173 4220 Duehesne
1192 4165 1223 4222 T.
1243 4167 1276 4220 V.
1296 4183 1321 4236 p.
1338 4165 1392 4220 885.
