3000 4838
280 455 316 510 30
476 455 580 510 xxm.
600 456 640 511 De
657 461 735 511 statu
753 455 854 510 Ecolcs.
875 453 958 522 priori
976 453 1064 509 modio
1081 469 1149 509 saec.
1169 455 1229 510 xli.

280 585 392 663 ablata
416 607 448 662 et
470 600 661 686 provincias
685 598 924 664 ecclesiasticas
947 597 1090 682 Illyrici·
1097 598 1324 684 jurisdictioni
1347 620 1405 684 pa-

280 695 450 760 triarchali
486 696 687 780 subtractas,
724 717 871 784 unquam
905 717 947 760 ex
982 694 1191 761 Constantini
1224 694 1406 784 diplomate

281 803 477 880 argumenta
510 794 715 882 deprompsit
745 794 800 859 vel
833 793 918 858 illud·
943 795 978 859 in
1002 793 1150 860 medium
1174 795 1294 861 attulit.
1340 795 1405 860 Ne-

281 913 345 977 que
377 891 508 957 saeculo
540 914 628 957 nono
650 891 848 957 Nicolausl
880 900 913 955 et
937 891 1129 956 Hadrianus
1152 892 1195 973 Π,
1233 914 1335 978 quum
1367 894 1405 956 in

278 987 369 1055 lucta
392 999 506 1054 contra
529 991 685 1055 Photium
717 991 876 1056 ecclesiae
901 991 1071 1054 Romanae
1095 992 1324 1054 auctoritatem
1349 989 1406 1054 de·

279 1088 462 1170 tenderent,
498 1099 530 1153 et
563 1087 803 1174 subjectionem
836 1088 1045 1174 patriarchae
1071 1086 1192 1174 Optani
1225 1088 1287 1152 sub
1316 1087 1406 1154 Sede

279 1186 459 1272 apostolica
490 1186 715 1269 vindicarent,
750 1209 898 1273 unquam
927 1187 1129 1250 mentionem
1165 1186 1315 1250 fecerunt
1346 1185 1405 1248 do·

278 1288 422 1351 cationis
449 1286 669 1352 Constantini.
716 1285 875 1350 Attamen
905 1286 1027 1370 passim
1057 1307 1100 1347 ex
1130 1283 1268 1348 historia
1300 1283 1406 1347 eccle-

278 1385 412 1449 siastica
435 1395 697 1449 commemorant
718 1384 960 1469 Imperatorum
984 1404 1062 1467 erga
1086 1381 1259 1448 ecclesiam
1284 1382 1405 1445 Roma-

278 1504 356 1547 nam
384 1481 651 1547 benevolentiam
685 1491 717 1545 et
747 1480 839 1564 larga
870 1479 1047 1558 beneficia,
1084 1489 1120 1544 ut
1142 1478 1407 1566 Imperatoribus

278 1579 435 1645 Michaeli
459 1602 498 1644 ac
521 1579 644 1644 Basilio
669 1578 799 1643 illorum
824 1577 1013 1663 exemplum
1038 1587 1250 1664 proponatur.
1287 1575 1405 1656 Quum

278 1698 357 1741 vcro
381 1677 539 1742 Nicolaus
561 1677 578 1742 I
601 1700 631 1741 a.
656 1677 720 1743 867
745 1675 883 1762 epistola
908 1675 985 1740 data
1008 1675 1051 1740 ad
1073 1675 1293 1740 Hincmarum
1317 1673 1406 1738 Rhe·

278 1797 425 1840 mensem
450 1773 654 1840 Graecorum
678 1776 912 1858 arrogantiam,
949 1795 1083 1856 errores,
1116 1783 1148 1837 et
1171 1774 1406 1837 accusationes

278 1875 315 1937 in
338 1871 512 1937 ecclesiam
527 1872 710 1937 Romanam
733 1872 840 1936 fusius
864 1881 1054 1956 exponeret,
1079 1893 1119 1935 ac
1142 1869 1310 1956 praesules
1324 1867 1406 1934 Gal-

279 1970 342 2035 liae
367 1973 541 2054 excitaret,
570 1980 607 2034 ut
630 1971 761 2055 scriptis
785 1971 852 2033 suis
876 1969 1023 2034 Graecos
1051 1980 1085 2033 et
1113 1971 1177 2056 ipsi
1207 1970 1404 2050 refutarent,

279 2079 535 2133 commemorata
557 2069 768 2132 accusatione
793 2065 997 2131 Graecorum
1031 2067 1072 2131 de
1097 2067 1227 2153 jejunio
1252 2064 1405 2131 sabbati:

279 2165 343 2230 Sed
366 2167 443 2253 qaid
464 2169 587 2245 mirum,
619 2166 727 2251 pergit
749 2165 914 2245 Pontifex,
946 2189 1014 2228 cum
1038 2167 1133 2228 ctiam
1155 2165 1329 2251 glorientur
1352 2175 1403 2227 at-

278 2287 335 2350 quc
353 2265 551 2352 perhibeant,
588 2263 714 2349 quando
745 2263 783 2326 de
807 2265 956 2328 Romana
985 2263 1060 2326 arba
1088 2265 1296 2349 imperatores
1323 2260 1403 2327 Cou-

276 2361 516 2449 ataatiuopolim
552 2371 626 2425 aaut
664 2361 830 2444 translati,
871 2373 942 2425 tuac
977 2372 1008 2424 et
1035 2361 1212 2446 primatum
1235 2362 1403 2424 Romanae

278 2457 371 2524 Sedis
394 2461 438 2524 ad
463 2458 621 2546 Cptanam
644 2458 805 2523 ecclesiam
828 2461 1069 2544 traaamipraasc
1093 2470 1122 2522 ct
1145 2481 1213 2522 cam
1236 2458 1402 2544 dignitati-

277 2557 333 2622 tos
353 2560 450 2644 replis
465 2559 561 2621 ctiam
576 2555 724 2621 ccclesiae
741 2558 906 2620 Romanae
916 2556 1090 2642 potoilcpia
1106 2557 1267 2620 baculata
1281 2553 1401 2640 fuisse.

275 2655 344 2720 Ista
368 2654 572 2721 Graecorum
607 2657 742 2718 assertio
778 2677 838 2740 per
873 2677 907 2718 se
943 2653 1140 2718 concidebat
1163 2675 1205 2718 ex
1229 2653 1402 2717 donatione

278 2751 497 2835 Constantini,
532 2775 634 2840 quum
664 2751 747 2817 haec
778 2761 847 2816 tota
877 2754 920 2816 sit
951 2753 986 2815 in
1016 2751 1199 2837 privilegiis
1230 2753 1402 2816 Romanae

277 2849 436 2916 ecclesiae
467 2849 656 2934 firmandis,
693 2859 725 2914 et
759 2851 1083 2934 transmigrationem
1116 2849 1328 2936 Imperatoris
1364 2851 1402 2912 in

276 2948 376 3013 aliam
408 2949 525 3014 urbem
550 2946 872 3034 Constantinopolim
904 2946 1048 3032 explicet
1078 2970 1122 3011 ex
1153 2949 1340 3012 reverentia
1365 2949 1400 3011 in

276 3045 471 3111 Pontificem
504 3046 701 3111 Romanum.
752 3045 913 3132 Adeoque
947 3046 1010 3111 hoc
1039 3044 1110 3110 loco
1139 3045 1242 3110 veluti
1276 3067 1335 3130 per
1366 3067 1402 3108 se

276 3143 449 3229 ingerebat
471 3167 505 3208 se
529 3144 652 3208 mentio
676 3143 765 3207 illius
788 3143 994 3226 documenti,
1026 3152 1063 3206 ut
1086 3143 1211 3208 absona
1235 3144 1401 3230 jactantia

275 3240 460 3307 Graeorum
483 3243 768 3329 perstringeretur.
815 3242 861 3305 At
883 3240 1041 3306 Nicolaus
1065 3241 1149 3306 nihil
1181 3240 1222 3305 de
1253 3240 1316 3306 hac
1346 3241 1401 3304 do-

275 3342 405 3404 aatioaa
440 3340 531 3406 dicit.
579 3339 675 3405 Certe
707 3341 734 3404 si
769 3338 957 3404 donationis
997 3339 1143 3425 diploma
1171 3341 1244 3426 jam
1267 3339 1400 3404 saeculo

276 3446 393 3503 octavo
417 3438 472 3502 vel
496 3441 631 3503 ineunte
655 3437 785 3502 saeculo
814 3458 901 3502 nouo
926 3438 1049 3502 Romae
1082 3438 1270 3502 confectum
1304 3449 1400 3522 esset,

276 3545 350 3623 post
380 3546 511 3622 tempus
546 3558 612 3600 non
645 3536 814 3600 modicum
840 3536 912 3621 jam
946 3535 1112 3621 elapsum,
1145 3536 1317 3617 Pontifex,
1350 3540 1399 3601 uti

276 3635 361 3698 varii
385 3634 552 3720 praesules
576 3637 610 3699 in
628 3633 737 3698 Gallia
760 3656 799 3699 ea
815 3643 932 3717 aetate,
958 3635 1192 3699 documentum
1216 3635 1399 3718 genuinum

276 3730 456 3814 habuisset,
481 3732 699 3818 fraudemque
723 3754 790 3796 non
813 3730 957 3819 amplius
980 3734 1179 3817 agnovisset.
1219 3733 1317 3814 Quod
1340 3735 1401 3818 igi-

276 3838 330 3892 tur
353 3829 534 3915 diplomata
557 3830 612 3894 illo
638 3832 784 3895 maxima
808 3831 1053 3916 opportunitate
1077 3830 1164 3911 data,
1190 3829 1402 3895 nullomodo

276 3928 388 4009 utitur,
399 3927 589 4011 indicioest,
599 3926 1016 3993 donatioaamConstantini
1027 3928 1157 3993 eihand
1168 3930 1401 3996 notamfuisse.

365 4025 419 4090 38.
455 4025 509 4089 Ex
531 4028 627 4091 initio
652 4026 775 4091 saeculi
799 4027 969 4090 undecimi
994 4028 1114 4091 citatur
1137 4025 1284 4112 diploma
1308 4026 1402 4094 Otto·

275 4124 328 4187 nis
350 4122 403 4187 111
427 4125 560 4188 Romam
584 4136 680 4212 caput
702 4125 822 4204 maadi,
848 4145 912 4210 quo
926 4122 1083 4189 Silvestro
1098 4125 1134 4188 11
1157 4147 1214 4189 seu
1230 4125 1404 4192 Romanae

275 4219 436 4285 ecclesiae
460 4231 532 4287 octo
558 4225 734 4287 comitatus
759 4225 792 4286 in
817 4221 914 4287 Italia
939 4222 1055 4306 donat3
1090 4245 1130 4287 ac
1154 4224 1276 4288 mentio
1301 4245 1403 4309 quae·
