2850 4834
294 427 349 479 201
511 425 604 479 XXXI
610 425 629 476 l.
648 425 689 479 Dc
708 425 885 480 Pontificibus
905 426 1044 480 Avenionc
1062 426 1238 481 commoratio.

296 570 344 632 uti
354 568 500 632 vidImus
509 567 555 654 (n.
565 567 633 654 37),
645 590 683 632 eo
694 572 857 654 progressi
875 579 961 652 sunt,
974 581 1011 633 ut
1027 569 1068 634 de
1085 560 1393 635 Ec'clesiaoconstitn·
1417 565 1418 624 ἶ

295 669 387 732 tione
410 667 579 731 doctrinas
593 670 797 752 perniciosas
809 681 1040 755 proponerent,
1066 669 1312 754 Romanumque
1327 667 1396 730 Pon·
1417 631 1418 686 l

295 765 419 830 tificem
451 767 584 851 penitus
617 765 820 852 subjicerent
858 767 1071 852 Imperatori,
1113 768 1161 830 ita
1190 777 1227 830 ut
1253 765 1293 830 ad
1323 764 1397 828 hune

295 874 460 951 spectaret
468 866 590 928 creatio
600 864 671 951 ejus
680 876 712 929 et
721 865 894 950 depositio.
910 864 1017 931 Simul
1029 865 1397 929 veroPseudominoritae

295 965 462 1030 Ioannem
502 963 606 1027 XXII
645 963 687 1028 ob
727 965 799 1050 ejus
837 963 1098 1028 Constitutionea
1137 962 1178 1027 de
1216 972 1418 1048 paupertate,

296 1062 442 1126 haeresis
466 1073 675 1126 accusarunt.

386 1215 440 1278 54.
474 1213 587 1294 Quum
611 1215 713 1298 igitur
736 1216 902 1300 principia
925 1213 1008 1277 falsa
1031 1236 1072 1277 ac
1095 1212 1243 1276 theoriae
1265 1233 1402 1276 erroneae

298 1311 451 1399 plurimis
476 1313 703 1386 inhaererent,
728 1334 857 1376 aenon
883 1314 981 1397 pauci
1006 1313 1107 1375 etiam
1131 1311 1294 1376 loannem
1319 1307 1402 1372 XXII

298 1410 458 1476 audacter
481 1412 727 1495 impugnarent,
752 1410 946 1474 Ludovicus
962 1431 1039 1473 vero
1057 1409 1149 1473 hisce
1163 1410 1308 1474 favorem
1324 1427 1403 1471 suun

299 1518 490 1594 praestaret,
516 1510 636 1571 mirum
661 1529 727 1572 non
752 1518 810 1588 est,
848 1528 978 1572 summa
1000 1507 1103 1572 fuisse
1127 1509 1220 1592 pacis
1242 1503 1403 1570 obstacula.

135 1601 275 1704 ssfffflfff
299 1606 448 1672 Joannes
463 1605 567 1700 XXII
591 1607 766 1691 principiis
790 1606 879 1670 veris
892 1605 933 1669 de
951 1603 1062 1669 indole
1077 1606 1225 1691 Imperii,
1249 1625 1333 1690 quae
1349 1603 1405 1688 jau

300 1705 334 1767 in
359 1705 442 1769 Jure
466 1705 626 1768 canonico
651 1705 754 1767 variis
780 1701 1010 1768 Decretalibus
1034 1705 1163 1768 sancita
1190 1713 1294 1782 crant,
1326 1705 1405 1766 insta·

300 1801 366 1884 bat,
401 1823 570 1887 quumque
601 1800 712 1886 legum
736 1802 957 1887 peritissimus
980 1803 1203 1864 esset‘stricta
1227 1802 1326 1864 etiam
1349 1819 1406 1862 coa·

299 1901 473 1985 sequentia
503 1900 581 1983 jura
612 1921 672 1963 sua
703 1909 736 1962 et
766 1900 998 1962 auctoritatem
1037 1897 1243 1963 vindicabat„
1298 1896 1406 1961 Eadem

233 2017 235 2022 ·
300 1998 466 2084 principia
512 1997 584 2081 ejus
631 2019 836 2061 successores
884 1997 987 2060 secuti
1028 2007 1114 2061 sunt.
1165 1997 1263 2062 Varii
1296 2015 1407 2082 quoqne

299 2097 476 2180 scriptores
507 2117 546 2157 ea
577 2104 684 2158 aetate
710 2094 932 2159 Romanorum
965 2093 1165 2158 Pontificum
1197 2097 1407 2160 auctoritatem

299 2215 481 2278 eorumque
508 2193 587 2278 jura
634 2192 742 2277 quoad
787 2192 969 2277 Imperium
1012 2203 1240 2278 exposuerunt
1279 2203 1313 2257 et
1352 2189 1407 2254 tuiti

300 2300 387 2370 sunt,
425 2293 472 2354 uti
499 2291 691 2355 Alexander
720 2291 761 2355 de
784 2316 809 2356 s.
836 2289 969 2374 Elpidio
993 2288 1032 2355 Ο.
1058 2313 1083 2354 s.
1109 2289 1207 2375 Aug,
1246 2291 1360 2355 Petrus
1380 2287 1409 2348 de

300 2386 430 2452 Palude
453 2389 492 2454 Ο.
520 2413 544 2452 s.
562 2389 671 2471 Dein,
696 2388 842 2452 Alvarus
857 2387 1012 2472 Pelagius
1029 2387 1196 2468 Minorita,
1221 2389 1410 2473 Augustinus

300 2485 507 2572 Triumphus
537 2487 577 2552 Ο.
612 2510 636 2553 s.
671 2487 757 2571 Aug.
805 2487 937 2550 Acriter
969 2485 1105 2571 quidem
1130 2496 1163 2549 et
1187 2488 1362 2552 instantius
1388 2485 1409 2546 hi

301 2595 454 2650 auctores
485 2587 610 2670 passim
637 2586 715 2671 jura
739 2585 777 2648 R.
802 2583 975 2648 Pontificis
1000 2587 1032 2648 in
1059 2583 1262 2648 conferendo
1287 2585 1410 2670 Imperio

302 2682 488 2765 vindicant,
528 2693 561 2747 et
597 2681 905 2748 subordinationem
931 2683 1145 2767 Imperatoris
1182 2683 1245 2747 sub
1271 2683 1411 2748 Pontilire

303 2793 437 2866 urgent3
473 2785 654 2845 universim
679 2792 791 2846 tamen
815 2793 905 2844 recte
929 2781 970 2844 de
996 2779 1110 2844 babitu
1136 2780 1274 2867 Imperii
1306 2782 1346 2846 ad
1369 2779 1411 2842 ll-

303 2880 438 2945 clesiam
464 2881 655 2961 statuunt.¹)

311 3067 491 3074 ————
499 3068 516 3072 -.

379 3169 398 3238 1)
418 3166 705 3240 NegabantLudovici
724 3165 851 3230 asseclae,
871 3163 997 3218 Pontifici
1016 3163 1050 3216 ab
1060 3163 1220 3230 Imperatori
1240 3161 1413 3233 praestandos

303 3265 363 3304 esse
379 3249 563 3318 jurameutum
581 3248 738 3314 fidelitatis,
769 3245 821 3300 etsi
850 3245 1010 3299 fidelitatem
1030 3243 1064 3296 ab
1082 3243 1201 3298 hominio
1220 3245 1321 3299 vasalli
1339 3243 1413 3296 distin

302 3336 430 3401 guerent.
468 3329 606 3398 Ejusmodi
629 3329 815 3396 jurameutum
841 3327 983 3380 fidelitatis
1007 3325 1133 3380 Pontifici
1162 3324 1264 3391 deberi,
1293 3325 1412 3391 arripare

238 3462 241 3472 ,
304 3412 345 3466 illi
365 3411 411 3478 qui
427 3411 491 3480 jura
510 3410 584 3464 Sedis
604 3407 753 3476 Apostolici
779 3407 928 3461 tuebantur
946 3406 1044 3460 merito
1069 3405 1280 3462 contendebant.
1318 3407 1413 3460 Tantus

304 3491 436 3559 Pelagius
456 3489 572 3543 Alvarus
593 3488 738 3554 aliqnando
758 3486 884 3555 progredi
904 3487 1015 3540 videtur
1033 3485 1157 3551 ulterius,
1180 3485 1244 3540 dum
1265 3486 1307 3542 De
1326 3485 1413 3552 planeta

304 3571 375 3625 Ecel.
396 3571 425 3624 t.
447 3572 467 3627 l.
489 3587 509 3624 c.
529 3571 564 3625 57
581 3570 767 3637 jurameutum
792 3567 933 3622 fidelitatis
953 3571 981 3620 et
992 3565 1119 3634 -homagii
1138 3575 1330 3621 commemorat
1369 3563 1411 3616 Jat

303 3651 403 3719 passim
423 3650 548 3714 diximus,
569 3650 750 3717 juramentum
769 3647 911 3700 fidelitatis
930 3661 1035 3714 semper
1053 3647 1216 3714 praestitum
1235 3645 1321 3700 luisse
1339 3644 1415 3698 allae

305 3730 484 3800 peratoribus,
513 3746 562 3784 nec
580 3729 657 3783 Rom.
678 3727 823 3783 Pontifices
852 3727 918 3780 inde
947 3727 989 3780 uti
1018 3727 1136 3780 vasallos
1164 3743 1228 3780 snos
1255 3725 1415 3794 Imperatores

303 3812 496 3866 considerasse.
541 3811 573 3864 ld
599 3811 669 3863 satis
700 3809 793 3877 patuit
822 3809 850 3861 in
879 3807 1068 3862 controversia
1095 3806 1226 3860 Frideriei
1249 3806 1266 3859 1
1298 3823 1353 3860 cum
1376 3801 1415 3855 lla·

304 3893 402 3946 driano
415 3891 464 3946 IV.
486 3921 515 3930 ·-
539 3889 724 3954 advertimus,
744 3904 825 3956 quum
845 3886 992 3942 lotharius
1005 3887 1033 3940 ll
1052 3887 1080 3941 in
1098 3887 1300 3954 subscriptione
1317 3889 1415 3956 picturae

305 3974 384 4025 lacmc
399 3971 489 4038 Papae
508 3975 621 4024 vocetur
641 3971 714 4039 (post
732 3971 812 4022 homo
831 3967 864 4022 fit
876 3967 985 4035 Papae),
1005 3967 1093 4022 videri
1112 3967 1146 4020 ad
1164 3967 1321 4037 homagium
1340 3961 1415 4030 respici

306 4050 469 4119 praestitum
497 4050 531 4104 ob
556 4050 657 4104 allodia
676 4047 816 4102 Mathildis
845 4047 897 4116 ipsi
926 4047 954 4102 in
983 4047 1093 4101 leudam
1118 4061 1251 4104 concam.
1291 4047 1356 4116 (Ch.
1373 4041 1415 4096 lt»

305 4140 371 4188 sert.
392 4131 497 4185 XXIII.
517 4135 572 4196 82.)
610 4131 706 4185 Potest
730 4137 824 4184 tamen
843 4130 927 4183 etiam
952 4127 1053 4196 optime
1072 4143 1126 4181 vox
1143 4127 1265 4196 intelligi
1286 4141 1360 4182 sensu
1377 4135 1415 4175 noa

309 4211 418 4279 proprio
437 4211 544 4276 vasalli,
564 4211 610 4264 sed
630 4209 759 4279 analogia
779 4210 895 4275 quadam
913 4207 946 4263 ob
956 4209 1143 4278 juramentum
1155 4207 1301 4263 fidelitatis
1312 4201 1415 4260 Pontiai
