3000 4838
291 435 324 488 18
485 432 589 486 xxm.
610 432 649 487 De
667 439 743 486 statu
763 434 861 488 Euclea.
880 433 964 501 priori
983 434 1069 488 medio
1088 449 1156 488 suec.
1177 434 1238 488 XII.

289 577 396 642 fauste
420 577 644 657 succederent,
669 599 735 641 non
752 577 961 642 obstanthus
985 577 1237 642 difficultatibus
1260 580 1411 657 summis,

290 674 348 740 sed
372 673 413 737 ob
431 683 568 759 peccata
583 675 783 759 principum,
809 674 952 739 militum
969 685 1069 761 atque
1083 674 1231 740 fidelium
1247 679 1409 756 evenisse,

137 800 176 830 ms
225 800 275 830 mm
289 781 326 836 ut
349 773 512 836 infaustus
535 771 657 856 passim
681 781 767 835 esset
788 793 899 836 rerum
923 774 1042 836 exitus.
1059 810 1102 818 -
1119 771 1301 838 Consilium
1326 773 1411 839 illud

137 863 250 894 ⁸¹⁰⁰¹⁵¹¹⁸'
289 872 442 936 divinum
465 867 623 934 videlicet
646 868 771 934 dixeris
802 869 903 933 fuisse
937 869 1210 952 conditionatum,
1246 882 1412 956 quatenus

288 968 436 1034 moribus
459 976 492 1031 et
515 965 644 1030 actibus
668 968 736 1030 suis
759 967 910 1032 homines
934 967 1053 1052 dignos
1081 989 1115 1032 se
1138 966 1315 1032 redderent
1338 993 1410 1056 pro-

287 1067 430 1130 tectione
453 1073 486 1128 et
508 1085 570 1150 ope
595 1064 729 1146 divina3
754 1087 856 1150 quum
873 1087 951 1129 vero
976 1065 1088 1129 multis
1111 1063 1218 1150 culpis
1242 1074 1412 1152 etspeooa·

287 1166 330 1229 tis
354 1162 448 1228 multi
473 1185 507 1227 se
531 1163 754 1248 inquinarent,
780 1163 891 1227 Deum
915 1163 1092 1249 specialem
1118 1162 1209 1227 illam
1234 1167 1412 1248 protectio·

288 1283 364 1326 nem
390 1284 455 1326 non
478 1261 690 1345 praestitisse.

377 1413 429 1480 23.
476 1413 528 1476 Ita
551 1413 785 1476 existimarunt
808 1411 917 1492 multi,
943 1435 1044 1498 quum
1070 1411 1216 1476 secunda
1239 1414 1412 1499 expeditio

288 1514 434 1575 cruciata
459 1511 625 1575 mediante
649 1510 780 1574 saeculo
805 1510 1001 1575 duodecimo
1019 1509 1184 1574 infelicem
1199 1533 1412 1596 progressum

288 1619 320 1672 ct
343 1611 469 1672 exitum
493 1607 674 1673 habuisset.
714 1607 747 1674 S.
760 1608 959 1690 Bernardus,
985 1609 1163 1672 mandante
1179 1609 1329 1692 Eugenio
1347 1610 1411 1690 111,

274 1706 330 1771 'ad
354 1705 478 1771 bellum
502 1727 632 1769 sacrum
665 1706 795 1791 scriptis
825 1716 858 1769 et
889 1704 1096 1770 sermonibus
1128 1709 1341 1792 excitaverat,
1378 1719 1414 1772 et

287 1803 385 1868 editis
416 1803 568 1890 plurimis
596 1803 764 1867 miraculis
798 1803 878 1867 dum
902 1805 1012 1868 varias
1037 1813 1225 1888 peragraret
1246 1807 1412 1888 regiones,

287 1902 499 1966 confirmasse
523 1900 709 1980 videbatur,
744 1901 807 1964 Dei
833 1900 1037 1964 voluntatem
1073 1923 1142 1965 esse
1173 1912 1209 1966 ut
1229 1903 1412 1988 aexpeditio

286 2000 343 2065 illa
367 2001 597 2086 susciperetur,
628 1997 900 2084 Christianosque
924 2000 965 2063 de
989 1998 1179 2064 infidelibus
1202 1999 1413 2087 triumphum

285 2105 508 2184 reportaturos
547 2119 626 2160 esse.
675 2096 786 2176 Quum
817 2118 895 2160 vero
935 2106 1010 2183 post
1045 2096 1166 2162 multa's
1205 2098 1415 2163 calamitates

286 2197 463 2280 principes,
496 2193 668 2258 Conradus
692 2191 892 2260 Germaniae
917 2205 949 2259 et
971 2194 1166 2260 Ludovicus
1190 2195 1256 2260 VII
1280 2193 1414 2262 Galliae

287 2314 389 2376 reges,
424 2302 456 2356 et
485 2314 570 2378 quae
598 2291 725 2378 reliqua
757 2305 852 2357 erant
882 2293 1024 2358 militum
1057 2297 1192 2377 agmiua
1222 2296 1340 2358 misere
1374 2296 1416 2360 in

286 2393 428 2478 patriam
451 2401 661 2468 remeassent,
687 2413 807 2478 inagna
831 2393 1016 2456 animorum
1042 2393 1217 2455 commotio
1238 2391 1327 2456 facta
1350 2402 1415 2476 est,

190 2543 194 2554 .
286 2511 348 2554 nec
373 2488 549 2553 defuerunt
573 2491 629 2575 qui
653 2487 774 2553 falsum
798 2489 991 2575 prophetam
1017 2492 1271 2554 orimiuarentnr
1294 2490 1415 2555 s.Ber·

287 2587 439 2651 nardum.
486 2585 552 2651 Sed
582 2596 652 2650 tum
686 2587 743 2651 alii
774 2596 845 2650 tum
880 2589 950 2674 ipse
974 2589 1068 2651 varia
1092 2589 1126 2651 iu
1150 2589 1197 2652 rei
1221 2587 1416 2674 apologiam

186 2679 188 2686 ’
286 2687 497 2770 scripserunt.
545 2685 588 2750 Et
612 2687 645 2749 in
669 2685 721 2748 his
745 2684 915 2770 praevalet
937 2708 976 2749 ea
1001 2687 1173 2768 sententia,
1199 2708 1298 2771 quam
1323 2709 1416 2751 com-

286 2783 553 2848 memoravimus.
593 2784 644 2847 Ita
660 2783 808 2847 loannes
832 2782 937 2849 abbas
962 2783 1066 2848 Casae
1090 2784 1187 2848 Marii
1213 2785 1248 2848 in
1272 2784 1417 2870 epistola

286 2879 503 2945 consolatoria
535 2880 577 2944 ad
602 2903 626 2946 s.
650 2880 877 2945 Bernardum:
916 2880 1092 2967 Siquidem,
1129 2882 1257 2964 scribit,
1293 2884 1323 2946 si
1353 2883 1416 2947 loc

285 2979 368 3066 quod
391 2989 571 3066 coeperant,
607 2981 688 3043 sieut
717 2979 803 3042 decet
830 2977 1045 3059 Christianos,
1073 2983 1161 3070 juste
1196 3003 1233 3043 oc
1263 2977 1416 3067 religiose

280 3079 434 3163 prosequi
457 3075 579 3156 vellent,
604 3077 760 3141 Dominus
783 3101 851 3142 cum
874 3079 919 3141 eis
943 3089 1022 3142 esset
1045 3101 1082 3141 ae
1104 3101 1251 3164 maguum
1265 3079 1417 3165 fruemur

280 3198 343 3261 per
366 3196 418 3238 eos
443 3174 639 3260 perfecisset.
687 3173 752 3238 Sed
787 3176 935 3260 qseooiom
958 3177 1023 3262 ipsi
1046 3176 1090 3239 od
1113 3174 1200 3239 mola
1222 3188 1295 3240 suut
1318 3177 1415 3242 deuo-

286 3270 355 3350 luti,
393 3283 423 3335 et
445 3273 499 3334 loc
531 3295 728 3358 nequaquam
750 3273 922 3337 Dominum
945 3275 999 3358 qui
1022 3283 1132 3338 auctor
1154 3276 1225 3338 viae
1249 3273 1366 3360 fuerat
1392 3302 1416 3342 a

280 3371 444 3456 principio
469 3370 568 3434 latere
586 3372 705 3457 potuit,
728 3381 763 3434 ut
779 3393 838 3434 suu
848 3371 1055 3457 providentia
1077 3373 1112 3434 iri
1127 3395 1185 3436 sua
1201 3371 1416 3458 dispositione

285 3490 351 3532 aon
366 3468 553 3554 falleretur,
577 3469 734 3532 malitiam
759 3490 865 3532 eorum
880 3469 915 3532 irs
931 3491 1020 3532 suam
1035 3471 1187 3533 convertit
1201 3470 1413 3555 clementiam,

286 3577 316 3628 et
339 3567 469 3630 immisit
491 3568 536 3629 eis
553 3567 791 3652 persecutiones
815 3577 845 3629 et
859 3565 1060 3653 afflictiones,
1085 3565 1196 3654 quibus
1207 3570 1342 3655 purgati
1366 3571 1415 3636 ad

285 3687 414 3750 requam
432 3665 598 3750 permanire
616 3675 758 3749 possent.
766 3661 790 3747 ¹)
828 3662 905 3728 Otto
929 3663 1160 3746 Frisingensis,
1186 3667 1242 3750 qui
1266 3667 1330 3751 ipsi
1356 3689 1414 3732 ex·

286 3761 447 3847 peditioni
478 3761 641 3842 interfuit,
675 3761 716 3825 de
740 3783 779 3824 ea
802 3784 837 3825 re
861 3760 996 3825 scribit:
1035 3759 1073 3825 Si
1096 3761 1238 3826 dicamas
1268 3777 1414 3830 smscmm

286 3857 376 3923 illum
405 3859 557 3923 Abbatem
588 3861 705 3945 spiritu
731 3860 795 3923 Dei
825 3859 870 3924 od
900 3859 1087 3924 excitandos
1117 3861 1263 3948 afflatum
1288 3860 1412 3947 fuisse,

287 3957 342 4020 sed
364 3979 421 4022 uos
445 3956 482 4021 ob
507 3957 687 4043 superbiam
711 3954 933 4043 lasciuiomque
956 3967 1098 4022 uestrum
1121 3956 1265 4023 salubria
1287 3963 1414 4028 monita

361 4216 380 4282 ¹)
400 4215 476 4268 Inter
495 4213 623 4282 epistolas
641 4230 663 4272 s.
681 4215 823 4276 Bemardi,
843 4231 883 4283 ep.
904 4213 965 4271 386.
