2828 4842
352 438 498 508 expeditio
517 438 639 494 emersa
656 445 765 505 quara.
1086 437 1138 492 311
1185 403 1188 413 ’

116 581 182 646 101.
219 581 364 648 Ulterius
400 604 484 668 quae
521 594 705 646 evenerunt
736 583 770 646 in
802 593 977 668 utramque
1012 592 1139 666 partem
1150 581 1311 684 fflffi&

50 677 153 758 librans,
168 701 205 744 ac
221 680 354 744 tandem
372 683 600 766 quaestionem
616 681 719 746 veluti
735 681 771 744 in
785 681 924 765 ancipiti
940 678 1139 764 relinquens,

50 775 152 840 scribit:
180 777 263 852 Quia
286 799 357 842 vero
375 779 506 867 judicia
528 779 593 842 Dei
622 799 847 866 nonnunquam
879 777 959 841 adeo
992 787 1064 840 sunt
1094 799 1141 840 oc-

49 871 119 954 ate,
139 885 171 938 ut
191 900 212 939 a
225 877 385 962 propheta
409 877 560 940 dicantur
584 876 715 962 abyssus
731 874 841 953 multo,
866 923 900 942 ..
920 923 927 940 .
951 897 1009 938 nos
1023 875 1062 938 de
1078 886 1143 939 tam

45 970 177 1055 perfundo
201 973 328 1062 judicio
352 973 494 1037 nolentes
525 984 635 1038 temere
652 974 813 1062 judicare,
840 974 1032 1060 praesertim
1055 985 1142 1036 ante·

47 1093 116 1151 quarn
136 1071 171 1133 de
192 1073 325 1134 ueritate
348 1073 467 1158 neqotii
484 1071 616 1158 plenius
631 1073 836 1153 instruamur,
862 1120 920 1137 ...
944 1070 1028 1135 illud
1052 1072 1142 1134 ornis·

47 1169 78 1228 a's
96 1167 188 1233 doliis
212 1169 271 1234 tili
287 1192 352 1256 pro
377 1180 459 1234 certo
483 1171 633 1234 domimus
655 1171 919 1257 respondendum,
943 1170 978 1232 in
1001 1190 1063 1232 urio
1082 1191 1142 1254 pa·

46 1265 103 1326 riter
122 1277 149 1329 et
168 1267 274 1331 eodem
298 1278 362 1331 tom
386 1277 490 1332 terrae
521 1279 666 1346 sanctae,
698 1291 792 1353 quam
815 1266 1020 1354 Apostolicae
1053 1264 1141 1345 Sedi,

46 1383 139 1426 menon
160 1366 284 1428 animae
308 1375 380 1428 tuae
403 1363 575 1430 salubriter
598 1365 804 1443 consulentes,
828 1377 863 1429 ut
879 1365 934 1429 sub
952 1367 1060 1430 timore
1076 1365 1141 1428 Do-

46 1462 104 1524 mini
122 1473 149 1526 et
170 1485 224 1550 spe
246 1464 358 1526 ueniae
383 1473 501 1527 terram
524 1463 632 1528 diuino
654 1463 780 1553 judicio
812 1465 1008 1548 acquisitam,
1038 1473 1067 1527 st
1100 1472 1141 1526 te·

47 1559 155 1622 amdam
177 1584 213 1623 ac
237 1559 471 1646 dffendendam
497 1563 655 1646 acquiras,
679 1561 818 1648 populos
842 1561 900 1624 tibi
923 1561 1074 1651 subjectos
1107 1561 1146 1623 in·

39 1659 144 1740 putitio
165 1681 283 1745 reqcns,
307 1658 364 1722 sul>
383 1682 465 1745 pace
490 1681 678 1723 conservans
701 1671 730 1724 et
753 1660 902 1747 reliqioni
924 1659 1143 1745 conformans·

45 1753 78 1815 ito
98 1765 127 1817 ut
147 1755 358 1819 ecclesiastica
382 1757 466 1820 bonu
495 1757 655 1835 restituas,
694 1757 864 1822 secundum
891 1759 1060 1844 propriam
1081 1755 1140 1841 fa·

43 1851 165 1915 cultatem
182 1855 349 1938 poenitens
380 1865 410 1918 et
432 1854 637 1940 satisfaciens
661 1855 699 1919 de
723 1857 905 1934 commissis,
940 1879 1008 1920 cum
1037 1856 1141 1944 liujus·

44 1949 109 2012 rudi
128 1974 175 2014 ree
196 1953 252 2014 uie
273 1953 342 2038 qeri
361 1953 504 2038 patuerit
518 1951 585 2016 sine
598 1953 764 2038 piaculari
783 1964 894 2032 reatu,·
917 1955 1065 2039 quoniam
1087 1953 1142 2037 qui

43 2049 123 2132 tanqu
138 2050 250 2135 picem,
275 2049 534 2134 coinquinabitur
557 2050 597 2114 al>
622 2074 680 2130 eo,·
695 2051 883 2136 firmumque
905 2075 998 2136 peras
1020 2053 1055 2114 in
1070 2062 1141 2115 uoto

38 2149 223 2231 propositum,
246 2159 282 2212 ut
305 2147 350 2210 acl
366 2159 469 2211 terrae
492 2157 621 2212 sanctae
638 2171 826 2227 sesecursum,
849 2151 901 2212 cui
917 2159 944 2212 te
959 2148 1143 2235 specialiter

41 2253 62 2301 o
83 2245 301 2332 principaliter
336 2245 499 2322 devovisti,
531 2245 710 2332 prudenter
744 2257 774 2309 et
801 2257 948 2332 potenter
981 2247 1141 2324 intendas,

41 2364 92 2402 rom
113 2367 171 2428 per
198 2344 279 2407 lanc
302 2353 419 2406 terram
441 2341 502 2406 illa
526 2343 564 2407 de
587 2341 692 2429 facile
716 2344 937 2430 recuperanda
959 2349 1141 2431 speretur.¹)

112 2539 180 2602 102.
228 2539 282 2602 Ex
305 2538 396 2602 hisce
420 2537 537 2604 litteris
561 2541 712 2625 apprime
735 2550 883 2626 apparet,
909 2539 990 2624 quid
1014 2538 1055 2603 de
1078 2540 1141 2602 isto

41 2638 148 2718 negotio
179 2637 345 2701 censuerit
371 2636 596 2718 Innocentius,
629 2659 668 2702 ac
699 2637 886 2702 nullatenus
911 2636 1140 2702 Constantino·

41 2731 105 2813 polis
131 2735 317 2820 captionem
352 2756 534 2820 permagna
563 2737 667 2800 animi
700 2734 828 2800 laetitia
857 2734 900 2800 ab
924 2757 963 2800 eo
991 2735 1140 2800 auditam

41 2827 136 2912 luisse3
171 2843 239 2896 tcto
279 2833 368 2896 enim
397 2833 506 2898 cordis
536 2831 654 2898 ardore
692 2833 735 2898 ad
772 2832 1001 2898 liberationem
1035 2843 1141 2898 terrae

40 2941 150 2993 unctae
176 2928 365 3012 anhelebat,
396 2941 495 3017 atque
526 2930 614 2995 hanc
645 2931 805 2996 retardari
836 2930 980 2997 nolebat.
1027 2931 1140 3011 Quum

40 3036 128 3091 tanen
151 3051 189 3092 ea
213 3050 299 3115 quae
323 3039 551 3094 consummata
576 3039 670 3093 erant
689 3029 812 3093 infecta
827 3028 897 3093 fieri
915 3052 981 3094 non
996 3042 1140 3115 possent,

40 3124 228 3204 providentia
259 3148 337 3192 vero
370 3125 468 3212 plane
501 3126 677 3213 singularis
701 3128 765 3193 Dei
798 3129 832 3191 in
863 3128 934 3191 istis
966 3127 1142 3192 eventibus

40 3235 199 3306 appareret,
224 3235 257 3288 et
280 3226 441 3309 possessio
467 3223 769 3311 Constantinopolis
792 3225 1040 3312 Imperiumque
1070 3225 1140 3290 lcti-

41 3337 101 3382 num
128 3321 173 3386 ibi
204 3321 381 3386 fundatum
415 3344 535 3408 magno
560 3323 733 3387 commodo
759 3321 950 3388 viderentur
973 3345 1141 3408 expugna·

41 3416 105 3480 rioni
133 3431 238 3484 terrae
271 3430 405 3485 sanctae
437 3431 470 3485 et
508 3419 748 3486 Saracenorum
782 3422 961 3500 eversioni,
999 3420 1073 3486 aliis
1106 3423 1140 3485 in

41 3514 163 3596 epistolis
199 3517 264 3581 hoc
301 3517 400 3583 modo
441 3520 549 3605 potius
581 3541 667 3604 quae
697 3519 903 3602 acciderant,
944 3520 1139 3584 considerat.

42 3609 111 3676 Hinc
133 3614 315 3698 gratulatus
338 3625 388 3679 est
402 3614 567 3680 Balduino
584 3616 789 3702 Imperatori,
814 3619 970 3681 cruciatis
994 3617 1141 3704 injunxit

42 3721 67 3768 tt
86 3732 151 3777 enm
175 3723 372 3796 tuerentur„
393 3715 567 3800 ipsumque
591 3714 740 3778 hortatus
769 3725 826 3797 est,
860 3725 1014 3800 protenus
1041 3711 1140 3778 Grae·

41 3827 125 3872 corum
145 3811 307 3875 ecclemam
331 3821 361 3874 et
378 3809 767 3898 Constantinopolitanum
791 3814 967 3898 imperium,
990 3812 1074 3897 qaod
1097 3811 1141 3875 ad

43 3903 246 3974 incusationem
273 3909 477 3995 Apostolicae
506 3907 600 3974 Sedis
630 3912 739 3996 qratia
768 3909 830 3974 sibi
860 3911 971 3974 diuina
1000 3909 1139 3998 subjecit,

53 4091 226 4108 ’ἦα-ᾕ-

98 4216 115 4284 ¹)
132 4216 213 4273 Gesta
231 4235 259 4274 n.
280 4221 322 4276 93.
