2858 4834
109 543 264 598 Tendentlaffi

100 611 178 652 sertae
187 609 211 649 ln
222 611 263 650 hac

146 684 221 712 cansa.

275 405 326 458 184
506 406 590 460 XXV.
614 407 650 460 lte
669 425 748 461 causa
769 425 787 460 s.
807 409 924 462 Thornae
944 407 1156 462 Cantuariensis.

274 547 336 612 bus
360 551 427 612 suis
452 549 605 612 firmandi
632 552 887 615 consuetudines
913 551 984 615 illas
1008 551 1179 615 Ecclesiae
1199 552 1327 638 juribus
1351 575 1390 616 ac

273 645 417 710 libertati
458 647 540 712 adeo
581 651 759 734 oppositas,
794 661 826 712 et
859 671 931 712 eum
966 648 1128 712 bonorum
1160 650 1389 714 confiscatione

275 744 451 830 multisque
465 746 657 810 excessibus
671 748 704 810 in
721 747 905 810 Ecclesiam
931 747 1078 824 saevire3
1104 768 1273 833 quumque
1288 749 1390 812 anim·

273 844 469 920 adverteret,
504 843 614 928 plures
645 847 817 930 episcopos
843 843 993 928 Angliae,
1020 844 1183 928 imprimis
1208 845 1391 908 Londinen·

272 963 350 1019 sem,
377 941 620 1005 Eboracensem
634 954 666 1006 et
681 942 968 1021 sarisberiensem,
994 941 1202 1006 adversarios
1219 963 1304 1022 suos,
1329 965 1390 1005 non

272 1038 377 1102 solum
402 1040 469 1122 regi
495 1061 561 1104 non
593 1043 753 1119 resistere,
785 1040 842 1106 sed
877 1062 951 1103 eum
977 1039 1209 1104 vehementius
1233 1042 1391 1104 excitare:

273 1139 410 1220 censuit,
435 1137 542 1221 rigore
567 1138 788 1205 ecclesiastico
813 1163 883 1204 esse
908 1138 1078 1219 utendum,
1108 1149 1140 1202 et
1164 1161 1223 1222 per
1246 1161 1393 1202 censura·

272 1257 345 1298 rum
370 1257 492 1320 poenas
515 1236 721 1302 reducendos
745 1260 815 1302 esse
839 1237 880 1300 ad
906 1236 1130 1300 obedientiam
1147 1234 1218 1299 illos
1234 1235 1392 1300 homines.

273 1336 329 1420 qui
354 1332 539 1399 Ecclesiam
568 1335 748 1401 turbabant
779 1346 812 1399 et
842 1334 1083 1420 opprimebant.
1131 1332 1323 1398 Alexander
1345 1332 1392 1396 Ill

273 1453 403 1516 semper
432 1431 568 1517 quidem
598 1433 745 1498 Thomas
777 1455 910 1497 causam
943 1435 1045 1496 tuitus
1081 1442 1146 1512 est,
1194 1443 1227 1495 et
1264 1430 1393 1515 legatio·

274 1551 348 1594 nem
375 1529 599 1614 Apostolicam
630 1533 664 1596 in
688 1533 878 1596 universam
904 1529 1060 1613 Angliam
1085 1531 1114 1594 ei
1140 1531 1319 1608 commisit,
1351 1531 1394 1591 ita

275 1639 310 1691 ut
343 1629 696 1694 excommunicationis
727 1629 933 1714 aliarumque
966 1649 1180 1694 censurarum
1218 1627 1394 1693 sententias

274 1727 358 1788 ferre
383 1735 500 1811 posset.
547 1726 613 1792 Sed
646 1726 861 1791 nibilominus
887 1729 976 1789 visus
1009 1735 1059 1788 est
1090 1727 1212 1810 passim
1237 1737 1396 1810 tempera·

275 1825 394 1887 mentis
419 1827 520 1888 variis
537 1827 594 1906 uti,
620 1826 861 1912 impedivitque
878 1823 1071 1904 identidem,
1097 1824 1273 1908 quominus
1292 1819 1394 1884 archi-

275 1923 449 2007 episcopus
474 1924 619 1987 remedia
644 1923 698 1988 illa
716 1925 843 1988 acriora
859 1921 1018 1986 adbibere
1034 1929 1151 2006 posset.
1183 1919 1236 1986 Ob
1253 1921 1395 1984 schisma

276 2019 433 2083 uidelicet
457 2020 616 2085 Friderici
638 2021 850 2107 Imperatoris
876 2017 1148 2106 periclitabantur
1171 2041 1222 2080 res
1247 2017 1395 2081 ecclesia·

275 2119 387 2197 eticae,
413 2117 561 2204 adeoque
585 2119 781 2204 prudentiae
806 2119 982 2182 videbatur
1014 2117 1207 2202 patientiam
1233 2127 1265 2178 et
1289 2115 1395 2178 mode·

277 2218 436 2280 rationem
474 2216 643 2282 adbibere.
702 2217 850 2282 Instabat
885 2217 1048 2280 Henricus
1079 2214 1122 2293 Il,
1164 2215 1319 2298 princeps
1358 2211 1396 2274 ad

276 2315 483 2378 iracundiam
517 2338 684 2401 praeceps,
719 2316 908 2400 asperrimis
934 2314 1042 2388 minis,
1072 2309 1214 2397 querelis
1238 2313 1272 2374 in
1296 2309 1399 2372 archi·

276 2416 468 2499 episcopum
501 2417 720 2499 pertinacem,
761 2414 996 2478 blandimentis
1028 2409 1167 2490 dolosis3
1208 2407 1400 2471 muneribus

277 2513 375 2574 etiam
412 2512 531 2596 amplis
563 2517 671 2578 varios
708 2512 902 2577 Cardinales
941 2511 984 2574 ad
1013 2532 1089 2573 siras
1127 2519 1235 2593 partes
1269 2504 1400 2568 allicere

277 2611 414 2674 studuit.
451 2612 502 2675 Ac
526 2635 642 2675 revera
667 2614 752 2676 inter
776 2609 980 2689 Cardiuales,
1007 2608 1063 2693 qui
1088 2605 1141 2668 vel
1167 2607 1198 2668 in
1226 2606 1317 2667 curia
1347 2603 1400 2665 ru>-

278 2731 375 2772 mana
401 2708 546 2773 consiliis
571 2721 602 2773 et
626 2732 725 2795 opera
749 2732 809 2774 sua
824 2707 977 2773 Pontifici
1002 2706 1150 2784 aderant,
1176 2701 1229 2767 vel
1254 2704 1299 2766 uti
1321 2703 1401 2766 l'on·

278 2808 376 2872 tificis
407 2811 514 2873 nuntii
540 2820 571 2872 et
594 2808 692 2893 legati
718 2811 752 2872 in
777 2808 920 2872 Galliam
953 2818 986 2870 et
1010 2802 1165 2889 Angliam
1199 2802 1400 2866 missisunt.

277 2906 368 2968 fuere
407 2908 463 2991 qui
502 2909 670 2972 remissius
709 2931 732 2973 s.
758 2907 907 2972 Tbomae
948 2927 1066 2968 causae
1095 2899 1333 2978 inserviebant,
1373 2911 1401 2960 et

278 3007 533 3069 transactionem
565 3030 604 3070 ac
633 3005 935 3071 reconciliationem
967 3005 1052 3066 inter
1082 3003 1191 3086 ipsum
1225 3007 1259 3061 et
1283 2995 1401 3061 Henri-

277 3125 350 3166 curn
368 3105 402 3167 11
426 3103 659 3190 qualicumque
684 3106 810 3168 ratione
834 3104 982 3168 obtinere
1000 3100 1217 3164 conabantur.
1255 3094 1400 3174 Quidam

278 3201 359 3264 forte
394 3203 439 3266 ita
471 3211 621 3286 egerunt,
662 3201 750 3287 quod
780 3203 828 3265 sio
852 3199 1013 3284 expedire
1038 3207 1108 3261 arte
1133 3193 1268 3280 politica
1292 3194 1400 3256 existi·

279 3310 416 3380 marent,
441 3300 496 3363 alii
523 3322 611 3380 vero,
646 3299 733 3385 quod
760 3320 896 3362 munera
920 3297 1013 3380 regia
1037 3295 1193 3358 affectum
1218 3312 1332 3354 eorum
1360 3292 1400 3354 ni-

279 3398 382 3461 mium
413 3421 453 3460 ac
482 3399 621 3484 turpiter
667 3399 700 3461 in
733 3397 918 3481 principem
948 3392 1259 3457 inclinaverant—
1278 3387 1351 3450 Rex
1375 3399 1400 3450 et

279 3497 421 3580 Angliae
459 3496 624 3582 praesules
664 3492 885 3580 appellatione
924 3491 966 3556 ad
999 3489 1193 3554 Pontificem
1233 3509 1267 3550 se
1306 3501 1401 3570 atque

280 3593 421 3679 rlnglioe
445 3616 583 3678 regnum
609 3605 723 3656 contra
747 3591 1035 3677 archiepiscopum
1060 3585 1238 3651 defendere
1263 3593 1295 3647 et
1319 3585 1400 3647 tueri

280 3693 488 3772 nitebantur3
521 3714 622 3777 quum
653 3712 731 3754 vero
759 3691 846 3775 juris
871 3687 1023 3751 canonici
1049 3683 1252 3770 praescripta
1276 3681 1339 3744 ista
1373 3684 1401 3744 ia

196 3785 197 3790 ¹
280 3815 314 3856 re
339 3791 476 3856 sollicite
501 3791 725 3866 observarent,
751 3797 889 3851 conatus
913 3808 937 3849 s.
954 3783 1103 3848 Thomas
1118 3801 1241 3864 magna
1256 3801 1298 3842 ex
1315 3793 1402 3863 paru

282 3889 459 3955 elidebant.
486 3889 577 3950 Varii
603 3908 698 3972 porro
724 3884 949 3963 ecclesiastici,
975 3882 1073 3944 etiarn
1099 3880 1134 3942 in
1151 3875 1271 3954 Gallia,
1296 3879 1402 3962 potius

281 3989 495 4062 transactioni
521 3997 552 4050 et
576 3982 837 4050 reconciliationi
859 3981 1029 4060 favebant,
1055 3988 1087 4040 at
1103 3975 1286 4039 identidem
1302 3973 1402 4038 archi·

282 4088 474 4172 episcopum
506 4085 622 4169 rigoris
655 4083 749 4146 nimii
784 4077 975 4144 intuendis
1005 4074 1178 4162 principiis
1211 4073 1401 4156 arguebant.

282 4183 348 4248 Sed
374 4185 489 4247 merito
508 4193 639 4246 sanctus
655 4179 785 4266 praesul
800 4179 950 4242 animum
967 4175 1099 4239 flectere
1116 4171 1241 4252 noluit;
1267 4169 1301 4234 id
1319 4173 1401 4234 eninr
