2850 4834
403 404 444 458 De
462 403 655 459 Minoriterum
674 402 770 458 turbis.
1096 403 1149 459 183

32 553 144 630 tinere,
167 549 222 614 sed
244 570 358 613 earum
382 548 617 634 proprietatem
641 546 813 612 Fratribus
837 549 988 611 restituit.
1025 547 1079 612 Ex
1094 546 1148 613 his
1167 557 1307 608 Exponen-

31 657 117 710 certe
142 646 246 712 nullus
270 646 439 710 dissensus
462 646 497 709 iu
521 642 733 728 dogmatibus
756 644 834 708 fidei
859 645 945 709 inter
968 644 1051 710 duos
1075 644 1149 709 illos
1166 620 1310 732 ’ἵζηᾛ

31 745 202 809 Pontifices
217 745 331 810 inferri
346 752 464 828 potest.
480 781 522 790 -
538 743 670 808 Fratres
682 744 784 807 Minu
794 765 828 806 es
841 751 1021 827 praeterea,
1044 763 1148 829 quum

31 853 252 928 paupertatem
285 843 526 906 strictissimam
551 862 671 924 magno
700 839 769 904 zelo
801 850 1014 924 sectarentur,
1048 842 1149 904 etiam

31 964 138 1004 rerum
152 964 211 1005 usu
227 939 547 1025 consumptibilium‚
565 961 592 1002 e.
610 960 642 1022 g.
658 939 808 1004 ciborum
825 960 908 1024 quos
922 937 1148 1023 accipiebant,

29 1039 209 1103 dominium
233 1047 266 1102 et
289 1039 525 1123 proprietatem
548 1036 639 1122 apud
663 1035 784 1102 Sedem
808 1034 1036 1122 Apostolicam
1067 1057 1147 1116 esse,

30 1139 169 1223 ipsisque
199 1136 305 1202 solum
334 1157 432 1200 usum
464 1136 500 1199 in
535 1136 789 1220 consumptione
827 1135 1007 1198 convenire
1038 1133 1149 1197 acrius

25 1233 222 1301 asserebant.
270 1235 426 1319 Ineptum
457 1255 536 1297 vero
570 1232 749 1297 videbatur
777 1232 912 1312 Joanni,
948 1229 1026 1296 Sedi
1061 1231 1148 1315 Apo-

29 1332 158 1397 stolicae
187 1332 351 1418 ejusmodi
383 1353 503 1413 rerum,
537 1355 565 1396 e.
589 1353 621 1416 g.
655 1333 711 1394 ovi
735 1329 788 1394 vel
820 1329 916 1393 frusti
945 1329 1043 1409 casei,
1077 1349 1149 1414 pro·

28 1432 195 1515 prietatem
211 1429 394 1511 vindicare,
420 1428 564 1515 indeque
588 1429 713 1494 factum
737 1437 795 1508 est,
820 1439 857 1492 ut
881 1426 923 1491 de
947 1427 1149 1512 proprietate

29 1527 140 1593 talium
161 1550 271 1593 rerum
296 1527 406 1614 quoad
429 1527 600 1611 religiosos
623 1529 717 1592 varia
742 1526 892 1591 disserat.
940 1525 1051 1610 Atque
1076 1523 1149 1588 nul·

27 1627 150 1692 latenus
173 1626 346 1707 deliniens,
371 1625 430 1690 sed
453 1649 496 1689 ex
519 1627 724 1710 argumentis
748 1623 989 1710 philosophicis
1013 1633 1047 1687 et
1064 1623 1148 1709 juri-

29 1725 105 1789 dicis
131 1725 303 1810 disputans
327 1726 505 1804 existimat,
529 1723 652 1788 talibus
676 1726 710 1788 in
727 1723 826 1788 rebus
851 1743 947 1785 usum
962 1743 982 1784 a
999 1719 1147 1784 dominio

29 1825 166 1908 separari
184 1845 251 1887 non
268 1844 372 1907 posse,
396 1844 436 1885 ac
452 1822 614 1907 religiosis
631 1821 769 1907 singulis
780 1841 893 1884 earum
907 1818 1144 1904 proprietatem

28 1920 100 1984 dum
125 1921 165 1984 iis
182 1931 320 1985 utuntur
342 1923 530 1986 convenire.
562 1920 602 1984 In
627 1919 716 1984 hunc
741 1940 872 2006 quoque
897 1917 1034 1982 modum
1059 1913 1143 1979 Con-

27 2021 225 2083 stitutionem
249 2019 342 2082 Eriit
364 2020 609 2104 interpretatur,
642 2020 689 2082 ita
713 2029 750 2082 ut
773 2026 915 2096 censeat,
940 2017 1146 2078 minutarum

28 2138 130 2180 rerum
164 2116 295 2181 illarum
334 2117 519 2182 dominium
552 2117 727 2182 Nicolaum
761 2115 851 2180 haud
887 2114 1031 2179 voluisse
1066 2111 1146 2178 Sedi

27 2214 231 2298 Apostolicae
261 2237 441 2280 reservare.
474 2253 518 2263 -
550 2213 898 2279 Animadvertendum
938 2221 1050 2275 autem
1084 2219 1145 2290 est,

28 2311 106 2377 hanc
139 2315 367 2399 quaestionem
392 2313 433 2376 de
458 2315 657 2398 proprietate
688 2334 798 2377 rerum
823 2334 885 2376 usu
909 2305 1147 2393 consumptibi-

29 2408 109 2490 lium,
136 2414 185 2474 uti
210 2434 370 2493 escarum,
395 2410 495 2476 talem
519 2433 600 2494 esse,
625 2433 710 2498 quae
735 2432 801 2474 uon
818 2410 903 2474 solos
918 2408 1064 2471 Minores
1088 2404 1147 2469 sed

27 2511 203 2590 generatim
218 2508 389 2594 religiosos
402 2509 583 2594 spectabat.
609 2509 840 2589 Quaerebatur
853 2504 1019 2585 videlicet,
1037 2514 1149 2567 utrum

29 2609 204 2692 proprietas
228 2607 358 2672 illarum
382 2629 503 2690 rerum,
532 2607 612 2672 dum
637 2631 699 2672 usu
723 2615 974 2682 consumuntur,
1004 2603 1148 2688 particu-

26 2703 144 2769 laribus
184 2704 345 2790 religiosis
378 2707 548 2770 utentibus
581 2709 785 2787 conveniret,
824 2728 868 2770 au
900 2729 978 2772 vero
1008 2711 1040 2776 S.
1065 2709 1146 2776 Sedi

40 2802 143 2886 quoad
168 2802 430 2884 Franciscauos),
464 2803 517 2868 vel
542 2805 773 2868 communitati
804 2806 929 2891 (quoad
953 2807 1035 2872 alios
1059 2807 1146 2873 Reli·

27 2901 152 2984 giosos).
199 2900 347 2964 Joannes
370 2900 520 2986 putabat,
545 2923 588 2965 ex
610 2903 658 2966 rei
683 2913 801 2966 natura
825 2913 857 2966 et
881 2903 923 2968 ob
948 2915 1146 2991 argumenta

28 2997 250 3084 philosophica
273 3010 306 3062 et
323 2999 481 3084 juridica,
505 3021 596 3064 usum
611 3011 644 3064 et
655 3002 886 3086 proprietatem
909 3004 944 3067 in
968 3003 1020 3068 his
1044 3003 1144 3070 rebus

27 3099 162 3180 separari
188 3118 373 3182 nonpossc‚
399 3097 549 3184 adeoque
574 3099 653 3163 dnm
678 3099 822 3184 religiosi
847 3099 1005 3166 dicuntur
1028 3105 1144 3168 vivere

27 3195 87 3256 sine
111 3196 246 3280 proprio
270 3205 303 3258 et
325 3195 410 3260 nibil
433 3197 611 3282 possidere,
645 3197 678 3261 id
710 3221 788 3261 sane
813 3201 1024 3264 verissimum
1057 3223 1139 3283 esse,

28 3291 166 3356 sednon
190 3313 286 3376 posse
309 3292 444 3358 extendi
469 3294 513 3358 ad
537 3295 594 3358 illa
617 3295 747 3381 objecta
770 3297 909 3362 minuta.
946 3297 1059 3378 Vides,
1085 3298 1141 3363 hic

28 3392 72 3472 agi
95 3390 292 3476 simpliciter
314 3391 355 3454 de
380 3395 574 3478 quaestione
597 3393 640 3458 ad
658 3393 904 3480 philosophiam
927 3394 1086 3460 moralem
1110 3408 1148 3462 et

23 3485 71 3570 jus
85 3487 234 3553 naturale
252 3491 453 3575 pertinente3
480 3490 563 3555 nihil
579 3513 675 3577 porro
691 3493 726 3555 in
740 3492 856 3557 eadem
871 3493 893 3558 J
896 3514 1019 3558 oannes
1035 3493 1140 3559 XXII

31 3583 181 3651 delinivit.
214 3585 388 3653 Contraria
404 3599 515 3653 autem
530 3591 702 3672 sententia,
727 3588 884 3654 videlicet
908 3592 1008 3656 etiam
1033 3592 1143 3677 quoad

30 3681 96 3748 talia
124 3684 290 3769 religiosis
321 3685 578 3770 particularibus
602 3689 838 3773 proprietatem
862 3711 928 3752 non
953 3692 1145 3770 convenire,

29 3781 105 3862 apud
115 3781 405 3868 plurcstbeologos
414 3784 610 3869 praevaluit.
618 3787 640 3865 ¹)
658 3785 834 3850 Caeterum
845 3807 934 3868 vero,
945 3789 992 3851 uti
1001 3798 1145 3872 constat,

93 3959 112 4030 ¹)
130 3961 163 4014 V.
176 3960 335 4016 Bellarmin.
355 3961 395 4016 De
413 3959 488 4016 Rom
510 3963 588 4017 Pont.
608 3961 638 4015 L.
647 3961 694 4017 IV.
713 3979 734 4017 c.
761 3963 800 4016 14.
824 3963 907 4028 „Esse
926 3964 1071 4030 dominum,
1088 3981 1143 4020 nou

29 4045 64 4091 est
78 4056 151 4107 posse
170 4055 229 4094 rem
248 4041 387 4095 destruere
416 4057 582 4108 quocumque
602 4043 686 4106 ruodo,
715 4043 761 4096 sed
790 4058 867 4109 posse
893 4043 976 4097 tibere
994 4044 1146 4120 destruere,

31 4121 129 4186 qundo,
147 4120 204 4186 ubi,
224 4121 353 4186 quomodo
373 4121 432 4187 quis
452 4123 578 4186 voluerit,
597 4131 626 4176 et
644 4123 728 4176 etiam
747 4123 854 4187 donare,
874 4124 999 4188 rendere,
1026 4139 1146 4179 commu·

33 4203 80 4253 turc
104 4206 154 4255 eto.
196 4199 310 4256 Constat
329 4207 429 4266 autem,
449 4217 540 4256 omnes
559 4218 636 4256 veros
665 4202 806 4270 religiosos
833 4202 932 4258 habere
960 4219 1037 4258 nsum
1062 4203 1141 4272 panis
