2964 4838
515 439 643 494 Nicolaus
662 439 695 494 V.
1123 441 1177 494 413

59 583 304 648 admitterentur
326 593 359 646 et
381 582 426 647 ad
449 594 586 648 mortem
612 583 823 668 ducerentur,
848 585 896 647 uti
913 582 1038 648 Rornae
1061 585 1097 648 in
1116 605 1178 648 usu

60 689 130 762 erat,
162 680 221 744 sed
251 703 317 746 non
342 682 482 746 servatis
505 680 609 745 solitis
634 680 852 746 caeremoniis
882 679 1045 766 supplicio
1069 680 1178 746 allice·

59 789 180 862 rentur,
212 802 254 844 ne
278 800 366 843 nova
390 780 555 844 orirentur
577 778 743 864 pericula,
774 777 920 864 indeque
950 781 1057 864 potuit
1080 777 1179 844 male-

60 874 144 940 volus
169 899 282 941 rumor
304 877 399 958 oriri,
436 897 498 942 neo
522 879 738 941 sacramentis
766 886 844 940 ante
868 885 1006 940 mortem
1030 896 1086 942 eos
1110 899 1178 941 mn·

59 973 136 1038 nitos
172 997 252 1039 esse.
300 973 354 1038 Ex
389 973 562 1040 malevolis
597 977 687 1040 enim
720 974 909 1039 rumoribus
944 973 1178 1054 multitudinis,

59 1070 106 1135 rel
138 1071 408 1138 adversariorum
440 1071 641 1136 Pontificum
681 1081 832 1136 auctores
864 1072 973 1136 Diarii
1014 1083 1179 1136 venenato

57 1167 134 1253 stylo
171 1169 273 1234 multa
309 1171 496 1255 scripsisse,
527 1169 600 1255 jam
633 1171 697 1234 viri
729 1191 849 1254 graves
882 1171 1103 1252 conveniunt,
1139 1193 1179 1236 ac

56 1266 146 1331 facile
184 1268 219 1333 id
259 1266 389 1332 videbit
432 1265 490 1354 qui
528 1267 675 1332 libellum
717 1269 816 1332 istum
858 1267 1028 1353 aliquanto
1072 1268 1179 1354 perlu-

55 1365 213 1432 straverit.
349 1427 353 1432 .

139 1463 173 1527 9.
208 1461 321 1542 Quum
346 1465 380 1528 in
404 1462 540 1548 reliquis
564 1461 645 1528 felix
669 1474 701 1527 et
724 1474 862 1549 pacatus
886 1473 972 1528 esset
993 1463 1122 1529 Nicolai
1144 1466 1349 1530 VC⁰¹¹·t⁸¹¹²¹¹¹⁰·

55 1560 280 1644 pontificatus,
317 1557 406 1626 illam
432 1560 518 1625 vidit
552 1562 732 1626 maximam
758 1561 978 1628 calamitatem
1008 1573 1046 1628 ut
1068 1563 1174 1650 Impe
1190 1537 1338 1588 ''mm''

54 1658 135 1723 rium
161 1655 327 1724 Graecum
358 1657 529 1742 aancis,
561 1668 753 1746 expugnata
776 1660 1073 1747 Constantinopoli,
1104 1661 1176 1726 fun-

54 1754 138 1819 ditus
171 1767 383 1820 everteretur.
438 1755 594 1821 Pontifex
626 1767 738 1823 tamen
769 1761 881 1824 statim
915 1758 1074 1824 sollicitus
1104 1757 1177 1842 fnit,

55 1865 87 1916 ut
109 1855 309 1920 christianos
330 1856 497 1941 principes
522 1866 554 1920 et
577 1855 717 1942 populos
741 1867 855 1922 contra
871 1857 999 1922 Turcas
1014 1869 1179 1939 evocaret,

54 1949 107 2014 sed
140 1951 253 2016 fervor
284 1951 361 2016 fidei
386 1955 421 2017 in
446 1951 559 2016 multis
588 1952 773 2038 languerat.
821 1954 897 2034 Qua
929 1955 970 2020 de
994 1979 1028 2020 re
1052 1956 1179 2022 Trithe·

55 2051 154 2113 mins:
189 2049 309 2132 „Anno
343 2050 610 2117 teneursolum
633 2051 726 2138 Papa
750 2054 781 2118 V
814 2055 904 2118 misit
936 2054 1181 2139 praedicatores

52 2159 83 2208 et
105 2150 240 2212 nuntios
264 2148 298 2211 in
323 2170 437 2215 omnes
460 2149 632 2215 christiani
657 2150 746 2216 orbis
769 2153 939 2232 nationes,
974 2155 1031 2238 qui
1056 2155 1181 2218 crucia-

55 2259 123 2309 tum
149 2254 184 2310 et
205 2248 397 2332 passagium
420 2247 654 2334 praedicarent
673 2250 708 2312 in
725 2249 861 2314 Turcas.
901 2250 1074 2314 Venerunt
1088 2253 1180 2316 missi

53 2341 194 2428 quilibet
224 2345 259 2408 in
282 2347 452 2428 regionem
482 2343 546 2409 sibi
570 2368 590 2408 a
614 2344 708 2412 Pont.
733 2347 824 2414 Max.
850 2347 1051 2431 delegatam,
1088 2372 1180 2434 prae-

51 2440 251 2506 dicaverunt
274 2463 416 2523 erucem,
441 2441 500 2506 sed
523 2444 656 2527 paucis,
683 2455 856 2510 utcontra
879 2445 1031 2511 infideles
1055 2467 1180 2532 pugna-

52 2550 122 2603 rent
137 2547 199 2604 aut
212 2541 372 2625 pecunias
389 2539 646 2622 contribuerent,
665 2554 909 2626 persuaserunt.
949 2542 1074 2609 Omnes
1089 2547 1179 2610 enirn

51 2659 134 2721 quae
161 2659 222 2701 sua
245 2648 340 2702 erant
362 2639 462 2702 nimis
485 2637 585 2702 avide
609 2649 822 2724 quaerentes,
859 2644 1049 2706 communia
1073 2643 1181 2728 negle-

51 2747 183 2802 xerunt.
230 2735 358 2800 Eodem
392 2757 480 2800 anno
526 2757 639 2800 mense
680 2735 817 2803 Octobri
857 2740 950 2802 venit
983 2740 1025 2804 ad
1062 2741 1180 2808 Herbi-

51 2831 174 2916 polim,
207 2833 377 2898 civitatem
403 2834 608 2898 Francorum
634 2835 861 2918 orientalium,
886 2837 942 2901 Fr.
966 2837 1115 2904 loannes
1138 2840 1180 2905 de

52 2926 261 3016 Capistrano,
278 2929 391 3012 Italus,
407 2931 546 2998 Ordinis
561 2932 730 2998 Minorem
748 2933 789 2998 de
805 2933 1038 3017 Obseruantia,
1055 2926 1181 3003 Doctor

50 3049 75 3091 s.
99 3026 305 3113 theologiae,
336 3029 500 3112 generalia
524 3031 705 3115 Inquisitor
735 3030 922 3098 haereticae
945 3035 1120 3117 pravitatis
1148 3045 1181 3099 et

50 3124 266 3210 Apostolicae
289 3123 386 3191 Sedis
409 3126 572 3210 Nuntius,
603 3134 656 3192 vir
680 3128 798 3192 doctus
828 3141 861 3194 et
884 3141 1018 3195 sanctae
1046 3153 1181 3198 conver·

50 3223 200 3306 sationis,
226 3227 281 3309 qni
307 3224 418 3290 multis
443 3225 561 3290 diebus
586 3228 620 3290 in
644 3226 760 3292 eadem
786 3229 921 3292 civitate
944 3249 1004 3312 per
1022 3230 1180 3312 interpre

50 3333 115 3386 tem
151 3321 371 3408 praedicavit.
418 3322 472 3386 Ab
507 3322 680 3410 Herbipoli
714 3324 887 3392 descendit
918 3327 953 3388 in
986 3327 1180 3416 Frankfurt,

50 3418 129 3482 inde
155 3418 198 3483 ad
222 3419 305 3486 alias
329 3421 482 3485 civitates
506 3433 539 3485 et
561 3422 685 3507 oppida
709 3424 821 3508 regni,
846 3434 880 3488 et
902 3421 1027 3508 ubique
1050 3447 1180 3490 summa

50 3538 128 3580 curn
147 3515 322 3602 diligentia
334 3527 367 3582 et
381 3519 512 3584 fervore
529 3540 660 3584 erucem
679 3520 914 3606 praedicavit.“
924 3523 949 3602 ¹)
963 3560 1006 3570 —
1022 3522 1180 3588 Nieolaus

49 3613 1180 3705 porro,onmdoloribusarthriticisperornnemfermepontifieatum

48 3733 149 3775 suum
166 3710 382 3778 vehementer
404 3713 569 3798 laborans,
595 3716 628 3778 in
653 3715 724 3780 dies
749 3717 855 3800 magis
878 3739 918 3780 ac
942 3720 1047 3802 magis
1072 3721 1179 3806 oppri-

50 3819 208 3890 meretur,
230 3832 293 3876 nec
303 3812 375 3896 jam
391 3811 534 3897 amplius
550 3811 720 3878 mortalem
738 3812 967 3900 pollutumque
984 3819 1179 3882 comitatum

49 3905 356 4087 pandidioppnima
373 3909 576 3993 dignaretur,
601 3931 619 3973 e
636 3910 706 3973 vita
730 3909 799 3997 (die
816 3911 877 3976 25⁰
892 3911 1004 3978 Martii
1029 3937 1060 3980 a.
1079 3915 1178 3996 1455)

74 4005 207 4069 ecessit.

51 4153 106 4158 -.-....
112 4151 269 4158 ...κη-..-

129 4218 149 4287 ¹)
170 4216 265 4271 chron.
284 4217 430 4288 Hirsaaug.
450 4219 484 4273 ad
504 4235 528 4276 s.
544 4219 622 4278 1454.
666 4217 689 4290 'l
707 4221 814 4276 Aeneas
833 4221 941 4290 Sylvius
959 4222 976 4280 1.
995 4239 1017 4280 e.
