2916 4842
329 413 364 466 82
525 412 630 468 XXIII.
648 412 689 466 De
707 418 783 466 statu
801 411 902 470 Eccles.
921 412 1005 480 priori
1023 413 1110 468 medio
1128 429 1196 469 saec.
1218 415 1281 470 XII.

328 555 432 621 lector
462 566 591 620 tantum
623 555 805 639 ordinatus,
840 555 975 620 Petrum
998 555 1226 623 Abaelardum
1257 557 1335 623 olim
1357 582 1434 645 prae·

329 662 496 756 ceptorem
518 651 699 718 habuerat.
723 656 776 717 vir
799 653 934 740 quidem
960 663 1097 718 naturae
1121 676 1188 720 non
1213 655 1349 738 hebetis,
1372 657 1434 743 plus

328 761 439 816 temen
479 750 657 816 verborum
695 750 859 837 profluvio
894 773 994 837 quam
1033 754 1271 818 sententiarum
1304 753 1434 840 pondero

235 845 237 848 ’
328 851 494 935 copiosus,
526 848 763 934 singularitatis
786 859 926 931 amator,
959 852 1117 914 novitatis
1147 851 1307 938 cupidus,
1340 853 1434 938 cujus-

330 946 418 1012 nrodi
442 947 647 1012 hominum'
639 949 772 1033 ingenia
799 947 842 1012 ad
866 947 1079 1012 fabricandas
1109 947 1262 1015 haereses
1294 950 1434 1015 schisma-

327 1057 464 1132 tumque
497 1045 760 1132 perturbationes
788 1056 865 1110 sunt
896 1067 1010 1130 prona.
1056 1045 1089 1110 Is
1113 1069 1133 1110 e
1156 1047 1265 1113 studio
1289 1071 1307 1113 e
1331 1039 1435 1114 Galliis

326 1145 363 1208 in
379 1143 510 1208 Italiam
533 1153 713 1223 revertens,
736 1142 926 1229 religiosum
951 1142 1112 1224 habitum,
1137 1166 1202 1230 quo
1227 1146 1368 1232 amplius
1389 1147 1433 1210 de·

328 1245 438 1329 cipere
461 1252 580 1328 posset,
611 1242 730 1326 induit,
762 1245 873 1308 omnia
903 1241 1064 1324 lacerans,
1098 1245 1210 1308 omnia
1232 1245 1362 1325 rodens,
1390 1267 1434 1309 nc·

327 1341 409 1405 mini
434 1361 584 1428 parcens,
609 1340 803 1405 clericorum
827 1363 867 1405 ac
883 1343 1112 1426 episcoporum
1130 1341 1312 1429 derogator,
1338 1364 1434 1407 mona·

327 1437 463 1503 chorum
488 1449 685 1524 persecutor,
709 1438 804 1503 laicis
826 1447 956 1503 tentum
977 1437 1181 1521 adulans.“1)

419 1582 492 1647 104.
538 1580 707 1645 Arnaldue
730 1580 785 1644 hic
808 1581 919 1664 igitur,
943 1589 1092 1644 vertente
1116 1580 1246 1646 saeculo
1270 1582 1432 1647 undecimo

325 1681 461 1745 Brixiae
486 1691 593 1762 natus,
617 1677 809 1742 adolescens
833 1681 867 1742 in
891 1676 1038 1744 Gallium
1062 1678 1239 1765 profectus,
1264 1678 1431 1744 Abaelardi

326 1777 374 1843 ibi
399 1776 763 1864 discipulnsfuit.1n
787 1777 927 1861 patriam
951 1798 1113 1854 reversus,
1142 1776 1317 1863 presbyter
1340 1777 1433 1841 factus

326 1887 376 1940 est
397 1874 615 1988 habitumque
639 1873 831 1978 religtosum
851 1874 963 1938 induit
963 1871 1003 1958 ,²)
1027 1895 1170 1960 moxque
1194 1876 1230 1939 in
1246 1873 1326 1939 cleri
1341 1876 1433 1938 vitan

326 1997 366 2039 ac
388 1975 609 2060 possessiones
634 1972 805 2056 invehens,
834 1981 948 2036 contra
972 1971 1171 2036 Maifredum
1194 1971 1331 2037 Brixiae
1354 1994 1433 2059 prae·

326 2071 429 2137 sulem
454 2070 650 2135 seditionem
674 2093 713 2134 ao
737 2023 851 2134 turbae
871 2071 1040 2134 excitavit.
1073 2069 1225 2155 Repressi
1240 2082 1353 2135 tamen
1369 2079 1434 2134 sunt

325 2168 494 2235 Arnaldus
524 2169 661 2254 ejusque
696 2165 854 2250 asseclae,
892 2189 1060 2253 quumque
1083 2167 1265 2232 Maifredus
1301 2171 1374 2233 a.l
1359 2169 1432 2232 1139

325 2268 456 2333 adesset
478 2266 628 2332 Concilio
661 2266 877 2330 Lateranensi
902 2266 946 2348 II,
982 2268 1053 2351 ipso
1087 2274 1241 2330 movente
1272 2268 1372 2330 etiam
1401 2265 1433 2328 de

324 2364 473 2431 Arnaldo
497 2365 635 2452 ejusque
659 2363 817 2428 doctrinis
846 2372 958 2426 actum
982 2373 1040 2427 est.
1086 2363 1167 2427 Viro
1191 2363 1380 2429 turbulento
1401 2364 1433 2425 si·

323 2463 463 2529 lentium
493 2464 684 2548 impositum
713 2461 785 2540 fuit,
816 2484 856 2524 ae
886 2483 928 2525 ne
958 2460 1101 2546 amplius
1131 2461 1245 2526 turbas
1273 2465 1432 2539 excitaret,

319 2563 432 2648 jussus
455 2572 505 2624 est
528 2583 569 2624 ex
592 2559 689 2624 Italia
712 2559 891 2640 discedere,
916 2583 955 2624 ac
979 2557 1165 2646 prohibitus
1188 2559 1433 2625 ainePontiticis

323 2659 458 2724 lieentia
482 2661 517 2723 in
531 2659 673 2743 patriam
689 2659 820 2723 reverti.
848 2657 894 2722 Ut
917 2678 995 2720 vero
1019 2655 1111 2722 haud
1134 2659 1283 2722 severius
1308 2660 1344 2724 in
1366 2679 1432 2721 eun

323 2767 436 2821 actum
459 2757 502 2820 sit
524 2757 558 2819 in
576 2754 724 2820 Concilio
739 2755 966 2832 Lateranensi,
991 2754 1068 2819 inde
1092 2757 1282 2839 provenisse
1307 2755 1432 2835 dixeris,

324 2855 412 2940 quod
443 2876 587 2940 eousque
617 2854 765 2918 nondum
796 2855 1002 2939 proposuerit
1031 2852 1198 2935 haereses,
1230 2851 1287 2916 sed
1313 2863 1432 2918 tantun

323 2955 357 3017 in
382 2951 506 3017 clerum
529 2974 569 3016 ac
593 2951 772 3016 monachos
795 2950 1041 3030 declamaverit,
1066 2962 1098 3014 et
1120 2961 1319 3036 exaggerato
1344 2949 1430 3015 modo

322 3064 355 3115 et
371 3051 573 3136 imprudenti
590 3051 788 3114 severiorem
803 3048 1013 3136 disciplinam
1035 3059 1071 3113 et
1085 3050 1266 3113 cessionem
1291 3050 1431 3112 omnium

321 3147 484 3213 bonorum
507 3148 759 3233 praedicaverit.
807 3145 1037 3211 Contendebat
1060 3145 1225 3228 videlicet,
1250 3146 1339 3211 bona
1361 3157 1429 3210 tem-

321 3246 448 3331 poralia
462 3269 482 3308 a
496 3245 661 3330 praelatis,
685 3245 928 3326 ecclesiasticis,
954 3243 1124 3309 monachis
1140 3243 1253 3309 illicite
1268 3245 1429 3330 possideri,

320 3343 403 3408 haec
427 3345 539 3408 omnia
562 3366 631 3408 esse
655 3344 888 3430 imperantium
917 3342 1077 3425 civilium,
1111 3341 1294 3427 horumque
1319 3339 1429 3407 beneti-

392 3610 411 3676 ¹)
431 3609 515 3665 Gesta
534 3609 664 3664 Friderioi
683 3610 750 3677 Imp.
769 3607 801 3663 L.
821 3609 858 3664 11.
878 3625 899 3666 e.
921 3610 963 3666 20.
991 3609 1025 3665 V.
1044 3609 1105 3664 ΜΘ.
1125 3609 1178 3663 Scr.
1198 3555 1258 3665 XX.
1277 3609 1340 3664 loa.

388 3716 409 3772 ἰ
428 3717 601 3772 Recentiores
620 3717 704 3784 aliqui
723 3723 848 3773 suctores
868 3717 895 3770 id
914 3717 943 3770 in
962 3716 1073 3770 dubium
1092 3722 1266 3782 rocaverunt,
1294 3717 1342 3771 sed
1366 3715 1429 3770 anti·

315 3798 362 3866 qui
381 3798 452 3852 olere
470 3797 520 3852 hoc
537 3799 668 3854 referant.
705 3797 755 3852 Uti
773 3797 839 3853 Otto
859 3797 1050 3866 Frlsingensis,
1069 3797 1111 3851 ita
1129 3797 1212 3852 etiam
1232 3797 1356 3852 Historia
1367 3797 1429 3850 Pon·

314 3877 438 3932 tifioalis:
459 3877 544 3944 ,Erat
554 3877 598 3933 hic
609 3879 747 3947 dignitate
759 3878 889 3942 sacerdos,
908 3877 1004 3931 babitu
1016 3879 1160 3932 canonicus
1172 3878 1333 3946 regularis.“
1354 3879 1380 3931 C.
1390 3879 1427 3930 31.

315 3958 348 4014 V.
369 3957 430 4014 ΜΘ.
449 3958 504 4013 Ser.
524 3958 584 4013 XX.
611 3961 672 4014 537.
698 3990 731 3997 -
756 3959 845 4012 lllulta
873 3975 941 4026 quae
969 3959 1117 4013 Arnaldum
1144 3963 1270 4026 spectent
1295 3959 1364 4014 sotis
1390 3956 1428 4011 ob·

314 4054 394 4092 scura
421 4045 493 4093 sunt.
530 4037 605 4094 Bene
632 4039 665 4093 de
692 4038 750 4107 ejnr
768 4039 828 4093 rita
847 4044 875 4094 et
893 4038 1022 4094 doctrinis
1041 4039 1193 4107 nuperrime
1220 4037 1427 4108 sosipatrus

315 4119 433 4187 (leggia,
453 4118 596 4174 Seminarii
605 4119 755 4174 Brixiensis
766 4118 911 4185 Professor,
932 4118 960 4173 ln
972 4118 1098 4186 opusculo
1109 4120 1236 4173 Araoldo
1256 4120 1293 4173 da
1308 4120 1425 4183 Brcsrio,

313 4199 347 4252 2ιι
370 4197 411 4256 ed.
429 4197 539 4252 Brescia
556 4215 598 4268 ep.
618 4198 842 4256 caeremon
