2870 4842
305 477 357 532 288
537 477 668 535 XXXIII.
688 479 728 532 De
747 493 846 547 magno
865 477 1019 532 Occidentis
1037 476 1191 532 schismate.

306 619 534 686 Cardinalium
550 621 723 703 attinebat,
741 620 922 707 Gregorius
935 631 1066 707 poterat
1074 623 1240 706 excipere,
1265 621 1407 706 adipsum

306 732 342 783 ut
374 740 539 783 summum
571 719 767 784 Pontificem
807 721 987 804 pertinere,
1029 721 1076 782 uti
1108 718 1190 783 alios
1222 743 1242 784 a
1272 721 1407 805 praestito
1433 713 1434 798 l

299 817 490 902 juramento
521 816 723 903 dispensare,
764 819 809 882 ita
840 819 941 882 etiam
974 837 1031 902 pro
1065 839 1099 880 se
1124 837 1279 902 supremo
1299 815 1408 902 judicio

57 997 59 1002 Ι
304 925 457 998 statuere,
481 937 593 980 annon
617 918 650 980 in
677 917 775 980 certis
799 913 967 1001 adjunctis
990 914 1148 999 obligatio
1173 924 1290 978 cesset.

133 1029 242 1070 Pontifex
257 1041 293 1070 ve·
393 1014 448 1079 53.
495 1012 681 1096 Caeterum,
718 1024 755 1078 ut
782 1014 982 1078 sententiam
1014 1022 1161 1076 nostram
1193 1034 1410 1099 proponamus.

147 1093 284 1204 ''¹J,},⁸„⁹,‘f¹¹¹
304 1113 533 1192 existimanus,
558 1129 729 1197 nunquam
747 1110 943 1175 Pontificem
959 1131 1086 1192 verum,
1112 1113 1268 1196 quamvis
1285 1121 1411 1175 errantes

304 1208 347 1274 de
377 1219 502 1295 papatu
532 1209 603 1295 ejus
635 1207 802 1290 dubitent,
834 1231 854 1272 a
888 1205 1037 1272 Concilio
1063 1207 1212 1294 judicari
1246 1221 1282 1271 at
1310 1209 1411 1292 deponi

304 1329 410 1392 posse.
457 1307 607 1371 Potestas
634 1309 722 1371 enim
748 1306 888 1370 Romani
913 1305 1086 1370 Pontificis
1117 1317 1167 1370 est
1194 1307 1380 1370 immediate
1399 1327 1434 1410 *l

305 1405 377 1469 Deo
408 1403 536 1482 collata,
569 1425 630 1468 nec
662 1403 858 1468 Cardinalea
890 1416 923 1467 et
953 1404 1112 1489 Episcopi
1136 1403 1230 1489 Papa
1259 1405 1411 1468 inferiores

305 1503 470 1590 deponere
479 1512 617 1587 possunt
623 1501 817 1566 Pontificem
827 1503 927 1566 ctiam
934 1503 1151 1566 criminosum
1163 1501 1215 1565 vel
1225 1501 1373 1566 dubium.
1383 1537 1409 1546 —

305 1598 451 1665 Censent
472 1598 628 1684 theologi,
653 1599 789 1684 Papam,
815 1604 841 1663 si
868 1591 961 1664 ii'erct
984 1598 1138 1684 publicus
1154 1598 1352 1678 haereticus,
1374 1595 1411 1658 rel

303 1698 455 1764 iudaeus
486 1697 539 1763 vel
562 1697 758 1779 Saracenos,
790 1719 827 1762 eo
858 1698 930 1783 ipso
961 1719 1028 1762 non
1056 1700 1199 1762 retinere
1222 1707 1412 1784 potestatem.

304 1794 364 1860 sed
394 1794 549 1860 excidere
582 1817 625 1859 ex
648 1805 772 1882 papatu
804 1797 882 1880 quia
911 1816 978 1860 non
1002 1795 1219 1882 estamplius
1244 1794 1413 1860 membrum

306 1893 486 1958 Ecclesiae.
502 1893 585 1957 Jure
602 1903 713 1957 tamen
731 1901 896 1978 putamus,
917 1895 1177 1978 suppositionem
1199 1915 1272 1958 esse
1285 1893 1414 1979 impossi-

305 1991 406 2056 bilem
434 1993 534 2076 juxta
563 1991 745 2075 sapientem
781 1990 1026 2074 providentiam
1059 1991 1142 2072 Dei,
1180 2014 1248 2078 qua
1282 1989 1416 2056 Ecclesia

304 2093 438 2176 regitur.
464 2089 641 2154 Caeterum
658 2089 929 2174 studuitquidem
940 2087 1128 2154 Concilium
1139 2089 1300 2153 Pisanum
1311 2087 1415 2170 Grego·

305 2189 390 2252 mum
416 2199 449 2251 et
468 2186 686 2252 Benedictum
712 2185 872 2251 exhibere
896 2196 932 2251 ut
955 2187 1139 2252 haereticos
1156 2197 1188 2251 et
1202 2187 1418 2252 schismaticos

306 2287 460 2364 notarios,
484 2285 634 2370 adeoque
658 2307 717 2370 per
732 2285 841 2348 Deum
858 2284 900 2348 ab
918 2285 1069 2350 Ecclesia
1086 2287 1263 2371 praecisos,
1289 2284 1350 2348 sed
1367 2303 1417 2346 non

304 2393 376 2448 erat
400 2383 499 2468 hujus
522 2384 713 2446 assertionis
735 2381 877 2446 solidum
902 2382 1171 2448 fundamentum.
1221 2382 1313 2446 Dein
1342 2401 1419 2444 suan

306 2482 409 2546 veluti
418 2481 525 2545 obiter
536 2480 1012 2567 adjunxeruntauctoritatcm,
1028 2503 1094 2568 qua
1103 2481 1186 2545 duos
1198 2482 1420 2566 competitore

305 2579 469 2662 dignitate
493 2581 674 2663 privarent.
721 2576 786 2641 Sed
819 2577 919 2642 talem
950 2582 1180 2643 auctoritatem
1206 2576 1362 2644 Concilio
1384 2577 1422 2640 Pi·

305 2699 386 2742 sano
411 2679 607 2740 convenisse
631 2675 764 2760 probari
796 2677 918 2761 nequit.
952 2713 997 2724 -
1029 2677 1079 2741 Ea
1111 2679 1183 2762 ipsa
1213 2697 1297 2741 vero
1330 2687 1423 2740 aetate

306 2775 436 2840 firmam
451 2776 698 2860 persuasionem
714 2772 877 2837 devalore
893 2783 1028 2839 actuum
1039 2773 1181 2839 Consilii
1190 2775 1310 2838 Pisani
1328 2771 1423 2860 quoad

304 2873 452 2937 schisma
475 2894 541 2936 non
564 2871 721 2950 adfuisse,
746 2869 954 2956 expluribus
977 2872 1074 2936 factis
1098 2871 1275 2956 colligitur.
1315 2871 1425 2952 Quam-

309 2971 359 3034 vis
389 2972 478 3034 enim
512 2971 547 3032 in
577 2969 641 3033 hoc
666 2966 815 3033 Concilio
847 2971 1063 3034 constitutum
1091 2981 1187 3052 esset,
1224 2979 1260 3032 ut
1288 2969 1369 3034 inde
1390 2967 1424 3029 ab

307 3067 362 3132 illo
386 3077 533 3153 tempore
558 3077 672 3131 contra
696 3087 751 3130 eos
783 3067 840 3152 qui
865 3065 1085 3132 adhaererent
1108 3067 1271 3151 Gregorio
1300 3067 1356 3131 rel
1378 3066 1426 3129 Bc·

307 3166 439 3231 nedicto
477 3167 699 3251 inquireretur
738 3175 896 3250 tanquam
939 3169 1127 3250 pertinaces
1169 3169 1203 3230 in
1242 3166 1434 3254 schismata,

297 3263 523 3329 'nihilominus
548 3263 642 3327 multi
666 3265 700 3327 in
717 3261 908 3327 obedientia
931 3261 1062 3327 illorum
1086 3277 1334 3346 remanserunt,
1359 3263 1425 3349 quin

305 3360 508 3426 haberentur
531 3372 567 3424 ut
590 3360 744 3425 formales
768 3359 924 3424 haeretici
950 3369 983 3424 et
1005 3361 1221 3440 schismatici,
1255 3361 1313 3425 vel
1345 3375 1426 3424 estre

308 3461 397 3523 viam
429 3458 545 3523 salutis
574 3460 755 3525 constituti.
803 3460 914 3545 Atque
944 3457 1133 3524 Concilium
1166 3461 1434 3536 Constantiacas

304 3579 410 3643 quum
442 3556 579 3642 quidam
612 3577 800 3642 processum
833 3569 948 3620 contra
980 3555 1058 3620 istos
1091 3556 1320 3641 postularent,
1362 3539 1434 3618 huirl

308 3656 460 3739 petitioni
497 3675 644 3718 annuere
682 3654 797 3718 noluit.
845 3651 1039 3718 Statuerunt
1068 3655 1169 3717 etiam
1201 3654 1324 3720 Patres
1355 3656 1428 3718 Con·

306 3754 516 3832 stantienses,
540 3775 680 3837 quorum
705 3751 800 3816 multi
825 3752 957 3816 fuerent
981 3749 1077 3833 Pisis,
1101 3762 1139 3816 ut
1162 3770 1281 3818 ornnes
1306 3765 1374 3818 tres
1396 3753 1434 3814 tle

309 3860 433 3935 papatu
464 3850 711 3932 contendentes,
750 3851 778 3914 si
810 3861 926 3935 sponte
956 3847 1115 3913 abdicate
1147 3865 1357 3916 recusarent.
1394 3837 1434 3926 ad}

309 3949 492 4013 cessionem
515 3949 807 4034 compellerentur3
842 3947 1077 4014 Cardiualibus
1100 3947 1243 4012 duantm
1268 3949 1434 4024 Obedieul

306 4047 428 4110 tiarum
458 4045 610 4132 Gregorii
650 4058 682 4111 et
711 4046 884 4112 Benedicti
925 4048 1145 4132 permiserunt
1175 4068 1373 4131 comparere
1402 4033 1434 4120 inl

306 4141 444 4228 Synodo
469 4167 543 4209 cum
561 4167 708 4231 purpura
732 4155 764 4209 et
787 4144 974 4230 insignibus
990 4142 1226 4222 cardinalatus,
1250 4141 1426 4210 cessionem

306 4239 460 4326 Gregorii
486 4256 701 4328 spontaneam
718 4243 922 4308 admiserant
937 4265 977 4306 ac
990 4241 1178 4308 laudarunt.
1205 4241 1310 4322 Quod
1328 4253 1427 4306 autem
