3000 4838
269 405 308 462 54
451 403 557 459 XXIII.
577 403 617 458 De
634 407 711 456 statu
729 403 830 458 Eccles.
849 402 933 470 priori
951 401 1038 456 medio
1058 417 1126 456 saec.
1146 400 1208 456 XII.

273 549 345 614 sine
368 546 481 612 liberis
513 546 658 628 obiisset,
688 545 850 630 Rogerius
872 545 906 608 II
930 544 1063 612 Siciliae
1095 545 1248 630 princeps
1271 552 1304 608 et
1327 541 1399 606 Gu-

273 644 375 710 lielmi
407 647 622 731 propinquus,
659 642 746 707 illico
779 665 821 708 ex
845 641 958 709 Sicilia
982 641 1152 722 advolans,
1181 640 1340 727 Apuliam
1365 649 1401 702 ot

274 740 463 808 Calabriam
488 763 567 806 suae
592 742 811 807 dominationi
829 742 954 827 junxit.
1002 738 1078 820 Qua
1102 743 1136 804 in
1151 761 1186 804 re
1205 740 1283 826 jura
1300 737 1401 804 Sedis

273 839 486 926 Apostolicae
520 839 704 925 praefracte
744 839 848 904 laesit.
900 839 1006 903 Erant
1043 839 1132 903 enim
1168 839 1250 902 istae
1280 835 1401 900 ltaliae

274 936 501 1003 meridionalis
523 948 643 1024 partes,
669 938 717 1000 uti
742 935 898 1018 vidimus,
923 936 1025 1000 feuda
1047 936 1190 1000 Romani
1213 935 1398 1015 Pontificis,

273 1038 340 1102 imo
365 1033 551 1100 Gulielmus
575 1036 718 1099 moriens
741 1035 965 1119 principatum
990 1055 1084 1097 suum
1102 1033 1250 1097 Honorio
1266 1034 1302 1096 II
1320 1033 1403 1117 jure

274 1143 433 1219 perpetuo
465 1132 701 1218 possidendum
734 1130 955 1215 delegaverat.
963 1131 987 1218 ¹)
1032 1132 1209 1195 Praeterea
1236 1140 1403 1215 cognatus

274 1229 439 1297 Gulielmo
464 1231 598 1316 propior
620 1229 774 1295 exstabat
798 1226 1035 1294 Bohemundus
1059 1228 1101 1309 ΙΙ,
1136 1249 1238 1314 nepos
1261 1227 1401 1292 Roberti

274 1327 451 1395 Guiscardi
476 1349 519 1392 ex
542 1327 609 1392 filio
633 1326 852 1392 Bohemundo
877 1328 893 1390 I
916 1326 1107 1391 Tarentino.
1154 1326 1272 1390 Merito
1296 1327 1405 1409 igitur
1490 1325 1491 1332 ’

274 1427 443 1492 Honorius
466 1427 500 1490 II
523 1426 656 1509 Bogerii
681 1423 818 1490 ausibus
841 1446 913 1490 sese
936 1426 1099 1509 opposuit,
1134 1445 1302 1511 quumque
1326 1426 1355 1487 is
1380 1445 1405 1486 a

275 1526 400 1610 coeptis
425 1545 492 1588 uon
517 1524 699 1605 desisteret,
724 1544 800 1586 eum
825 1523 1140 1604 excommunicavit,
1165 1524 1231 1586 imo
1255 1545 1285 1586 a.
1312 1521 1403 1584 1128

275 1623 375 1688 etiam
411 1623 482 1707 ipse
515 1622 628 1707 copias
662 1629 777 1685 contra
809 1620 929 1685 ducem
961 1622 1084 1684 evexit.
1140 1619 1254 1700 Quum
1285 1629 1404 1683 tamen

276 1719 353 1785 belli
378 1740 501 1802 magna
523 1718 763 1804 impedimenta
787 1720 962 1801 inveniret,
993 1719 1154 1803 Rogerius
1182 1739 1262 1782 vero
1286 1739 1404 1780 mune·

274 1816 367 1882 ribus
392 1826 425 1881 et
446 1815 563 1900 legatis
586 1815 781 1880 Pontificem
805 1816 936 1880 flectere
960 1815 1149 1897 studuisset,
1181 1825 1214 1880 et
1245 1815 1405 1901 quamvis

276 1914 400 1980 bellum
433 1935 551 1999 gerens
582 1934 738 1997 magnam
766 1913 914 1978 Honorio
954 1915 1174 1978 reverentiam
1213 1911 1407 1978 ostenderet

276 2012 535 2097 conflictumque
559 2009 743 2076 declinaret
766 2011 845 2075 dum
861 2011 1016 2076 Pontifex
1040 2013 1145 2096 copiis
1165 2011 1289 2090 aderat,
1312 2019 1404 2095 post·

276 2132 367 2175 remo
392 2132 444 2174 res
468 2109 668 2194 compositae
692 2117 779 2173 sunt.
825 2109 986 2193 Bogerius
1005 2109 1236 2174 Beneventum
1260 2108 1303 2173 ab
1327 2110 1405 2193 ipso

277 2217 477 2292 occupatum
493 2207 642 2271 Honorio
665 2209 819 2289 restituit,
844 2207 921 2272 dein
946 2230 1034 2289 vero,
1059 2229 1162 2294 quum
1187 2229 1277 2271 more
1296 2205 1405 2270 vasal-

277 2306 384 2371 lorum
407 2304 578 2370 Romanae
602 2302 760 2368 ecelesiae
785 2304 971 2369 hominium
996 2307 1221 2391 praestitisset,
1257 2303 1407 2389 Apuliae

279 2412 312 2468 et
335 2400 510 2467 Calabriae
534 2401 658 2466 ducatu
682 2403 857 2466 investitus
881 2413 939 2469 est.

116 2555 266 2597 namuco
371 2535 424 2600 67.
456 2534 619 2620 Tempore
644 2535 705 2599 isto
728 2536 764 2599 in
788 2534 912 2620 inclyto
928 2534 1054 2601 Ordine
1078 2535 1307 2615 Benedictino,
1331 2543 1408 2598 tum

111 2621 267 2726 hm*
281 2636 316 2699 in
341 2632 606 2717 Congregatione
634 2631 846 2698 Cluniacensi
874 2645 944 2698 tum
977 2636 1013 2700 in
1043 2633 1178 2699 abbatia
1203 2631 1409 2726 Cassinensi,

280 2731 485 2819 perturbatio
524 2729 669 2794 infausta
707 2742 822 2795 exorta
859 2741 917 2797 est.
970 2731 1082 2797 Clunii
1121 2731 1205 2795 obiit
1251 2753 1281 2795 a.
1318 2729 1409 2794 1109

280 2854 305 2896 s.
322 2830 422 2913 Hugo
446 2826 551 2892 abbas
575 2838 682 2892 aetate
706 2828 806 2894 valde
829 2840 1015 2915 provectus,
1041 2839 1216 2916 postquam
1237 2851 1296 2915 per
1312 2849 1409 2891 sexa·

280 2930 373 3012 ginta
403 2946 508 2990 annos
540 2922 838 3010 Congregationem
873 2925 1127 2992 Cluniacensem
1168 2935 1309 2991 rexerat.
1365 2925 1410 2989 In

280 3045 502 3090 successorem
527 3022 650 3087 electus
673 3023 736 3086 fuit
760 3025 891 3088 Pontias
925 3025 980 3108 (de
1005 3024 1175 3109 Melgueil)
1206 3047 1248 3088 ex
1272 3022 1411 3088 nobilis·

281 3125 365 3188 sima
389 3131 422 3186 et
444 3121 609 3186 ditissima
633 3120 760 3185 familia
785 3123 955 3187 oriundus.
987 3124 1020 3186 Is
1044 3121 1180 3209 quidem
1205 3145 1276 3186 sese
1300 3132 1411 3186 osten·

281 3221 332 3288 dit
353 3217 533 3284 admodum
564 3227 732 3282 versatum
756 3220 791 3283 in
815 3222 955 3304 negotiis
978 3221 1121 3306 publicis
1150 3219 1323 3306 gerendis,
1360 3232 1410 3284 at·

282 3340 346 3406 que
370 3327 440 3380 tum
465 3314 526 3380 sub
543 3314 696 3380 Paschali
721 3317 755 3380 II
779 3328 849 3382 tum
874 3319 936 3383 sub
959 3318 1090 3383 Calixto
1114 3319 1149 3382 II
1173 3340 1311 3402 magnas
1334 3339 1411 3404 par-

282 3426 332 3481 tes
355 3414 474 3479 habuit
496 3415 532 3478 in
557 3413 731 3478 conatibus
755 3417 813 3501 qui
836 3415 915 3480 facti
940 3425 1026 3501 sunt,
1060 3426 1096 3480 ut
1120 3415 1297 3481 concordia
1321 3418 1414 3481 inter

282 3514 467 3580 Henricum
490 3512 525 3574 V
561 3521 594 3574 et
616 3511 795 3577 Pontifices
826 3516 1053 3579 restitueretur
1076 3524 1109 3578 et
1130 3514 1171 3578 lis
1204 3514 1244 3578 de
1267 3513 1412 3578 investi-

282 3613 366 3676 turis
390 3617 650 3694 componeretur.
696 3609 764 3675 Sed
794 3614 935 3697 negotiis
966 3613 1128 3698 ejusmodi
1159 3610 1243 3676 forte
1266 3612 1412 3676 nimium

283 3710 440 3794 abreptus
477 3706 616 3772 Pontius
660 3707 857 3794 discipliuae
898 3711 1082 3775 servandae
1126 3709 1297 3794 negligens
1334 3709 1412 3792 fuit,

283 3809 404 3874 fastum
429 3826 508 3891 prae
532 3825 566 3868 se
590 3804 665 3869 tulit
687 3807 917 3892 incongruum,
954 3807 1215 3873 Archiabbatem
1240 3829 1273 3872 se
1296 3808 1411 3893 appel-

359 4021 378 4084 ¹)
397 4021 429 4074 Id
448 4015 589 4084 colligitur
608 4033 641 4072 ex
661 4019 797 4075 Gualterii
815 4020 1003 4076 Archidiaconi
1023 4020 1204 4076 Teruanensis
1228 4021 1293 4074 Vita
1315 4021 1415 4076 Caroli

285 4103 362 4156 Bous¹
371 4115 402 4154 eo
412 4107 533 4167 tempore
540 4102 645 4169 scripta
668 4097 723 4154 Cir.
735 4101 807 4155 Acta
818 4101 975 4156 Stommdie
984 4103 1014 4154 2⁰
1026 4101 1129 4167 Martii,
1140 4101 1182 4156 vel
1193 4100 1276 4169 Pogii
1285 4101 1411 4158 Breviar.

283 4181 320 4237 ad
338 4181 487 4237 Honorium
505 4182 534 4236 II
552 4199 579 4242 n.
598 4181 632 4238 K
