2964 4838
330 461 385 514 420
516 463 644 519 XXXVI.
664 465 705 518 De
722 470 799 520 statu
817 465 957 520 Ecclesiae
977 471 1113 534 vergente
1131 481 1201 520 suec.
1221 465 1279 519 XV.

329 605 499 689 relipioce,
530 607 649 692 plenus
685 611 818 674 vocitato
857 619 887 674 et
918 610 1033 696 plenus
1062 609 1229 674 cloments'o
1261 613 1322 698 ejus
1344 609 1424 694 ponti·

319 702 441 788 fientes
455 703 570 790 fuit.¹)

422 803 472 868 18.
498 801 618 866 Pontus
640 804 681 866 II
698 805 959 887 (1464-1471).
985 804 1052 870 Cfr.
1070 802 1237 888 Raynsldi
1261 803 1386 868 Aureolos
1403 827 1425 868 o.

330 901 562 965 rtet-1474.
587 937 630 948 -
661 901 811 984 Plotina,
843 903 933 966 Vitae
958 903 1176 966 Romanorum
1198 902 1377 974 Pontificem
1396 937 1427 950 -
1460 979 1461 990 2

330 996 474 1077 Quirini,
499 997 568 1064 Smt
591 997 686 1062 Pauli
701 1000 735 1064 P.
752 1002 799 1065 M.
823 1001 982 1064 vindiciae
1006 999 1159 1064 odessus
1175 999 1335 1066 Plotinam
1354 999 1426 1063 ulios·

328 1119 386 1181 quc
409 1095 642 1162 obtrectatores.
682 1097 808 1162 Romae
836 1098 930 1164 1740.

180 1207 264 1246 Paulus
281 1207 302 1246 11
418 1194 496 1258 Post
549 1195 603 1258 Pii
643 1194 677 1258 II
722 1205 859 1259 mortem
907 1193 1100 1260 Cardinsles
1143 1195 1284 1260 Romam
1335 1215 1426 1278 corpus

208 1269 235 1309 Β·
252 1271 277 1308 Ρ·
330 1291 478 1355 defuncti
524 1293 696 1358 Pontificis
740 1294 959 1374 deducentes,
1004 1293 1172 1379 obsequiis
1214 1294 1278 1358 rite
1318 1291 1427 1378 expleti

330 1389 378 1453 VI
394 1387 468 1455 Kal.
486 1387 692 1475 Septembris
713 1391 884 1457 Conclave
908 1392 1047 1475 ingressi
1073 1399 1159 1456 sunt.
1200 1391 1312 1456 Variis
1332 1401 1426 1456 auten.

208 1510 212 1516 ·
323 1488 514 1573 juramento
546 1488 652 1568 edito,
688 1512 723 1552 se
747 1489 1018 1554 constrinxerunt
1045 1486 1192 1572 legibus,
1228 1512 1313 1576 quse
1334 1489 1426 1553 electus

328 1586 484 1650 Pontifex
521 1586 721 1651 observaret.
769 1587 861 1652 Inter
901 1608 984 1671 quns
1020 1587 1164 1650 sufficiat
1198 1607 1426 1654 commemorare

329 1706 401 1764 ess,
437 1684 527 1769 quod
557 1693 632 1770 post
661 1687 842 1750 trienninm
868 1682 1057 1748 Concilium
1088 1697 1333 1750 convocaturus
1357 1699 1425 1753 esset

328 1781 575 1868 expeditionem
593 1785 627 1846 in
644 1783 772 1847 'I'urcns
797 1792 959 1868 quantum
976 1792 1088 1867 posset
1102 1794 1326 1868 promoveret,
1346 1782 1425 1867 lapsos

328 1878 504 1944 curialium
537 1902 643 1944 mores
679 1882 890 1961 reformarem
927 1880 1017 1966 quod
1049 1878 1245 1946 Cardinales
1287 1903 1348 1946 non
1372 1893 1421 1941 sore
1460 1941 1461 1950 χ

328 1987 463 2058 crearet,
495 1999 594 2064 quam
619 1980 643 2042 ii
667 1980 724 2064 qui
750 1979 851 2042 creati
887 1979 958 2064 jam
985 1977 1196 2043 habebantur
1224 1981 1316 2043 intra
1338 1975 1416 2062 viginti

327 2085 469 2162 quatuor
491 2088 600 2139 essent
623 2074 768 2160 reducti,
800 2077 958 2162 majorem
983 2075 1045 2140 hoo
1070 2099 1207 2141 numero
1242 2100 1311 2142 non
1336 2093 1415 2163 parus

327 2175 438 2239 turin
462 2171 614 2238 Ecclesia
638 2196 719 2255 esee,
745 2176 911 2238 neminem
936 2197 1067 2260 quoque
1091 2187 1288 2254 assumeret,
1313 2175 1362 2262 qui
1378 2189 1419 2234 nen

327 2273 533 2358 trigesimum
559 2293 683 2336 annum
713 2271 907 2354 excederet,
944 2274 1067 2360 quique
1091 2295 1156 2336 non
1180 2273 1348 2358 professus
1367 2281 1423 2332 essct

327 2369 535 2456 pontificium
561 2369 634 2456 jus,
671 2368 724 2434 vel
756 2370 873 2446 civile,
909 2369 962 2434 vel
985 2369 1111 2434 litteras
1142 2393 1273 2454 sacras,
1311 2367 1424 2436 necnisi

327 2490 432 2534 unum
463 2489 605 2554 eumque
629 2466 729 2554 hujus
752 2469 882 2552 generis
907 2467 1075 2532 hominem
1108 2469 1149 2532 de
1174 2473 1367 2554 cognatione
1385 2487 1425 2528 sna

327 2567 471 2652 eligeret.
520 2565 564 2632 Et
585 2565 670 2630 aliae
693 2564 804 2651 plures
827 2576 921 2630 erant
942 2566 1184 2652 dispositiones,
1210 2567 1354 2654 eligendi
1366 2565 1426 2629 Pon·

327 2665 426 2730 tiliois
462 2665 692 2728 auctoritatem
733 2686 812 2728 sane
845 2666 924 2728 setis
961 2664 1170 2730 incommode
1208 2670 1426 2752 restringentes

327 2763 463 2828 Electus
492 2762 556 2826 fuit
588 2763 621 2826 in
645 2761 842 2827 Pontificem
873 2764 981 2848 primu
1014 2763 1247 2846 suffragiorum
1283 2765 1428 2830 collatione

325 2861 443 2927 Petrus
466 2858 596 2924 Barbus
612 2858 770 2936 Venetus,
797 2857 984 2924 Cardinalis
1008 2883 1032 2926 s.
1058 2859 1162 2924 Marci
1187 2875 1220 2926 et
1244 2863 1381 2948 Eugenii
1396 2861 1427 2925 ll'

326 2983 369 3026 ex
393 2980 503 3024 sorore
526 2979 646 3043 nepoe3
681 2955 777 3022 Pauli
799 2957 838 3020 II
857 2980 977 3022 nomen
1001 2961 1190 3044 assumpsit.
1240 2961 1309 3025 Hic
1332 2987 1348 3026 a
1371 2959 1427 3040 Qui·

325 3060 398 3123 rino
415 3054 596 3136 Cardinali,
621 3056 676 3140 qui
702 3052 772 3140 ejus
799 3057 899 3118 vitam
924 3067 957 3120 et
981 3077 1088 3120 mores
1110 3056 1310 3138 vindicarit,
1336 3071 1427 3123 nature

324 3155 449 3222 dicitur
468 3155 568 3220 fuisse
585 3153 737 3230 blandus,
763 3155 860 3234 mitis,
886 3152 1061 3236 humanus,
1087 3156 1271 3221 amicorum
1289 3157 1429 3222 studiosos

325 3265 495 3318 eteorum
521 3253 711 3338 praesertim
737 3273 818 3337 quos
842 3251 877 3315 in
901 3249 1089 3317 clientelam
1114 3265 1316 3340 susceperat

419 3351 469 3417 19.
505 3349 628 3415 Paulus
657 3347 692 3412 ΙΙ
723 3347 931 3414 decessorum
963 3371 1097 3414 suorum
1134 3353 1291 3439 exempla
1323 3365 1429 3418 secutis

326 3471 404 3514 mox
435 3472 455 3513 a
486 3447 697 3533 pontificatue
736 3448 786 3509 sui
824 3447 959 3511 exordio
1006 3470 1120 3514 omnes
1166 3471 1263 3514 curas
1311 3447 1428 3515 intendit

324 3549 369 3614 sd
394 3545 594 3612 christianae
624 3542 793 3629 religionis
825 3544 1050 3612 defensionem
1079 3556 1193 3611 contra
1215 3547 1360 3630 Turcas3
1387 3542 1428 3610 scd

325 3647 494 3733 principes
520 3643 675 3729 Europae
700 3653 837 3706 conatus
861 3643 932 3729 ejus
955 3665 1071 3728 parum
1096 3645 1312 3730 adjuvarunt.
1351 3645 1428 3710 Geor·

324 3746 417 3829 gium
442 3741 622 3807 Boliemiae
646 3762 767 3826 regem,
792 3743 848 3827 qui
864 3741 1009 3806 Hussitie
1033 3741 1186 3808 addictus
1210 3753 1292 3830 eret,
1318 3741 1428 3808 Paulus.

324 3863 429 3928 quum
453 3841 644 3925 resipiscere
675 3837 784 3920 nollet,
814 3849 885 3903 tum
910 3838 1080 3905 Ecclesiae
1104 3845 1347 3920 communione,
1375 3857 1426 3902 tun

325 3960 427 4025 regno
451 3939 620 4024 privatum
645 3936 827 4002 declaravit
849 3960 879 4002 a.
906 3937 1007 4020 1466,
1032 3949 1130 4024 atque
1155 3939 1334 4006 Matthinm
1357 3941 1428 4004 Hun-

323 4039 437 4122 gsriae
460 4057 573 4120 regem
596 4037 768 4118 excitavit,
792 4045 829 4100 ut
844 4036 1038 4102 Bohemiom
1063 4048 1248 4124 occuparet
1295 4036 1426 4104 Pluribu

401 4251 419 4316 ¹)
440 4249 489 4316 Ep.
509 4251 552 4306 50.
574 4264 615 4316 ep.
635 4247 760 4315 Rsynald
788 4263 812 4304 a.
835 4248 910 4301 1464.
930 4263 956 4308 u,
977 4249 1020 4303 49.
