2868 4844
112 591 163 630 aon
177 586 239 627 suita
259 593 273 623 a

106 652 198 694 concil.
208 660 272 690 occu·

146 715 245 755 menica.

281 438 335 493 310
561 435 688 492 XXXIV.
709 436 749 490 De
767 434 887 490 Concilio
906 433 1117 490 Constantiensi.

284 579 337 644 vel
370 581 441 666 ipsa
470 581 708 644 convocatione
732 579 874 644 Joannis
899 579 999 664 juxta
1030 588 1176 642 nostram
1208 581 1387 644 sententiam

283 701 349 743 non
374 688 444 742 erat
467 678 729 758 oecumenicum,
754 699 856 762 quum
880 677 1029 742 Joanues
1052 687 1138 740 esset
1160 678 1311 742 Pontifex
1333 677 1388 741 ille·

282 779 435 860 gitimus,
474 775 526 840 vel
558 773 671 839 saltem
703 774 801 839 valde
832 773 965 838 dubius.
1022 772 1234 839 Sessionibus
1270 775 1388 861 quidem

283 877 410 961 primae
427 885 459 938 et
476 873 642 939 secundae
656 874 804 938 Joanues
821 872 996 958 praesedit,
1021 873 1078 936 sed
1092 883 1240 958 tempore
1253 875 1392 938 sessionis

283 987 420 1059 quartae
444 984 477 1036 et
500 973 636 1057 quintae
659 973 730 1057 ipse
749 972 821 1056 jam
846 994 865 1034 a
890 970 1018 1054 synodo
1039 981 1233 1052 recesserat,
1258 971 1391 1058 adeoque

283 1093 321 1136 eo
345 1083 492 1156 tempore
517 1072 699 1134 certissime
724 1069 994 1134 Constantienses
1010 1066 1196 1134 Concilium
1222 1073 1392 1135 oecumeni-

284 1191 360 1233 cum
385 1169 473 1234 haud
498 1168 696 1234 formabant.
743 1167 810 1254 Ipsi
844 1169 959 1252 utique
988 1166 1021 1231 id
1046 1165 1280 1253 opinabantur,
1310 1181 1341 1232 et
1365 1171 1391 1230 in
1424 1179 1425 1198 ³

285 1267 427 1332 decretis
451 1271 518 1332 suis
543 1267 793 1352 exprimebant3
817 1265 875 1330 sed
900 1264 982 1329 haec
1006 1275 1077 1329 erat
1099 1265 1208 1330 iIIusio
1233 1268 1393 1354 quaedam.

286 1387 371 1450 quae
395 1365 437 1429 ob
462 1368 589 1430 tristem
613 1387 723 1430 rerum
748 1375 869 1430 statum
886 1366 1039 1427 excusari
1057 1363 1192 1449 quidem
1208 1375 1324 1450 potest.
1347 1365 1392 1428 sed

284 1485 351 1528 non
375 1463 563 1548 approbari.
593 1464 706 1550 Usque
730 1463 772 1527 ad
797 1464 976 1527 sessionem
1001 1461 1235 1526 duodecimam
1260 1461 1394 1528 Concilio

286 1563 385 1627 etiam
430 1560 498 1626 sola
541 1561 649 1626 adfuit
683 1560 885 1627 Obedientia
918 1560 1078 1634 Joanuis;
1126 1561 1265 1626 deerant
1308 1565 1395 1646 igitur

286 1661 431 1747 episcopi
464 1683 506 1724 ex
531 1659 661 1724 duabus
692 1659 767 1724 eliis
790 1659 1000 1724 Obedientiis
1023 1656 1175 1741 Gregorii
1200 1659 1270 1722 XII
1294 1671 1325 1724 et
1347 1661 1394 1724 Be·
1425 1641 1426 1666 ¹

286 1759 410 1822 nedicti
435 1758 531 1822 XIII.
563 1757 637 1822 Hae
662 1757 748 1821 duae
772 1756 993 1822 Obedientiae
1018 1777 1172 1840 magnam
1197 1769 1309 1822 tamen
1333 1781 1394 1821 con·

286 1856 469 1921 stituebant
491 1856 661 1922 Ecclesiae
685 1865 823 1940 partem,
848 1855 999 1940 adeoque
1023 1857 1122 1919 etiam
1148 1856 1277 1920 euhoe
1302 1859 1396 1942 capito

286 1965 433 2040 tempore
464 1956 618 2018 secalonia
650 1965 787 2039 quartae
811 1963 843 2016 et
866 1954 1017 2038 quintae,
1052 1951 1207 2038 Synodus
1231 1955 1294 2020 ista
1317 1977 1396 2018 oecu-
1426 1952 1427 2038 l

288 2055 420 2118 menica
444 2075 509 2116 nou
534 2065 613 2118 erat.
646 2091 688 2100 -
722 2052 831 2132 Quam
857 2051 960 2115 multa
983 2073 1062 2115 vero
1087 2062 1222 2136 propter
1245 2053 1395 2118 inflexum
1426 2039 1427 2096 3

288 2151 509 2236 quorumdam
527 2152 673 2214 virorum
699 2151 733 2214 in
750 2149 899 2214 Concilio
918 2147 1164 2214 Constantiensi
1189 2150 1307 2216 fierent
1321 2149 1397 2215 haud

289 2251 351 2312 rite
387 2259 420 2311 et
454 2260 568 2313 eontra
595 2248 779 2334 juridicum
816 2269 912 2311 usum
935 2246 1117 2329 Ecclesiae,
1157 2252 1311 2332 superius
1338 2252 1397 2335 jam

288 2347 514 2431 exposuimus.
544 2345 656 2426 Quum
682 2348 770 2412 enim
795 2367 862 2410 non
885 2355 1015 2409 tantum
1039 2347 1204 2431 episcopi,
1227 2347 1285 2411 sed
1310 2347 1401 2412 multo

289 2444 400 2530 plures
430 2443 486 2508 alii
519 2444 734 2509 ecclesiastici
758 2455 791 2508 et
813 2442 891 2508 laici
915 2445 1073 2528 suffragia
1105 2444 1237 2524 ferrent,
1271 2457 1400 2530 votaque

289 2543 448 2606 darentur
477 2541 659 2606 secundum
691 2544 852 2622 nationes,
881 2543 981 2605 etiam
1008 2563 1049 2604 ex
1074 2539 1137 2605 hoc
1161 2544 1271 2627 eapite
1295 2545 1399 2606 vitium
1427 2569 1428 2586 ¹

289 2639 457 2726 quoddam
482 2639 642 2723 originale
666 2640 782 2705 aderat
805 2640 956 2720 decretis,
986 2639 1074 2724 quod
1100 2641 1232 2704 nonnisi
1257 2663 1317 2726 per
1338 2663 1399 2704 eon·

289 2739 509 2802 firmationem
535 2739 676 2803 Romani
706 2737 878 2802 Pontificio
909 2739 1019 2801 sanari
1047 2747 1185 2822 poterat.
1233 2739 1400 2826 speciatim

289 2856 369 2900 vero
394 2837 456 2900 ista
480 2836 622 2918 decreta,
647 2838 695 2901 uti
720 2837 752 2900 in
779 2837 924 2900 sessione
948 2837 1066 2921 quinta
1089 2837 1299 2922 promulgata
1313 2840 1401 2902 fuere.

292 2933 427 2999 condita
463 2945 495 2998 et
536 2934 739 3020 proclamata
779 2950 856 2998 sunt
896 2932 1156 2998 reclamantibus
1185 2933 1400 3001 Cardinalium

292 3031 430 3116 collegio
463 3043 495 3096 et
526 3035 612 3118 regis
636 3031 766 3097 Galliae
794 3031 989 3096 oratoribus.
1037 3031 1082 3094 Et
1105 3032 1139 3096 in
1164 3055 1298 3099 camera
1323 3055 1401 3120 para·

292 3140 477 3195 mentorum
502 3141 628 3218 septem
654 3129 849 3196 Cardinales
872 3132 929 3216 qui
954 3129 1132 3194 adsuerunt
1155 3133 1306 3214 sessioni,
1334 3132 1401 3196 dum

292 3239 432 3315 quatuor
464 3230 529 3311 alii,
563 3232 664 3310 (inter
687 3250 768 3315 quos
793 3238 863 3293 erat
885 3228 1004 3292 Petrus
1028 3227 1069 3292 de
1094 3227 1250 3310 Allieno),
1277 3231 1317 3295 ad
1339 3249 1400 3292 eam

292 3350 358 3393 non
380 3339 552 3408 venerunt,
570 3328 741 3413 protestati
754 3337 830 3391 sunt
842 3337 919 3390 ante
934 3327 1039 3411 ipsam
1057 3328 1237 3392 sessionem
1255 3331 1402 3415 quintam.

294 3449 328 3491 se
353 3426 487 3512 quidem
514 3429 616 3491 ituros
641 3448 711 3490 esse
734 3424 777 3490 ad
802 3427 981 3489 sessionem
1006 3445 1107 3488 causa
1123 3425 1253 3490 vitandi
1269 3423 1401 3490 scandali

292 3535 325 3590 et
337 3524 534 3600 schismatis,
552 3546 618 3589 non
629 3546 707 3589 vero
720 3525 832 3588 animo
847 3520 1073 3588 consentiendi
1091 3524 1131 3586 iis
1144 3545 1230 3608 quae
1243 3523 1402 3588 andierunt

293 3626 328 3688 iu
352 3622 409 3688 illa
432 3645 503 3686 esse
527 3622 712 3689 statuenda.
737 3622 883 3707 Ideoque
909 3620 1078 3686 decretum
1102 3623 1260 3686 sessionis
1283 3625 1402 3710 quintae

293 3744 360 3788 non
394 3721 436 3786 ab
468 3721 579 3806 aliquo
612 3719 798 3800 Cardinali,
839 3719 897 3783 sed
934 3717 977 3783 ab
1009 3720 1165 3804 episcopo
1196 3717 1403 3784 Posnaniensi

292 3823 414 3887 lectum
440 3829 497 3883 est.

383 3917 436 3982 26.
486 3917 626 3980 Decreta
657 3916 734 3980 dein
767 3915 922 3979 sessionis
946 3923 1082 4000 quartae
1106 3925 1138 3978 et
1162 3917 1297 4000 quintae
1325 3911 1402 3976 nullu

295 4017 436 4082 Romani
455 4015 616 4105 Pontificio
639 4013 870 4101 approbatione
893 4011 1032 4077 valorem
1056 4010 1192 4098 aliquem
1209 4011 1401 4076 obtinuerunt

294 4117 369 4180 Non
394 4115 507 4176 existit
529 4115 661 4200 proprie
686 4112 812 4176 dictum
837 4110 1006 4175 decretum
1032 4133 1090 4176 seu
1114 4109 1211 4174 Bulla
1235 4109 1362 4174 Martini
1380 4105 1401 4166 l'

297 4235 397 4299 super
430 4211 680 4276 confirmatione
706 4209 847 4275 Concilii
873 4205 1146 4290 Constantiensis,
1180 4207 1238 4273 sed
1267 4207 1307 4271 ad
1341 4228 1403 4270 cou-
