2868 4844
226 457 266 512 oe
284 456 532 522 Roeewauonlbus,
550 456 678 522 Aurata,
697 453 873 512 Commendis.
1079 457 1134 512 225

29 601 159 666 contulit.
205 601 416 666 Bituricensis
446 601 579 666 ecclesia
602 624 665 686 per
691 599 807 664 multos
836 623 939 664 annos
956 601 1137 685 permansit

29 699 163 762 destituta
174 709 317 786 pastore,
341 710 371 762 et
394 700 439 762 eie
462 699 604 763 vacando
626 700 741 784 qratia
764 698 936 785 dispendia
954 698 1101 785 pertulit.
1111 697 1135 782 ¹)

30 796 113 860 Initio
141 806 255 860 autem
285 795 409 860 saeculi
433 795 517 861 xlv
548 796 668 862 multos
691 795 815 862 abusus
838 795 1032 882 praebuisse
1055 797 1134 882 legi·

29 895 112 957 tinas
134 893 352 958 Pontificibus
380 895 641 959 reservationum
666 915 793 975 causas,
827 893 925 958 facile
948 894 1070 958 inferes
1093 916 1137 958 ex

29 993 60 1055 iis
74 1013 156 1078 quae
173 992 354 1057 Durandus
369 991 576 1058 Mimatensis
599 993 776 1078 episcopus
789 992 907 1056 scribit
928 995 963 1057 in
980 1001 1057 1057 voto
1074 1013 1133 1057 suo

28 1089 62 1154 ed
97 1091 246 1176 quaesita
283 1089 464 1155 Clementis
499 1090 530 1154 V
568 1090 716 1176 tempore
754 1087 895 1155 Consilii
934 1090 1136 1156 Viennensis

28 1187 62 1272 (a.
79 1185 188 1274 1311).
222 1189 306 1252 Prob
321 1187 424 1266 dolor,
448 1188 566 1274 inquit,
590 1188 681 1252 bodie
704 1189 740 1252 in
756 1188 819 1252 tali
841 1199 927 1252 statu
950 1200 1024 1254 ment
1046 1186 1137 1254 eceb·

28 1289 83 1350 siae
104 1288 304 1364 constitutae,
328 1285 412 1371 quod
434 1288 469 1350 in
492 1287 538 1350 eis
560 1286 746 1352 vacantibus
768 1288 1049 1373 asa-reperiantur
1067 1309 1139 1374 per·

28 1408 109 1450 sonae
142 1385 317 1472 eli9ibiles:
354 1396 385 1448 et
406 1386 436 1447 si
458 1383 654 1470 quandoque,
687 1384 771 1469 qnod
801 1407 877 1448 raro
901 1408 984 1449 nnnc
1008 1385 1136 1463 accidit,

28 1483 96 1546 bona
121 1505 265 1570 persona
296 1495 325 1546 et
354 1482 471 1546 idonea
502 1484 538 1545 in
569 1483 686 1547 endem
707 1484 898 1568 reperiatur,
932 1483 1034 1547 latens
1058 1485 1141 1548 deut

1184 797 1273 837 Causae

1161 859 1296 900 rssemtto·
1397 903 1401 906 ,
1421 857 1422 890 l

26 1579 117 1644 lilium
141 1583 225 1646 inter
248 1582 370 1667 minas,
395 1590 518 1644 tantum
540 1580 665 1645 excedit
686 1603 834 1644 numerere
856 1579 1015 1644 malma
1038 1591 1068 1644 et
1089 1583 1138 1646 in·
1179 1645 1181 1650 .

26 1679 140 1742 utilium
158 1701 380 1765 personatam,
403 1678 487 1762 quod
509 1701 574 1742 non
593 1681 821 1764 permitterent,
850 1701 1022 1764 personam
1046 1677 1142 1744 talem
1226 1693 1232 1708 ’·

27 1777 62 1838 ad
80 1775 312 1862 praelationem
335 1778 474 1842 assumi:
503 1777 559 1841 sed
581 1776 699 1840 similes
727 1775 882 1840 similibus
907 1776 1140 1864 applaudentes

26 1875 134 1962 eliquat
157 1875 219 1940 sibi
239 1877 340 1940 airum
355 1879 455 1964 juata
478 1897 636 1940 corsuum
659 1875 704 1940 ad
726 1875 968 1939 destructionem
991 1872 1140 1939 ecclesiae

26 1984 50 2036 et
72 1972 215 2060 plebium
244 1973 465 2062 subjectarum.
516 1971 600 2038 Olim
629 1975 724 2053 enim,
756 1973 882 2059 quando
905 1971 1020 2058 plnres
1049 1983 1142 2038 erant

25 2069 90 2134 boni
119 2094 214 2158 qnam
245 2070 326 2135 mali
353 2072 390 2134 in
418 2069 578 2149 Ecclesia,
617 2082 691 2136 tunc
723 2071 847 2136 electio.
863 2091 942 2155 quae
973 2081 1019 2134 eet
1049 2072 1143 2157 quasi

26 2168 185 2232 secundum
209 2166 436 2254 pluralitatem
465 2180 670 2254 punctorum,
709 2169 792 2234 bona
822 2179 893 2231 erat
916 2179 946 2232 et
967 2170 1142 2234 canonica:

20 2266 122 2350 plures
146 2268 230 2330 enim
245 2276 338 2330 erant
352 2267 408 2352 qui
421 2263 577 2352 eliqebaat
588 2266 657 2330 Deo
673 2264 743 2332 illis
758 2269 813 2352 qui
826 2265 986 2352 eliqebant
999 2264 1139 2330 diabolo.

26 2360 254 2446 Sedmodofit
278 2364 477 2428 econtrario
501 2363 804 2451 quiapluressnnt
834 2365 909 2430 boni
939 2387 1033 2449 qaam
1062 2364 1143 2428 mali

24 2461 220 2546 requlariter:
260 2473 291 2526 et
321 2464 365 2525 sic
389 2459 594 2547 frequentiae
625 2459 734 2526 electio
769 2473 814 2526 est
841 2460 1013 2541 diabolica,
1048 2485 1143 2548 quam

24 2561 180 2636 mnonica,
212 2581 277 2624 non
307 2557 466 2622 celebrata
492 2559 719 2645 perspicitur
744 2559 1056 2647 &inspirationem
1087 2559 1143 2624 sed

19 2680 73 2740 per
95 2657 203 2722 dolam
227 2668 257 2722 et
278 2657 492 2720 macbiaosam
515 2659 790 2744 conspirationem.
824 2661 922 2725 Multi
944 2662 1027 2724 enim
1049 2659 1142 2723 bodie

23 2754 261 2820 introducantur
292 2757 328 2820 in
361 2755 500 2820 ecclesiis
528 2756 681 2821 insidiose
705 2768 734 2820 et
757 2756 875 2836 dolose,
906 2757 968 2822 alii
993 2782 1054 2845 per
1085 2759 1141 2820 im·

19 2855 208 2935 pressionem
237 2864 267 2917 et
295 2855 567 2940 importunitatem
585 2855 749 2940 potentiae
772 2853 959 2934 saecularis,
993 2855 1055 2920 alii
1083 2878 1144 2942 per

22 2951 218 3017 ambitionem
240 2963 271 3017 et
284 2952 440 3032 fictionem
453 2953 636 3038 bypomitae
652 2953 875 3032 simulationis,
900 2953 962 3016 alii
977 2951 1143 3038 affectione

22 3051 182 3135 sanquinis
206 3059 236 3113 et
258 3051 466 3137 eoqnationis.
500 3105 507 3118 .
532 3099 540 3114 .
566 3098 574 3114 .
609 3048 673 3123 Qui
696 3048 804 3115 taliter
836 3052 968 3129 intrusi,
997 3052 1053 3115 circ
1086 3061 1144 3115 aut

21 3168 154 3233 trapeam
183 3149 219 3210 in
242 3145 448 3233 praelatione
479 3147 593 3212 bonum
606 3146 759 3233 faciunt:
792 3171 858 3212 non
881 3148 1062 3231 aedificant,
1087 3149 1144 3212 sed

20 3243 201 3323 destruunt;
223 3268 288 3308 aon
306 3246 479 3332 proficiunt
502 3245 559 3310 sed
581 3256 805 3332 commmpunt;
836 3245 969 3332 difficile
993 3257 1039 3310 est
1062 3248 1145 3310 enim

21 3351 51 3402 ut
64 3341 145 3406 bona
156 3352 358 3429 peraqantur
372 3345 469 3426 emita,
490 3365 571 3428 quae
585 3343 669 3408 malo
686 3353 758 3407 suat
772 3343 922 3408 incboata
934 3343 1142 3430 principio.²)

22 3435 101 3516 Quis
126 3450 233 3522 neget,
265 3439 308 3504 ad
323 3441 532 3525 vigilantiam
556 3451 588 3504 et
611 3440 758 3506 officium
783 3444 923 3526 pastoris
946 3441 1145 3506 universalis

21 3539 192 3620 pertinere,
217 3537 298 3602 tales
322 3539 499 3604 electiones
521 3538 694 3625 impedire,
727 3550 827 3626 atque
849 3539 1000 3605 ecclesiis
1024 3538 1143 3606 melius

21 3634 204 3716 providere.
250 3636 366 3723 Neque
399 3636 567 3702 meliorem
601 3638 643 3701 de
674 3637 894 3722 capitulorum
923 3637 1142 3704 electionibus

20 3729 275 3818 descriptionem
300 3734 396 3801 nobis
420 3735 554 3821 reliquit
567 3735 699 3800 Aeneas
716 3733 853 3820 Sylvius
877 3737 911 3800 iu
935 3735 1076 3821 epistola
1099 3737 1142 3800 ad

21 3829 411 3920 llartinumMcierum.³)
427 3833 593 3920 Equidem
605 3855 664 3920 per
680 3832 871 3899 collationes
887 3844 922 3899 et
936 3835 1144 3920 provisiones

106 3943 230 3953 ----,

103 4001 127 4065 ¹)
157 3999 322 4059 Thomassin.
359 3999 422 4056 Vet.
454 4005 483 4055 et
512 4018 584 4056 nova
612 4001 748 4056 Ecclesiae
779 4002 882 4069 discipl.
916 4003 944 4057 P.
972 4003 1008 4057 ll.
1049 4003 1079 4055 L.
1107 4001 1144 4058 ΙΙ.

19 4097 40 4135 a
61 4080 265 4228 Xinl'ynna
284 4162 319 4216 eu
337 4178 362 4216 e.
383 4163 460 4216 1311.
480 4179 507 4218 n.
526 4161 571 4218 es.

90 4243 112 4308 ³)
134 4242 220 4310 epist
238 4242 406 4298 dedicatoria
423 4243 487 4298 libri
505 4243 539 4298 de
557 4244 614 4298 ritu
633 4249 661 4297 et
679 4243 736 4298 situ
756 4243 846 4299 Germ.

71 4341 216 4392 lursmarin,
231 4343 421 4384 Dissertatloncs.
437 4345 502 4384 Tem.
513 4343 552 4385 vl.
952 4333 986 4386 15
