<?xml version="1.0" encoding="UTF-8"?>
<!DOCTYPE html PUBLIC "-//W3C//DTD XHTML 1.0 Transitional//EN"
    "http://www.w3.org/TR/xhtml1/DTD/xhtml1-transitional.dtd">
<html xmlns="http://www.w3.org/1999/xhtml" xml:lang="en" lang="en">
 <head>
  <title>
</title>
<meta http-equiv="Content-Type" content="text/html;charset=utf-8" />
  <meta name='ocr-system' content='tesseract 3.04.00' />
  <meta name='ocr-capabilities' content='ocr_page ocr_carea ocr_par ocr_line ocrx_word'/>
</head>
<body>
  <div class='ocr_page' id='page_1' title='image "./dissertationess00junggoog_1007.png"; bbox 0 0 2964 4838; ppageno 0'>
   <div class='ocr_carea' id='block_1_1' title="bbox 314 463 1239 520">
    <p class='ocr_par' dir='ltr' id='par_1_1' title="bbox 314 463 1239 520">
     <span class='ocr_line' id='line_1_1' title="bbox 314 463 1239 520; baseline 0.002 -4"><span class='ocrx_word' id='word_1_1' title='bbox 314 465 370 517; x_wconf 70' lang='lat'><strong>474</strong></span> <span class='ocrx_word' id='word_1_2' title='bbox 519 463 646 518; x_wconf 78' lang='lat' dir='ltr'><strong>xxxvl.</strong></span> <span class='ocrx_word' id='word_1_3' title='bbox 667 463 706 516; x_wconf 89' lang='lat' dir='ltr'><strong>De</strong></span> <span class='ocrx_word' id='word_1_4' title='bbox 724 467 800 516; x_wconf 86' lang='lat' dir='ltr'><strong>statu</strong></span> <span class='ocrx_word' id='word_1_5' title='bbox 819 463 955 518; x_wconf 84' lang='lat' dir='ltr'><strong>Ecclesiae</strong></span> <span class='ocrx_word' id='word_1_6' title='bbox 973 465 1054 520; x_wconf 88' lang='lat' dir='ltr'><strong>initio</strong></span> <span class='ocrx_word' id='word_1_7' title='bbox 1072 465 1146 520; x_wconf 82' lang='lat' dir='ltr'><strong>Saso.</strong></span> <span class='ocrx_word' id='word_1_8' title='bbox 1166 465 1239 518; x_wconf 77' lang='lat' dir='ltr'><strong>xvi.</strong></span> 
     </span>
    </p>
   </div>
   <div class='ocr_carea' id='block_1_2' title="bbox 313 605 1463 2340">
    <p class='ocr_par' dir='ltr' id='par_1_2' title="bbox 313 605 1461 1578">
     <span class='ocr_line' id='line_1_2' title="bbox 314 605 1405 696; baseline 0.003 -25"><span class='ocrx_word' id='word_1_9' title='bbox 314 607 400 694; x_wconf 90' lang='lat' dir='ltr'><strong>patri</strong></span> <span class='ocrx_word' id='word_1_10' title='bbox 438 606 598 670; x_wconf 91' lang='lat' dir='ltr'><strong>succedit.</strong></span> <span class='ocrx_word' id='word_1_11' title='bbox 632 661 637 670; x_wconf 93' lang='lat'><strong>.</strong></span> <span class='ocrx_word' id='word_1_12' title='bbox 665 659 673 672; x_wconf 97' lang='lat'><strong>.</strong></span> <span class='ocrx_word' id='word_1_13' title='bbox 698 655 706 671; x_wconf 90' lang='lat'><strong>.</strong></span> <span class='ocrx_word' id='word_1_14' title='bbox 739 608 935 692; x_wconf 76' lang='lat' dir='ltr'><strong>Captatores</strong></span> <span class='ocrx_word' id='word_1_15' title='bbox 968 605 1212 674; x_wconf 76' lang='lat' dir='ltr'><strong>haereditatum</strong></span> <span class='ocrx_word' id='word_1_16' title='bbox 1237 609 1330 684; x_wconf 89' lang='lat' dir='ltr'><strong>multi,</strong></span> <span class='ocrx_word' id='word_1_17' title='bbox 1361 613 1405 696; x_wconf 89' lang='lat' dir='ltr'><strong>qui</strong></span> 
     </span>
     <span class='ocr_line' id='line_1_3' title="bbox 313 703 1407 774; baseline 0.001 -5"><span class='ocrx_word' id='word_1_18' title='bbox 313 703 451 770; x_wconf 76' lang='lat' dir='ltr'>senibus</span> <span class='ocrx_word' id='word_1_19' title='bbox 475 703 685 769; x_wconf 77' lang='lat' dir='ltr'><strong>blandientes</strong></span> <span class='ocrx_word' id='word_1_20' title='bbox 707 705 807 769; x_wconf 79' lang='lat' dir='ltr'><strong>scribi</strong></span> <span class='ocrx_word' id='word_1_21' title='bbox 832 705 993 771; x_wconf 87' lang='lat' dir='ltr'><strong>haeredes</strong></span> <span class='ocrx_word' id='word_1_22' title='bbox 1015 729 1087 772; x_wconf 89' lang='lat' dir='ltr'><strong>sese</strong></span> <span class='ocrx_word' id='word_1_23' title='bbox 1103 719 1232 774; x_wconf 87' lang='lat' dir='ltr'><strong>curant.</strong></span> <span class='ocrx_word' id='word_1_24' title='bbox 1277 708 1365 771; x_wconf 80' lang='lat' dir='ltr'><strong>Aiunt</strong></span> <span class='ocrx_word' id='word_1_25' title='bbox 1383 721 1407 769; x_wconf 80' lang='lat' dir='ltr'><strong>at</strong></span> 
     </span>
     <span class='ocr_line' id='line_1_4' title="bbox 314 802 1407 891; baseline -0.002 -23"><span class='ocrx_word' id='word_1_26' title='bbox 314 803 469 868; x_wconf 90' lang='lat' dir='ltr'><strong>mulieres</strong></span> <span class='ocrx_word' id='word_1_27' title='bbox 493 825 563 866; x_wconf 91' lang='lat' dir='ltr'><strong>esse</strong></span> <span class='ocrx_word' id='word_1_28' title='bbox 587 802 767 867; x_wconf 86' lang='lat' dir='ltr'><strong>admodum</strong></span> <span class='ocrx_word' id='word_1_29' title='bbox 786 803 916 886; x_wconf 87' lang='lat' dir='ltr'><strong>multas,</strong></span> <span class='ocrx_word' id='word_1_30' title='bbox 942 827 1027 891; x_wconf 89' lang='lat' dir='ltr'><strong>quae</strong></span> <span class='ocrx_word' id='word_1_31' title='bbox 1040 807 1130 870; x_wconf 85' lang='lat' dir='ltr'><strong>viros</strong></span> <span class='ocrx_word' id='word_1_32' title='bbox 1142 827 1263 890; x_wconf 84' lang='lat' dir='ltr'><strong>graves</strong></span> <span class='ocrx_word' id='word_1_33' title='bbox 1277 805 1407 870; x_wconf 84' lang='lat' dir='ltr'><strong>uxoribus</strong></span> 
     </span>
     <span class='ocr_line' id='line_1_5' title="bbox 314 900 1407 990; baseline 0.002 -26"><span class='ocrx_word' id='word_1_34' title='bbox 314 923 443 966; x_wconf 85' lang='lat' dir='ltr'><strong>veneno</strong></span> <span class='ocrx_word' id='word_1_35' title='bbox 468 902 631 967; x_wconf 80' lang='lat' dir='ltr'><strong>auferunt.</strong></span> <span class='ocrx_word' id='word_1_36' title='bbox 680 900 827 982; x_wconf 86' lang='lat' dir='ltr'><strong>Constat,</strong></span> <span class='ocrx_word' id='word_1_37' title='bbox 860 925 880 966; x_wconf 90' lang='lat' dir='ltr'><strong>a</strong></span> <span class='ocrx_word' id='word_1_38' title='bbox 911 903 1080 968; x_wconf 91' lang='lat' dir='ltr'><strong>nobilibus</strong></span> <span class='ocrx_word' id='word_1_39' title='bbox 1111 925 1210 990; x_wconf 86' lang='lat' dir='ltr'><strong>saepe</strong></span> <span class='ocrx_word' id='word_1_40' title='bbox 1234 925 1407 967; x_wconf 70' lang='lat' dir='ltr'><strong>mesosesse</strong></span> 
     </span>
     <span class='ocr_line' id='line_1_6' title="bbox 314 1001 1409 1088; baseline 0 -24"><span class='ocrx_word' id='word_1_41' title='bbox 314 1003 415 1082; x_wconf 86' lang='lat' dir='ltr'><strong>cives,</strong></span> <span class='ocrx_word' id='word_1_42' title='bbox 446 1003 503 1086; x_wconf 93' lang='lat' dir='ltr'><strong>qui</strong></span> <span class='ocrx_word' id='word_1_43' title='bbox 529 1021 648 1063; x_wconf 89' lang='lat' dir='ltr'><strong>uxores</strong></span> <span class='ocrx_word' id='word_1_44' title='bbox 671 1021 749 1064; x_wconf 90' lang='lat' dir='ltr'><strong>suas</strong></span> <span class='ocrx_word' id='word_1_45' title='bbox 772 1001 874 1065; x_wconf 82' lang='lat' dir='ltr'><strong>verbo</strong></span> <span class='ocrx_word' id='word_1_46' title='bbox 898 1011 1097 1084; x_wconf 87' lang='lat' dir='ltr'><strong>terruerunt,</strong></span> <span class='ocrx_word' id='word_1_47' title='bbox 1131 1002 1254 1088; x_wconf 88' lang='lat' dir='ltr'><strong>quibus</strong></span> <span class='ocrx_word' id='word_1_48' title='bbox 1276 1011 1409 1064; x_wconf 71' lang='lat' dir='ltr'><strong>amamus</strong></span> 
     </span>
     <span class='ocr_line' id='line_1_7' title="bbox 313 1097 1409 1165; baseline 0 -3"><span class='ocrx_word' id='word_1_49' title='bbox 313 1101 347 1162; x_wconf 92' lang='lat' dir='ltr'><strong>in</strong></span> <span class='ocrx_word' id='word_1_50' title='bbox 373 1100 466 1162; x_wconf 88' lang='lat' dir='ltr'><strong>curia</strong></span> <span class='ocrx_word' id='word_1_51' title='bbox 490 1098 634 1162; x_wconf 85' lang='lat' dir='ltr'><strong>luerunt.</strong></span> <span class='ocrx_word' id='word_1_52' title='bbox 660 1151 666 1165; x_wconf 91' lang='lat'><strong>.</strong></span> <span class='ocrx_word' id='word_1_53' title='bbox 692 1147 700 1162; x_wconf 96' lang='lat'><strong>.</strong></span> <span class='ocrx_word' id='word_1_54' title='bbox 726 1147 733 1162; x_wconf 97' lang='lat'><strong>.</strong></span> <span class='ocrx_word' id='word_1_55' title='bbox 760 1097 1136 1165; x_wconf 83' lang='lat' dir='ltr'><strong>Excommunicationes</strong></span> <span class='ocrx_word' id='word_1_56' title='bbox 1158 1110 1285 1165; x_wconf 89' lang='lat' dir='ltr'><strong>tautum</strong></span> <span class='ocrx_word' id='word_1_57' title='bbox 1307 1101 1409 1163; x_wconf 86' lang='lat' dir='ltr'><strong>timent.</strong></span> 
     </span>
     <span class='ocr_line' id='line_1_8' title="bbox 313 1192 1460 1283; baseline 0 -24"><span class='ocrx_word' id='word_1_58' title='bbox 313 1206 476 1282; x_wconf 89' lang='lat' dir='ltr'><strong>quantum</strong></span> <span class='ocrx_word' id='word_1_59' title='bbox 507 1197 686 1276; x_wconf 88' lang='lat' dir='ltr'><strong>infamant,</strong></span> <span class='ocrx_word' id='word_1_60' title='bbox 719 1207 778 1260; x_wconf 88' lang='lat' dir='ltr'><strong>aut</strong></span> <span class='ocrx_word' id='word_1_61' title='bbox 809 1196 930 1261; x_wconf 88' lang='lat' dir='ltr'><strong>damno</strong></span> <span class='ocrx_word' id='word_1_62' title='bbox 962 1197 1136 1283; x_wconf 88' lang='lat' dir='ltr'><strong>temporali</strong></span> <span class='ocrx_word' id='word_1_63' title='bbox 1161 1209 1248 1264; x_wconf 90' lang='lat' dir='ltr'><strong>suut.</strong></span> <span class='ocrx_word' id='word_1_64' title='bbox 1279 1195 1409 1264; x_wconf 88' lang='lat' dir='ltr'><strong>..Ad</strong></span> <span class='ocrx_word' id='word_1_65' title='bbox 1459 1192 1460 1248; x_wconf 77' lang='lat' dir='ltr'><strong>l</strong></span> 
     </span>
     <span class='ocr_line' id='line_1_9' title="bbox 313 1293 1410 1380; baseline -0.004 -22"><span class='ocrx_word' id='word_1_66' title='bbox 313 1293 398 1358; x_wconf 87' lang='lat' dir='ltr'><strong>baec</strong></span> <span class='ocrx_word' id='word_1_67' title='bbox 420 1295 504 1358; x_wconf 83' lang='lat' dir='ltr'><strong>festa</strong></span> <span class='ocrx_word' id='word_1_68' title='bbox 527 1315 644 1380; x_wconf 89' lang='lat' dir='ltr'><strong>parum</strong></span> <span class='ocrx_word' id='word_1_69' title='bbox 669 1293 822 1379; x_wconf 80' lang='lat' dir='ltr'><strong>religiosa</strong></span> <span class='ocrx_word' id='word_1_70' title='bbox 847 1294 1069 1360; x_wconf 85' lang='lat' dir='ltr'><strong>colunt“·etc.</strong></span> <span class='ocrx_word' id='word_1_71' title='bbox 1116 1293 1321 1360; x_wconf 86' lang='lat' dir='ltr'><strong>Similisiere</strong></span> <span class='ocrx_word' id='word_1_72' title='bbox 1342 1293 1410 1357; x_wconf 81' lang='lat' dir='ltr'><strong>ride-</strong></span> 
     </span>
     <span class='ocr_line' id='line_1_10' title="bbox 313 1391 1412 1476; baseline -0.005 -20"><span class='ocrx_word' id='word_1_73' title='bbox 313 1405 368 1457; x_wconf 92' lang='lat' dir='ltr'><strong>tur</strong></span> <span class='ocrx_word' id='word_1_74' title='bbox 398 1413 507 1456; x_wconf 88' lang='lat' dir='ltr'><strong>rerum</strong></span> <span class='ocrx_word' id='word_1_75' title='bbox 537 1401 642 1456; x_wconf 85' lang='lat' dir='ltr'><strong>status</strong></span> <span class='ocrx_word' id='word_1_76' title='bbox 671 1393 773 1456; x_wconf 86' lang='lat' dir='ltr'><strong>luisse</strong></span> <span class='ocrx_word' id='word_1_77' title='bbox 803 1395 838 1456; x_wconf 93' lang='lat' dir='ltr'><strong>in</strong></span> <span class='ocrx_word' id='word_1_78' title='bbox 869 1393 942 1458; x_wconf 87' lang='lat' dir='ltr'><strong>aliis</strong></span> <span class='ocrx_word' id='word_1_79' title='bbox 973 1393 1177 1473; x_wconf 87' lang='lat' dir='ltr'><strong>civitatibus,</strong></span> <span class='ocrx_word' id='word_1_80' title='bbox 1207 1395 1255 1458; x_wconf 87' lang='lat' dir='ltr'><strong>ita</strong></span> <span class='ocrx_word' id='word_1_81' title='bbox 1285 1403 1318 1456; x_wconf 92' lang='lat' dir='ltr'><strong>ut</strong></span> <span class='ocrx_word' id='word_1_82' title='bbox 1340 1391 1412 1476; x_wconf 89' lang='lat' dir='ltr'><strong>lepor</strong></span> 
     </span>
     <span class='ocr_line' id='line_1_11' title="bbox 313 1489 1461 1578; baseline 0 -24"><span class='ocrx_word' id='word_1_83' title='bbox 313 1489 452 1578; x_wconf 90' lang='lat' dir='ltr'><strong>quidam</strong></span> <span class='ocrx_word' id='word_1_84' title='bbox 477 1501 509 1554; x_wconf 88' lang='lat' dir='ltr'><strong>et</strong></span> <span class='ocrx_word' id='word_1_85' title='bbox 531 1489 650 1554; x_wconf 87' lang='lat' dir='ltr'><strong>levitas</strong></span> <span class='ocrx_word' id='word_1_86' title='bbox 676 1511 803 1554; x_wconf 91' lang='lat' dir='ltr'><strong>morum</strong></span> <span class='ocrx_word' id='word_1_87' title='bbox 827 1489 916 1575; x_wconf 88' lang='lat' dir='ltr'><strong>apud</strong></span> <span class='ocrx_word' id='word_1_88' title='bbox 944 1489 1065 1555; x_wconf 88' lang='lat' dir='ltr'><strong>multos</strong></span> <span class='ocrx_word' id='word_1_89' title='bbox 1089 1493 1304 1556; x_wconf 82' lang='lat' dir='ltr'><strong>inveniretur.</strong></span> <span class='ocrx_word' id='word_1_90' title='bbox 1460 1498 1461 1554; x_wconf 85' lang='lat' dir='ltr'><strong>l</strong></span> 
     </span>
    </p>

    <p class='ocr_par' dir='ltr' id='par_1_3' title="bbox 313 1588 1463 2340">
     <span class='ocr_line' id='line_1_12' title="bbox 404 1588 1410 1672; baseline -0.003 -21"><span class='ocrx_word' id='word_1_91' title='bbox 404 1588 561 1652; x_wconf 85' lang='lat' dir='ltr'><strong>Attamen</strong></span> <span class='ocrx_word' id='word_1_92' title='bbox 586 1589 721 1652; x_wconf 91' lang='lat' dir='ltr'><strong>omnino</strong></span> <span class='ocrx_word' id='word_1_93' title='bbox 745 1588 864 1652; x_wconf 83' lang='lat' dir='ltr'><strong>salsum</strong></span> <span class='ocrx_word' id='word_1_94' title='bbox 881 1599 938 1672; x_wconf 89' lang='lat' dir='ltr'><strong>est,</strong></span> <span class='ocrx_word' id='word_1_95' title='bbox 964 1591 1148 1654; x_wconf 83' lang='lat' dir='ltr'><strong>universim</strong></span> <span class='ocrx_word' id='word_1_96' title='bbox 1173 1591 1355 1653; x_wconf 89' lang='lat' dir='ltr'><strong>societatem</strong></span> <span class='ocrx_word' id='word_1_97' title='bbox 1374 1607 1410 1648; x_wconf 85' lang='lat' dir='ltr'><strong>ca·</strong></span> 
     </span>
     <span class='ocr_line' id='line_1_13' title="bbox 313 1685 1409 1771; baseline -0.004 -21"><span class='ocrx_word' id='word_1_98' title='bbox 313 1685 472 1751; x_wconf 92' lang='lat' dir='ltr'><strong>tbolicam</strong></span> <span class='ocrx_word' id='word_1_99' title='bbox 497 1696 685 1771; x_wconf 88' lang='lat' dir='ltr'><strong>corruptam</strong></span> <span class='ocrx_word' id='word_1_100' title='bbox 710 1685 830 1767; x_wconf 82' lang='lat' dir='ltr'><strong>fuisse3</strong></span> <span class='ocrx_word' id='word_1_101' title='bbox 855 1685 977 1751; x_wconf 90' lang='lat' dir='ltr'><strong>adsunt</strong></span> <span class='ocrx_word' id='word_1_102' title='bbox 1000 1689 1089 1751; x_wconf 88' lang='lat' dir='ltr'><strong>enim</strong></span> <span class='ocrx_word' id='word_1_103' title='bbox 1115 1685 1240 1751; x_wconf 84' lang='lat' dir='ltr'><strong>axilla</strong></span> <span class='ocrx_word' id='word_1_104' title='bbox 1263 1697 1361 1750; x_wconf 85' lang='lat' dir='ltr'><strong>aetate</strong></span> <span class='ocrx_word' id='word_1_105' title='bbox 1378 1685 1409 1746; x_wconf 91' lang='lat' dir='ltr'><strong>in·</strong></span> 
     </span>
     <span class='ocr_line' id='line_1_14' title="bbox 314 1783 1462 1870; baseline -0.003 -22"><span class='ocrx_word' id='word_1_106' title='bbox 314 1805 453 1849; x_wconf 90' lang='lat' dir='ltr'><strong>numera</strong></span> <span class='ocrx_word' id='word_1_107' title='bbox 462 1787 634 1866; x_wconf 86' lang='lat' dir='ltr'><strong>virtutum,</strong></span> <span class='ocrx_word' id='word_1_108' title='bbox 652 1785 795 1870; x_wconf 88' lang='lat' dir='ltr'><strong>pietatis,</strong></span> <span class='ocrx_word' id='word_1_109' title='bbox 809 1787 995 1848; x_wconf 84' lang='lat' dir='ltr'><strong>sanctitatis</strong></span> <span class='ocrx_word' id='word_1_110' title='bbox 1007 1784 1172 1870; x_wconf 85' lang='lat' dir='ltr'><strong>exempla.</strong></span> <span class='ocrx_word' id='word_1_111' title='bbox 1196 1783 1407 1868; x_wconf 86' lang='lat' dir='ltr'><strong>Imomajoren</strong></span> <span class='ocrx_word' id='word_1_112' title='bbox 1461 1802 1462 1814; x_wconf 58' lang='lat'>¹</span> 
     </span>
     <span class='ocr_line' id='line_1_15' title="bbox 313 1881 1406 1967; baseline -0.005 -21"><span class='ocrx_word' id='word_1_113' title='bbox 313 1881 553 1967; x_wconf 86' lang='lat' dir='ltr'><strong>religiosorum,</strong></span> <span class='ocrx_word' id='word_1_114' title='bbox 579 1881 877 1946; x_wconf 88' lang='lat' dir='ltr'><strong>ecclesiastieorum</strong></span> <span class='ocrx_word' id='word_1_115' title='bbox 903 1892 936 1946; x_wconf 92' lang='lat' dir='ltr'><strong>et</strong></span> <span class='ocrx_word' id='word_1_116' title='bbox 959 1881 1043 1946; x_wconf 79' lang='lat' dir='ltr'><strong>forte</strong></span> <span class='ocrx_word' id='word_1_117' title='bbox 1066 1885 1167 1947; x_wconf 92' lang='lat' dir='ltr'><strong>etiam</strong></span> <span class='ocrx_word' id='word_1_118' title='bbox 1191 1883 1347 1947; x_wconf 90' lang='lat' dir='ltr'><strong>laicorum</strong></span> <span class='ocrx_word' id='word_1_119' title='bbox 1361 1901 1406 1964; x_wconf 83' lang='lat' dir='ltr'><strong>par·</strong></span> 
     </span>
     <span class='ocr_line' id='line_1_16' title="bbox 313 1977 1403 2067; baseline -0.003 -23"><span class='ocrx_word' id='word_1_120' title='bbox 313 1991 380 2044; x_wconf 92' lang='lat' dir='ltr'><strong>tem</strong></span> <span class='ocrx_word' id='word_1_121' title='bbox 411 2002 586 2046; x_wconf 78' lang='lat' dir='ltr'><strong>censemus</strong></span> <span class='ocrx_word' id='word_1_122' title='bbox 616 1981 738 2045; x_wconf 92' lang='lat' dir='ltr'><strong>bonam</strong></span> <span class='ocrx_word' id='word_1_123' title='bbox 767 1981 869 2044; x_wconf 89' lang='lat' dir='ltr'><strong>fuisse</strong></span> <span class='ocrx_word' id='word_1_124' title='bbox 901 1990 979 2045; x_wconf 87' lang='lat' dir='ltr'><strong>ante</strong></span> <span class='ocrx_word' id='word_1_125' title='bbox 1002 1977 1403 2067; x_wconf 76' lang='lat' dir='ltr'><strong>pseudoreformationaa.²¹</strong></span> 
     </span>
     <span class='ocr_line' id='line_1_17' title="bbox 314 2075 1463 2165; baseline -0.005 -21"><span class='ocrx_word' id='word_1_126' title='bbox 314 2077 380 2144; x_wconf 80' lang='lat' dir='ltr'><strong>Sed</strong></span> <span class='ocrx_word' id='word_1_127' title='bbox 403 2081 460 2165; x_wconf 93' lang='lat' dir='ltr'><strong>qui</strong></span> <span class='ocrx_word' id='word_1_128' title='bbox 487 2080 697 2164; x_wconf 87' lang='lat' dir='ltr'><strong>corruptione</strong></span> <span class='ocrx_word' id='word_1_129' title='bbox 722 2078 835 2142; x_wconf 85' lang='lat' dir='ltr'><strong>infecti</strong></span> <span class='ocrx_word' id='word_1_130' title='bbox 867 2089 971 2160; x_wconf 89' lang='lat' dir='ltr'><strong>erant,</strong></span> <span class='ocrx_word' id='word_1_131' title='bbox 1003 2081 1051 2142; x_wconf 92' lang='lat' dir='ltr'><strong>nti</strong></span> <span class='ocrx_word' id='word_1_132' title='bbox 1084 2099 1216 2165; x_wconf 83' lang='lat' dir='ltr'><strong>semper</strong></span> <span class='ocrx_word' id='word_1_133' title='bbox 1249 2081 1318 2144; x_wconf 87' lang='lat' dir='ltr'><strong>fieri</strong></span> <span class='ocrx_word' id='word_1_134' title='bbox 1344 2075 1401 2140; x_wconf 76' lang='lat' dir='ltr'><strong>solet</strong></span> <span class='ocrx_word' id='word_1_135' title='bbox 1462 2108 1463 2146; x_wconf 59' lang='lat' dir='ltr'><strong>i</strong></span> 
     </span>
     <span class='ocr_line' id='line_1_18' title="bbox 316 2176 1407 2263; baseline -0.001 -23"><span class='ocrx_word' id='word_1_136' title='bbox 316 2178 423 2261; x_wconf 85' lang='lat' dir='ltr'><strong>magis</strong></span> <span class='ocrx_word' id='word_1_137' title='bbox 456 2176 698 2263; x_wconf 89' lang='lat' dir='ltr'><strong>prominebant,</strong></span> <span class='ocrx_word' id='word_1_138' title='bbox 733 2197 811 2240; x_wconf 88' lang='lat' dir='ltr'><strong>mox</strong></span> <span class='ocrx_word' id='word_1_139' title='bbox 844 2187 1020 2242; x_wconf 83' lang='lat' dir='ltr'><strong>novatores</strong></span> <span class='ocrx_word' id='word_1_140' title='bbox 1044 2179 1148 2241; x_wconf 90' lang='lat' dir='ltr'><strong>secuti</strong></span> <span class='ocrx_word' id='word_1_141' title='bbox 1174 2178 1407 2244; x_wconf 78' lang='lat' dir='ltr'><strong>defeceruutu</strong></span> 
     </span>
     <span class='ocr_line' id='line_1_19' title="bbox 315 2273 961 2340; baseline 0.006 -4"><span class='ocrx_word' id='word_1_142' title='bbox 315 2275 467 2339; x_wconf 87' lang='lat' dir='ltr'><strong>incautas</strong></span> <span class='ocrx_word' id='word_1_143' title='bbox 490 2273 721 2339; x_wconf 88' lang='lat' dir='ltr'><strong>multitudines</strong></span> <span class='ocrx_word' id='word_1_144' title='bbox 745 2273 961 2340; x_wconf 85' lang='lat' dir='ltr'><strong>seduxerunt.</strong></span> 
     </span>
    </p>
   </div>
   <div class='ocr_carea' id='block_1_3' title="bbox 151 2387 1464 3751">
    <p class='ocr_par' dir='ltr' id='par_1_4' title="bbox 152 2387 1410 2476">
     <span class='ocr_line' id='line_1_20' title="bbox 152 2387 1410 2476; baseline -0.003 -25"><span class='ocrx_word' id='word_1_145' title='bbox 152 2402 293 2451; x_wconf 65' lang='lat' dir='ltr'><strong>Aristonis·</strong></span> <span class='ocrx_word' id='word_1_146' title='bbox 406 2390 457 2454; x_wconf 80' lang='lat'><strong>79.</strong></span> <span class='ocrx_word' id='word_1_147' title='bbox 505 2389 543 2454; x_wconf 80' lang='lat'><strong>5⁰</strong></span> <span class='ocrx_word' id='word_1_148' title='bbox 567 2391 813 2476; x_wconf 74' lang='lat' dir='ltr'><strong>Autopoaiemus</strong></span> <span class='ocrx_word' id='word_1_149' title='bbox 837 2400 867 2453; x_wconf 84' lang='lat' dir='ltr'><strong>at</strong></span> <span class='ocrx_word' id='word_1_150' title='bbox 885 2387 973 2453; x_wconf 82' lang='lat' dir='ltr'><strong>lucta</strong></span> <span class='ocrx_word' id='word_1_151' title='bbox 996 2389 1161 2455; x_wconf 85' lang='lat' dir='ltr'><strong>existebat</strong></span> <span class='ocrx_word' id='word_1_152' title='bbox 1177 2391 1266 2454; x_wconf 89' lang='lat' dir='ltr'><strong>inter</strong></span> <span class='ocrx_word' id='word_1_153' title='bbox 1280 2387 1410 2476; x_wconf 85' lang='lat' dir='ltr'><strong>praelatos</strong></span> 
     </span>
    </p>

    <p class='ocr_par' dir='ltr' id='par_1_5' title="bbox 151 2473 1464 3751">
     <span class='ocr_line' id='line_1_21' title="bbox 151 2473 1464 2573; baseline -0.008 -20"><span class='ocrx_word' id='word_1_154' title='bbox 151 2473 297 2568; x_wconf 49' lang='lat' dir='ltr'><strong>mgissifff&#39;</strong></span> <span class='ocrx_word' id='word_1_155' title='bbox 315 2497 347 2552; x_wconf 88' lang='lat' dir='ltr'><strong>et</strong></span> <span class='ocrx_word' id='word_1_156' title='bbox 377 2490 530 2552; x_wconf 87' lang='lat' dir='ltr'><strong>civitates</strong></span> <span class='ocrx_word' id='word_1_157' title='bbox 559 2490 607 2551; x_wconf 90' lang='lat' dir='ltr'><strong>eis</strong></span> <span class='ocrx_word' id='word_1_158' title='bbox 638 2487 815 2570; x_wconf 85' lang='lat' dir='ltr'><strong>subjectas,</strong></span> <span class='ocrx_word' id='word_1_159' title='bbox 847 2509 949 2573; x_wconf 89' lang='lat' dir='ltr'><strong>quum</strong></span> <span class='ocrx_word' id='word_1_160' title='bbox 975 2489 1138 2569; x_wconf 86' lang='lat' dir='ltr'><strong>civitates,</strong></span> <span class='ocrx_word' id='word_1_161' title='bbox 1168 2509 1257 2573; x_wconf 88' lang='lat' dir='ltr'><strong>quae</strong></span> <span class='ocrx_word' id='word_1_162' title='bbox 1281 2485 1409 2573; x_wconf 87' lang='lat' dir='ltr'><strong>paulatin</strong></span> <span class='ocrx_word' id='word_1_163' title='bbox 1463 2549 1464 2566; x_wconf 12' lang='grc' dir='ltr'>χ</span> 
     </span>
     <span class='ocr_line' id='line_1_22' title="bbox 315 2583 1412 2672; baseline -0.007 -23"><span class='ocrx_word' id='word_1_164' title='bbox 315 2585 358 2650; x_wconf 85' lang='lat' dir='ltr'><strong>ad</strong></span> <span class='ocrx_word' id='word_1_165' title='bbox 391 2607 546 2671; x_wconf 85' lang='lat' dir='ltr'><strong>magnam</strong></span> <span class='ocrx_word' id='word_1_166' title='bbox 585 2595 807 2671; x_wconf 88' lang='lat' dir='ltr'><strong>pervenerant</strong></span> <span class='ocrx_word' id='word_1_167' title='bbox 844 2588 1025 2670; x_wconf 89' lang='lat' dir='ltr'><strong>potentiam</strong></span> <span class='ocrx_word' id='word_1_168' title='bbox 1061 2585 1258 2672; x_wconf 88' lang='lat' dir='ltr'><strong>amplasque</strong></span> <span class='ocrx_word' id='word_1_169' title='bbox 1296 2583 1412 2656; x_wconf 79' lang='lat' dir='ltr'><strong>divitias,</strong></span> 
     </span>
     <span class='ocr_line' id='line_1_23' title="bbox 309 2681 1412 2778; baseline -0.004 -32"><span class='ocrx_word' id='word_1_170' title='bbox 309 2684 444 2778; x_wconf 88' lang='lat' dir='ltr'><strong>juribus</strong></span> <span class='ocrx_word' id='word_1_171' title='bbox 476 2685 706 2770; x_wconf 83' lang='lat' dir='ltr'><strong>episcoporum</strong></span> <span class='ocrx_word' id='word_1_172' title='bbox 738 2681 949 2769; x_wconf 88' lang='lat' dir='ltr'><strong>aliorumque·</strong></span> <span class='ocrx_word' id='word_1_173' title='bbox 983 2683 1204 2768; x_wconf 87' lang='lat' dir='ltr'><strong>praelatorum</strong></span> <span class='ocrx_word' id='word_1_174' title='bbox 1241 2685 1412 2748; x_wconf 83' lang='lat' dir='ltr'><strong>resisterent.</strong></span> 
     </span>
     <span class='ocr_line' id='line_1_24' title="bbox 315 2780 1413 2868; baseline -0.009 -22"><span class='ocrx_word' id='word_1_175' title='bbox 315 2792 349 2846; x_wconf 88' lang='lat' dir='ltr'><strong>et</strong></span> <span class='ocrx_word' id='word_1_176' title='bbox 388 2780 685 2868; x_wconf 89' lang='lat' dir='ltr'><strong>independentiam</strong></span> <span class='ocrx_word' id='word_1_177' title='bbox 728 2803 884 2866; x_wconf 89' lang='lat' dir='ltr'><strong>maguam</strong></span> <span class='ocrx_word' id='word_1_178' title='bbox 925 2781 987 2847; x_wconf 90' lang='lat' dir='ltr'><strong>sibi</strong></span> <span class='ocrx_word' id='word_1_179' title='bbox 1035 2782 1206 2846; x_wconf 89' lang='lat' dir='ltr'><strong>vindicare</strong></span> <span class='ocrx_word' id='word_1_180' title='bbox 1247 2785 1413 2846; x_wconf 84' lang='lat' dir='ltr'><strong>niterentur.</strong></span> 
     </span>
     <span class='ocr_line' id='line_1_25' title="bbox 315 2879 1413 2962; baseline -0.008 -17"><span class='ocrx_word' id='word_1_181' title='bbox 315 2880 467 2946; x_wconf 89' lang='lat' dir='ltr'><strong>Dissidia</strong></span> <span class='ocrx_word' id='word_1_182' title='bbox 498 2881 560 2944; x_wconf 90' lang='lat' dir='ltr'><strong>ista</strong></span> <span class='ocrx_word' id='word_1_183' title='bbox 591 2880 634 2944; x_wconf 88' lang='lat' dir='ltr'><strong>ad</strong></span> <span class='ocrx_word' id='word_1_184' title='bbox 659 2879 879 2944; x_wconf 85' lang='lat' dir='ltr'><strong>defectionem</strong></span> <span class='ocrx_word' id='word_1_185' title='bbox 905 2881 1057 2944; x_wconf 84' lang='lat' dir='ltr'><strong>civitates</strong></span> <span class='ocrx_word' id='word_1_186' title='bbox 1089 2879 1305 2944; x_wconf 89' lang='lat' dir='ltr'><strong>reddiderunt</strong></span> <span class='ocrx_word' id='word_1_187' title='bbox 1330 2895 1413 2962; x_wconf 88' lang='lat' dir='ltr'><strong>prom·</strong></span> 
     </span>
     <span class='ocr_line' id='line_1_26' title="bbox 315 2971 1413 3066; baseline -0.007 -24"><span class='ocrx_word' id='word_1_188' title='bbox 315 2981 447 3066; x_wconf 89' lang='lat' dir='ltr'><strong>ptiores.</strong></span> <span class='ocrx_word' id='word_1_189' title='bbox 472 3017 515 3026; x_wconf 92' lang='lat'><em>-</em></span> <span class='ocrx_word' id='word_1_190' title='bbox 539 2977 675 3045; x_wconf 87' lang='lat' dir='ltr'><strong>Nobiles</strong></span> <span class='ocrx_word' id='word_1_191' title='bbox 698 2979 822 3064; x_wconf 87' lang='lat' dir='ltr'><strong>pariter</strong></span> <span class='ocrx_word' id='word_1_192' title='bbox 846 2978 1078 3042; x_wconf 85' lang='lat' dir='ltr'><strong>infensierant</strong></span> <span class='ocrx_word' id='word_1_193' title='bbox 1095 2979 1271 3064; x_wconf 87' lang='lat' dir='ltr'><strong>episcopis,</strong></span> <span class='ocrx_word' id='word_1_194' title='bbox 1296 2999 1330 3040; x_wconf 86' lang='lat' dir='ltr'><strong>eo</strong></span> <span class='ocrx_word' id='word_1_195' title='bbox 1345 2971 1413 3060; x_wconf 90' lang='lat' dir='ltr'><strong>quod</strong></span> 
     </span>
     <span class='ocr_line' id='line_1_27' title="bbox 315 3073 1413 3161; baseline -0.007 -20"><span class='ocrx_word' id='word_1_196' title='bbox 315 3074 531 3142; x_wconf 87' lang='lat' dir='ltr'><strong>ecclesiastici</strong></span> <span class='ocrx_word' id='word_1_197' title='bbox 557 3077 703 3140; x_wconf 84' lang='lat' dir='ltr'><strong>maxime</strong></span> <span class='ocrx_word' id='word_1_198' title='bbox 727 3096 840 3139; x_wconf 91' lang='lat' dir='ltr'><strong>eorum</strong></span> <span class='ocrx_word' id='word_1_199' title='bbox 864 3077 991 3161; x_wconf 86' lang='lat' dir='ltr'><strong>rapinis</strong></span> <span class='ocrx_word' id='word_1_200' title='bbox 1015 3085 1047 3140; x_wconf 88' lang='lat' dir='ltr'><strong>et</strong></span> <span class='ocrx_word' id='word_1_201' title='bbox 1070 3073 1176 3140; x_wconf 89' lang='lat' dir='ltr'><strong>turbis</strong></span> <span class='ocrx_word' id='word_1_202' title='bbox 1204 3075 1361 3141; x_wconf 89' lang='lat' dir='ltr'><strong>bellicosis</strong></span> <span class='ocrx_word' id='word_1_203' title='bbox 1379 3091 1413 3133; x_wconf 84' lang='lat' dir='ltr'><strong>re·</strong></span> 
     </span>
     <span class='ocr_line' id='line_1_28' title="bbox 314 3171 1412 3260; baseline -0.01 -21"><span class='ocrx_word' id='word_1_204' title='bbox 314 3176 477 3253; x_wconf 88' lang='lat' dir='ltr'><strong>sisterent,</strong></span> <span class='ocrx_word' id='word_1_205' title='bbox 503 3185 536 3238; x_wconf 91' lang='lat' dir='ltr'><strong>ct</strong></span> <span class='ocrx_word' id='word_1_206' title='bbox 558 3173 600 3238; x_wconf 89' lang='lat' dir='ltr'><strong>ad</strong></span> <span class='ocrx_word' id='word_1_207' title='bbox 625 3173 823 3238; x_wconf 89' lang='lat' dir='ltr'><strong>servandam</strong></span> <span class='ocrx_word' id='word_1_208' title='bbox 841 3195 957 3258; x_wconf 87' lang='lat' dir='ltr'><strong>pacem</strong></span> <span class='ocrx_word' id='word_1_209' title='bbox 972 3173 1107 3260; x_wconf 87' lang='lat' dir='ltr'><strong>imperii</strong></span> <span class='ocrx_word' id='word_1_210' title='bbox 1132 3173 1193 3239; x_wconf 90' lang='lat' dir='ltr'><strong>sub</strong></span> <span class='ocrx_word' id='word_1_211' title='bbox 1206 3171 1412 3238; x_wconf 83' lang='lat' dir='ltr'><strong>Maximillam</strong></span> 
     </span>
     <span class='ocr_line' id='line_1_29' title="bbox 315 3263 1411 3356; baseline -0.011 -19"><span class='ocrx_word' id='word_1_212' title='bbox 315 3270 506 3337; x_wconf 88' lang='lat' dir='ltr'><strong>conclusam</strong></span> <span class='ocrx_word' id='word_1_213' title='bbox 531 3294 586 3336; x_wconf 90' lang='lat' dir='ltr'><strong>eos</strong></span> <span class='ocrx_word' id='word_1_214' title='bbox 609 3271 791 3356; x_wconf 86' lang='lat' dir='ltr'><strong>adigerent.</strong></span> <span class='ocrx_word' id='word_1_215' title='bbox 839 3273 877 3335; x_wconf 89' lang='lat' dir='ltr'><strong>lu</strong></span> <span class='ocrx_word' id='word_1_216' title='bbox 910 3271 1124 3336; x_wconf 90' lang='lat' dir='ltr'><strong>multitudine</strong></span> <span class='ocrx_word' id='word_1_217' title='bbox 1153 3281 1264 3337; x_wconf 88' lang='lat' dir='ltr'><strong>autem</strong></span> <span class='ocrx_word' id='word_1_218' title='bbox 1290 3263 1411 3356; x_wconf 87' lang='lat' dir='ltr'><strong>populari</strong></span> 
     </span>
     <span class='ocr_line' id='line_1_30' title="bbox 315 3367 1413 3455; baseline -0.012 -20"><span class='ocrx_word' id='word_1_219' title='bbox 315 3383 386 3435; x_wconf 90' lang='lat' dir='ltr'><strong>tum</strong></span> <span class='ocrx_word' id='word_1_220' title='bbox 418 3372 593 3434; x_wconf 88' lang='lat' dir='ltr'><strong>civitatum</strong></span> <span class='ocrx_word' id='word_1_221' title='bbox 617 3380 687 3433; x_wconf 91' lang='lat' dir='ltr'><strong>tum</strong></span> <span class='ocrx_word' id='word_1_222' title='bbox 711 3371 798 3433; x_wconf 90' lang='lat' dir='ltr'><strong>ruris</strong></span> <span class='ocrx_word' id='word_1_223' title='bbox 822 3379 931 3434; x_wconf 88' lang='lat' dir='ltr'><strong>aestus</strong></span> <span class='ocrx_word' id='word_1_224' title='bbox 955 3367 1092 3455; x_wconf 91' lang='lat' dir='ltr'><strong>qnidam</strong></span> <span class='ocrx_word' id='word_1_225' title='bbox 1121 3367 1282 3434; x_wconf 85' lang='lat' dir='ltr'><strong>libertatis</strong></span> <span class='ocrx_word' id='word_1_226' title='bbox 1305 3375 1413 3432; x_wconf 78' lang='lat' dir='ltr'><strong>exortu</strong></span> 
     </span>
     <span class='ocr_line' id='line_1_31' title="bbox 315 3465 1410 3553; baseline -0.008 -21"><span class='ocrx_word' id='word_1_227' title='bbox 315 3478 396 3550; x_wconf 91' lang='lat' dir='ltr'><strong>erat,</strong></span> <span class='ocrx_word' id='word_1_228' title='bbox 427 3481 460 3532; x_wconf 87' lang='lat' dir='ltr'><strong>et</strong></span> <span class='ocrx_word' id='word_1_229' title='bbox 491 3489 566 3533; x_wconf 90' lang='lat' dir='ltr'><strong>cum</strong></span> <span class='ocrx_word' id='word_1_230' title='bbox 598 3467 763 3532; x_wconf 86' lang='lat' dir='ltr'><strong>desiderio</strong></span> <span class='ocrx_word' id='word_1_231' title='bbox 796 3465 1078 3553; x_wconf 89' lang='lat' dir='ltr'><strong>independentiae</strong></span> <span class='ocrx_word' id='word_1_232' title='bbox 1103 3466 1212 3532; x_wconf 85' lang='lat' dir='ltr'><strong>civilis</strong></span> <span class='ocrx_word' id='word_1_233' title='bbox 1237 3487 1314 3531; x_wconf 85' lang='lat' dir='ltr'><strong>mox</strong></span> <span class='ocrx_word' id='word_1_234' title='bbox 1335 3465 1410 3528; x_wconf 84' lang='lat' dir='ltr'><strong>etiam</strong></span> 
     </span>
     <span class='ocr_line' id='line_1_32' title="bbox 315 3563 1411 3653; baseline -0.006 -23"><span class='ocrx_word' id='word_1_235' title='bbox 315 3567 487 3633; x_wconf 88' lang='lat' dir='ltr'><strong>tendentia</strong></span> <span class='ocrx_word' id='word_1_236' title='bbox 511 3566 675 3653; x_wconf 88' lang='lat' dir='ltr'><strong>quaedam</strong></span> <span class='ocrx_word' id='word_1_237' title='bbox 700 3565 743 3630; x_wconf 93' lang='lat' dir='ltr'><strong>ad</strong></span> <span class='ocrx_word' id='word_1_238' title='bbox 768 3565 1063 3650; x_wconf 88' lang='lat' dir='ltr'><strong>independentiam</strong></span> <span class='ocrx_word' id='word_1_239' title='bbox 1087 3567 1122 3630; x_wconf 92' lang='lat' dir='ltr'><strong>in</strong></span> <span class='ocrx_word' id='word_1_240' title='bbox 1137 3587 1172 3629; x_wconf 92' lang='lat' dir='ltr'><strong>re</strong></span> <span class='ocrx_word' id='word_1_241' title='bbox 1192 3563 1340 3650; x_wconf 85' lang='lat' dir='ltr'><strong>religiosa</strong></span> <span class='ocrx_word' id='word_1_242' title='bbox 1360 3579 1411 3622; x_wconf 75' lang='lat' dir='ltr'><strong>sese</strong></span> 
     </span>
     <span class='ocr_line' id='line_1_33' title="bbox 310 3662 1410 3751; baseline -0.011 -22"><span class='ocrx_word' id='word_1_243' title='bbox 310 3665 436 3751; x_wconf 86' lang='lat' dir='ltr'><strong>junxit,</strong></span> <span class='ocrx_word' id='word_1_244' title='bbox 462 3675 562 3751; x_wconf 88' lang='lat' dir='ltr'><strong>atque</strong></span> <span class='ocrx_word' id='word_1_245' title='bbox 579 3665 625 3727; x_wconf 89' lang='lat' dir='ltr'><strong>ita</strong></span> <span class='ocrx_word' id='word_1_246' title='bbox 641 3686 744 3750; x_wconf 87' lang='lat' dir='ltr'><strong>quum</strong></span> <span class='ocrx_word' id='word_1_247' title='bbox 762 3663 1119 3749; x_wconf 87' lang='lat' dir='ltr'><strong>pseudoreformatores</strong></span> <span class='ocrx_word' id='word_1_248' title='bbox 1140 3662 1321 3727; x_wconf 89' lang='lat' dir='ltr'><strong>libertatem</strong></span> <span class='ocrx_word' id='word_1_249' title='bbox 1337 3679 1410 3722; x_wconf 77' lang='lat' dir='ltr'><strong>evau-</strong></span> 
     </span>
    </p>
   </div>
   <div class='ocr_carea' id='block_1_4' title="bbox 315 3755 1360 3848">
    <p class='ocr_par' dir='ltr' id='par_1_6' title="bbox 315 3755 1360 3848">
     <span class='ocr_line' id='line_1_34' title="bbox 315 3755 1360 3848; baseline -0.004 -21"><span class='ocrx_word' id='word_1_250' title='bbox 315 3761 456 3848; x_wconf 87' lang='lat' dir='ltr'><strong>gelicam</strong></span> <span class='ocrx_word' id='word_1_251' title='bbox 481 3765 728 3842; x_wconf 87' lang='lat' dir='ltr'><strong>annuntiarent,</strong></span> <span class='ocrx_word' id='word_1_252' title='bbox 753 3765 856 3827; x_wconf 88' lang='lat' dir='ltr'><strong>animi</strong></span> <span class='ocrx_word' id='word_1_253' title='bbox 881 3761 1098 3826; x_wconf 89' lang='lat' dir='ltr'><strong>vehementer</strong></span> <span class='ocrx_word' id='word_1_254' title='bbox 1119 3761 1226 3826; x_wconf 86' lang='lat' dir='ltr'><strong>allecti</strong></span> <span class='ocrx_word' id='word_1_255' title='bbox 1250 3755 1360 3840; x_wconf 60' lang='lat' dir='ltr'><strong>eunti)</strong></span> 
     </span>
    </p>
   </div>
   <div class='ocr_carea' id='block_1_5' title="bbox 316 3987 1411 4311">
    <p class='ocr_par' dir='ltr' id='par_1_7' title="bbox 316 3987 1410 4154">
     <span class='ocr_line' id='line_1_35' title="bbox 394 3987 1410 4074; baseline -0.011 -17"><span class='ocrx_word' id='word_1_256' title='bbox 394 4004 413 4074; x_wconf 86' lang='lat'><strong>¹)</strong></span> <span class='ocrx_word' id='word_1_257' title='bbox 434 4005 474 4057; x_wconf 87' lang='lat' dir='ltr'><strong>De</strong></span> <span class='ocrx_word' id='word_1_258' title='bbox 493 4002 647 4057; x_wconf 88' lang='lat' dir='ltr'><strong>conditione</strong></span> <span class='ocrx_word' id='word_1_259' title='bbox 665 4002 805 4056; x_wconf 82' lang='lat' dir='ltr'><strong>societatis</strong></span> <span class='ocrx_word' id='word_1_260' title='bbox 825 4001 852 4056; x_wconf 91' lang='lat' dir='ltr'><strong>in</strong></span> <span class='ocrx_word' id='word_1_261' title='bbox 867 4001 1014 4055; x_wconf 89' lang='lat' dir='ltr'><strong>Germania</strong></span> <span class='ocrx_word' id='word_1_262' title='bbox 1026 4015 1120 4055; x_wconf 83' lang='lat' dir='ltr'><strong>versus</strong></span> <span class='ocrx_word' id='word_1_263' title='bbox 1133 3999 1212 4054; x_wconf 87' lang='lat' dir='ltr'><strong>finem</strong></span> <span class='ocrx_word' id='word_1_264' title='bbox 1224 3997 1320 4052; x_wconf 85' lang='lat' dir='ltr'><strong>saeculi</strong></span> <span class='ocrx_word' id='word_1_265' title='bbox 1337 3987 1410 4046; x_wconf 77' lang='lat' dir='ltr'><strong>dauni</strong></span> 
     </span>
     <span class='ocr_line' id='line_1_36' title="bbox 316 4079 1234 4154; baseline -0.009 -13"><span class='ocrx_word' id='word_1_266' title='bbox 316 4087 415 4154; x_wconf 85' lang='lat' dir='ltr'><strong>quinti,</strong></span> <span class='ocrx_word' id='word_1_267' title='bbox 435 4083 485 4139; x_wconf 86' lang='lat' dir='ltr'><strong>cir.</strong></span> <span class='ocrx_word' id='word_1_268' title='bbox 504 4083 607 4138; x_wconf 85' lang='lat' dir='ltr'><strong>Jansen</strong></span> <span class='ocrx_word' id='word_1_269' title='bbox 626 4082 787 4136; x_wconf 87' lang='lat' dir='ltr'><strong>Gescbicbte</strong></span> <span class='ocrx_word' id='word_1_270' title='bbox 805 4082 852 4136; x_wconf 88' lang='lat' dir='ltr'><strong>des</strong></span> <span class='ocrx_word' id='word_1_271' title='bbox 871 4081 1018 4136; x_wconf 87' lang='lat' dir='ltr'><strong>deutschen</strong></span> <span class='ocrx_word' id='word_1_272' title='bbox 1037 4081 1146 4144; x_wconf 85' lang='lat' dir='ltr'><strong>Volkes,</strong></span> <span class='ocrx_word' id='word_1_273' title='bbox 1163 4079 1195 4135; x_wconf 83' lang='grc' dir='ltr'><strong>Τ.</strong></span> <span class='ocrx_word' id='word_1_274' title='bbox 1214 4079 1234 4134; x_wconf 84' lang='grc' dir='ltr'><strong>Ι.</strong></span> 
     </span>
    </p>

    <p class='ocr_par' dir='ltr' id='par_1_8' title="bbox 317 4157 1411 4311">
     <span class='ocr_line' id='line_1_37' title="bbox 391 4157 1411 4236; baseline -0.008 -19"><span class='ocrx_word' id='word_1_275' title='bbox 391 4167 412 4236; x_wconf 82' lang='grc'><strong>·-)</strong></span> <span class='ocrx_word' id='word_1_276' title='bbox 432 4165 541 4218; x_wconf 86' lang='lat' dir='ltr'><strong>Statum</strong></span> <span class='ocrx_word' id='word_1_277' title='bbox 560 4162 722 4217; x_wconf 81' lang='lat' dir='ltr'><strong>Germaniae</strong></span> <span class='ocrx_word' id='word_1_278' title='bbox 750 4163 890 4216; x_wconf 84' lang='lat' dir='ltr'><strong>turbatum</strong></span> <span class='ocrx_word' id='word_1_279' title='bbox 918 4161 1117 4228; x_wconf 83' lang='lat' dir='ltr'><strong>discordiasque</strong></span> <span class='ocrx_word' id='word_1_280' title='bbox 1144 4165 1173 4214; x_wconf 90' lang='lat' dir='ltr'><strong>ct</strong></span> <span class='ocrx_word' id='word_1_281' title='bbox 1200 4157 1345 4212; x_wconf 72' lang='lat' dir='ltr'><strong>simultates</strong></span> <span class='ocrx_word' id='word_1_282' title='bbox 1360 4161 1411 4218; x_wconf 70' lang='lat' dir='ltr'><strong>quse</strong></span> 
     </span>
     <span class='ocr_line' id='line_1_38' title="bbox 317 4233 1410 4311; baseline -0.012 -9"><span class='ocrx_word' id='word_1_283' title='bbox 317 4247 352 4301; x_wconf 90' lang='lat' dir='ltr'><strong>ad</strong></span> <span class='ocrx_word' id='word_1_284' title='bbox 380 4244 560 4301; x_wconf 84' lang='lat' dir='ltr'><strong>deiectionem</strong></span> <span class='ocrx_word' id='word_1_285' title='bbox 589 4243 623 4296; x_wconf 87' lang='lat' dir='ltr'><strong>ab</strong></span> <span class='ocrx_word' id='word_1_286' title='bbox 642 4242 764 4297; x_wconf 79' lang='lat' dir='ltr'><strong>Ecclesia</strong></span> <span class='ocrx_word' id='word_1_287' title='bbox 791 4241 970 4311; x_wconf 66' lang='lat' dir='ltr'><strong>deponebant</strong></span> <span class='ocrx_word' id='word_1_288' title='bbox 997 4241 1065 4296; x_wconf 88' lang='lat' dir='ltr'><strong>bene</strong></span> <span class='ocrx_word' id='word_1_289' title='bbox 1092 4238 1221 4294; x_wconf 85' lang='lat' dir='ltr'><strong>describit</strong></span> <span class='ocrx_word' id='word_1_290' title='bbox 1238 4235 1325 4293; x_wconf 75' lang='lat' dir='ltr'><strong>litter</strong></span> <span class='ocrx_word' id='word_1_291' title='bbox 1343 4233 1410 4298; x_wconf 60' lang='lat' dir='ltr'><strong>Porti</strong></span> 
     </span>
    </p>
   </div>
   <div class='ocr_carea' id='block_1_6' title="bbox 0 0 1488 4838">
    <p class='ocr_par' dir='ltr' id='par_1_9' title="bbox 0 0 1488 4838">
     <span class='ocr_line' id='line_1_39' title="bbox 0 0 1488 4838; baseline 0 0"><span class='ocrx_word' id='word_1_292' title='bbox 0 0 1488 4838; x_wconf 95' lang='lat' dir='ltr'><strong> </strong></span> 
     </span>
    </p>
   </div>
  </div>
 </body>
</html>
