2964 4838
520 481 586 536 Plus
604 481 640 536 Il.
1093 481 1146 536 419

36 626 108 692 nihil
137 629 179 691 sit
207 626 443 713 inquirendum
474 624 562 711 quod
593 625 636 690 ad
666 625 908 710 amplissimum
934 627 1043 689 virum
1073 646 1146 711 per-

34 728 134 806 tineat,
158 727 306 809 ingenio,
332 723 488 805 moribus,
513 722 660 804 solertia,
684 723 854 808 religione,
880 722 1050 805 modestia,
1074 727 1148 808 grass

36 825 156 888 vitate.“
206 823 318 902 Quum
351 821 433 886 adeo
474 821 529 885 hic
562 819 750 886 Cardinalis
785 819 960 886 excelleret
990 820 1146 902 moribus,

35 943 164 986 coaevos
195 943 261 985 non
294 919 449 1000 offendit,
482 919 570 1006 quod
589 919 705 1004 junior
728 920 825 982 annis
849 916 1037 982 Cardinalis
1062 941 1148 982 crea·

35 1031 78 1082 tus
100 1027 164 1093 est;
189 1017 244 1082 bic
269 1027 301 1082 et
323 1030 437 1103 postea
460 1017 592 1098 meruit,
617 1027 654 1080 ut
677 1017 711 1080 iu
735 1015 930 1082 Pontificem
956 1017 1066 1099 (Pium
1082 1016 1148 1098 III)

34 1115 207 1200 eligeretur.
254 1115 365 1180 Etiam
402 1113 468 1179 alia
506 1136 591 1201 quae
630 1113 709 1178 Pius
742 1113 776 1178 II
814 1135 873 1199 pro
912 1113 1149 1200 amplificanda

34 1213 149 1278 familia
173 1213 261 1296 secit,
285 1212 456 1278 Ecclesiae
471 1212 575 1284 ,utilia
598 1211 696 1276 simul
719 1212 863 1278 fuerunt.

115 1313 165 1376 17.
203 1309 315 1392 Quum
351 1311 431 1375 Pius
462 1309 496 1374 ll
536 1309 611 1374 talis
646 1320 733 1374 esset
766 1320 798 1373 et
836 1319 947 1375 tantus
981 1310 1305 1401 Pontifex,‚ruueuas

35 1407 202 1472 discrimen
263 1418 374 1472 tamen
434 1407 530 1474 facile
592 1406 869 1472 animadvertitur
911 1409 998 1473 iuter
1040 1410 1147 1494 ipsum
1210 1401 1268 1450 ¹⁹¹⁰·

35 1519 62 1568 et
82 1528 218 1590 magnos
242 1505 314 1571 illos
329 1505 515 1588 Pontifices,
541 1506 597 1590 qni
613 1503 753 1570 saeculis
768 1503 828 1585 XI,
853 1505 932 1586 XII,
957 1505 1043 1570 XIII
1065 1507 1149 1570 varii

35 1603 217 1686 floruerunt,
243 1605 366 1689 quique
391 1604 515 1668 severis
530 1602 607 1666 inde
623 1625 644 1667 a
661 1603 838 1689 juventute
855 1601 974 1668 imbuti
992 1605 1149 1685 moribus,

32 1704 163 1766 scientia
195 1704 295 1767 etiam
327 1723 443 1766 severa
474 1699 659 1785 theologica
699 1701 808 1786 potius
839 1699 1021 1765 floruerunt
1050 1723 1150 1787 quam

32 1799 157 1882 gentili,
189 1822 229 1863 ac
253 1821 369 1864 severa
393 1799 537 1886 quadam
562 1797 725 1885 dignitate
757 1809 793 1862 ut
816 1798 994 1866 Pontifices
1018 1800 1162 1885 effulge'

34 1897 115 1963 bant.
163 1899 341 1964 Caeterum
374 1897 597 1964 conveniebat
624 1898 684 1962 Pio
708 1897 742 1962 11
773 1897 917 1982 elogium
948 1898 1030 1964 illud
1062 1899 1151 1986 quod

34 1997 57 2057 ei
81 1996 198 2060 tribuit
213 1994 365 2062 Barletus
389 1998 423 2060 in
447 1995 526 2060 Vita
551 1993 788 2080 Scanderbegi,
814 1995 908 2060 ducis
932 1996 1097 2064 Albaniae
1120 2007 1152 2062 et

34 2093 210 2159 Turcarum
243 2094 424 2160 adversarii
450 2095 585 2158 invicti:
620 2095 782 2178 „Magnus
812 2095 958 2179 prosectu
989 2107 1021 2158 et
1044 2095 1152 2160 clarus

33 2191 198 2273 Pontifex3
236 2194 434 2278 contempsit
457 2193 634 2278 pecunias,
668 2192 824 2256 virtutem
849 2194 999 2278 apprime
1023 2192 1151 2276 dilexit,

34 2311 132 2376 neque
157 2289 314 2355 secundis
337 2289 436 2354 rebus
461 2291 628 2370 intumuit,
653 2311 760 2375 neque
785 2289 962 2355 succubuit
984 2291 1151 2374 adversim

34 2409 133 2473 neque
166 2409 242 2472 spes
279 2390 309 2451 ei
340 2390 520 2473 gaudium,
556 2409 664 2472 neque
705 2397 812 2451 metus
849 2389 1016 2452 tristitiam
1047 2391 1151 2453 auxit.

35 2485 127 2550 l’otus
152 2487 288 2571 cibique
310 2488 542 2571 parcissimum
572 2484 674 2548 fuisse
698 2485 849 2567 tradunt3
883 2485 999 2551 divina
1022 2486 1154 2572 templis

35 2583 135 2648 officia
166 2584 288 2648 diurna
318 2594 545 2670 nocturnaque
575 2604 740 2668 nusquam
772 2583 965 2668 neglexisse.
1012 2584 1154 2670 Pompas

34 2682 150 2746 saeculi
174 2681 315 2764 fugerat,
340 2681 529 2746 calcaverat
543 2683 730 2762 avaritiam,
754 2680 927 2746 libidinem
945 2683 1151 2767 subegerat.“

36 2777 139 2858 Quum
166 2779 336 2865 expeditio
361 2792 476 2845 contra
499 2779 626 2844 Turcas
650 2781 743 2844 irrita
766 2780 853 2844 fucta
877 2791 976 2863 esset,
1000 2803 1043 2844 ex
1067 2779 1153 2845 malo
1217 2865 1224 2872 ι

36 2881 121 2942 exitu
146 2880 247 2944 etiam
274 2878 448 2944 consilium
466 2879 516 2943 Pii
542 2879 743 2942 damnarunt
766 2880 849 2942 varii
875 2888 911 2942 ut
931 2881 1152 2960 temerarium,

34 2987 62 3039 et
91 2976 278 3042 calumnias
309 2990 517 3062 sparserunt,
551 2999 590 3042 ac
622 2978 647 3039 si
674 2975 727 3040 vol
751 2977 860 3061 ipsum
892 2979 1014 3061 negotii
1045 2979 1153 3062 coepti

35 3076 264 3156 poenituisset,
300 3085 333 3138 et
363 3075 497 3139 domum
522 3075 660 3152 reverti,
697 3075 723 3136 si
755 3083 919 3159 superstes
950 3085 1050 3156 esset,
1081 3076 1153 3161 jam

35 3171 250 3252 decrevisset3
273 3195 313 3236 ac
339 3172 423 3238 male
446 3172 579 3236 audisse
602 3171 734 3234 videtur
749 3170 903 3236 Pontifex
926 3174 1043 3257 primis
1058 3175 1155 3238 anuis

35 3281 102 3353 post
132 3279 285 3335 mortem.
331 3269 382 3336 Eo
414 3272 581 3355 pertinent
611 3267 694 3332 baec
724 3268 843 3334 Jacobi
877 3268 1066 3335 Cardinelis
1095 3272 1154 3334 Pa·

35 3369 165 3452 piensis,
190 3370 247 3453 qui
269 3369 341 3455 ejus
357 3369 549 3434 memoriam
566 3361 733 3431 defendit:
757 3367 916 3453 Exempla
929 3372 996 3456 ejus
1010 3367 1156 3454 exemplu

35 3467 181 3530 virtutum
205 3469 291 3530 omui
314 3477 448 3553 tempore
473 3476 580 3544 eruat,
610 3466 791 3550 gratiusque
813 3463 1022 3529 versabuntur
1044 3467 1078 3528 ia
1102 3487 1156 3530 ore

33 3565 260 3630 succedentium
282 3565 374 3629 nobis
402 3587 495 3650 quum
517 3573 635 3628 nostro.
684 3563 867 3628 Perseverat
896 3565 978 3627 enim
1009 3565 1043 3626 ia
1067 3563 1156 3627 nobie

34 3663 128 3726 adhuc
152 3663 289 3748 vivitque
321 3674 410 3727 terror
432 3663 561 3747 paridam
583 3661 725 3725 invidiae
757 3672 848 3746 atque
872 3660 941 3724 odii
962 3661 1020 3724 ltus
1042 3661 1155 3724 culum·

33 3761 101 3825 aior
124 3783 282 3848 operans,
316 3761 373 3824 aed
399 3759 562 3846 paulatim
589 3759 816 3843 eaesdcpuitur,
845 3759 1008 3844 paulatim
1038 3760 1156 3822 ceritas

34 3879 185 3944 oppresso
207 3859 364 3942 resurgi&
387 3859 481 3922 audie
504 3856 644 3943 quotidie
667 3859 767 3940 moytia
791 3880 829 3920 uc
851 3857 952 3942 raugia
977 3857 1066 3919 Pium
1089 3856 1156 3919 laa-

34 3953 113 4036 dari,
138 3967 171 4020 et
195 3957 284 4044 aprtd
305 3958 420 4022 multos
443 3959 538 4020 etiam
560 3955 752 4019 desiderium
776 3960 842 4044 ejus
866 3975 940 4018 esse.
958 4003 965 4017 .
985 4004 1017 4019 ..
1043 3955 1156 4018 Secun-

35 4051 90 4118 dus
112 4077 219 4119 aeaut
243 4079 263 4120 a
286 4067 383 4120 morte
407 4060 474 4146 ejua
496 4051 586 4139 louge
609 4053 720 4117 melior
741 4055 844 4139 primo
868 4063 914 4115 est
928 4052 1059 4139 factue;
1082 4052 1156 4116 cele-

36 4149 116 4218 lrc'oc
142 4155 292 4219 adveniet
315 4155 443 4232 tertius,
469 4163 600 4239 peractus
623 4149 780 4217 illustrior
786 4175 798 4230 ,·
821 4152 865 4215 ric
882 4172 982 4238 porro
1006 4161 1157 4235 quantum

38 4253 75 4319 td
98 4273 202 4317 carros
218 4253 352 4332 accedet,
378 4263 499 4316 tautum
522 4250 567 4314 ud
582 4254 649 4339 ejttt
662 4249 797 4335 glorium
813 4249 1020 4338 adjungerem
1040 4247 1157 4333 plenus

994 4351 1049 4407 2I*
