2832 4844
319 447 360 502 De
379 447 524 504 Ordinibus
541 449 766 507 mendicantibus.
1052 451 1108 506 473

34 611 70 672 pro
86 589 207 655 donibus
229 593 448 656 emisti-uendit
472 595 614 680 nempere
630 603 828 680 proponunt,
856 596 1108 680 praesentientes

35 684 66 746 boc
82 685 128 748 aiii
144 698 232 752 eante
256 690 446 776 surripiant,
471 690 554 755 aiios
577 691 783 758 &eludendo
821 691 899 756 Item
920 714 959 756 ne
983 691 1109 757 eleemo-

13 805 95 870 ,unos
113 833 119 848 .
139 834 146 849 .
168 835 176 849 .
201 785 263 849 aiii
285 787 473 872 impediant,
497 798 532 852 ut
553 791 620 875 ipsi
641 789 787 868 babeant,
812 789 868 854 sed
881 791 993 876 potius
1017 813 1111 876 quum

33 882 142 946 innunt
168 886 374 962 testamentis,
409 896 465 949 out
488 884 565 951 aliis
588 888 732 972 nopotiis,
766 886 849 950 bona
870 887 939 972 fide
963 889 1028 952 sint
1049 911 1109 951 me-

13 977 243 1059 ,nnesoiiomsnn
262 983 341 1068 pios
355 982 573 1048 subventiones
595 983 673 1049 eliis
687 985 766 1069 fieri
784 985 999 1071 procurando.
1033 983 1111 1048 Item

31 1099 54 1136 ne
70 1075 115 1139 olii
132 1100 286 1142 sermones
308 1081 485 1165 impediant
509 1082 646 1146 alionum
668 1082 718 1147 nel
732 1083 896 1147 auditores
912 1083 1110 1164 subtrahant,

13 1185 67 1268 ,ns
84 1177 153 1260 uisos
175 1199 333 1242 serenantes
364 1179 426 1242 sib-i
447 1180 632 1266 subripiant
654 1179 848 1244 alternatim.
884 1229 891 1244 .
917 1227 925 1244 .
951 1229 958 1244 .
994 1177 1110 1245 Caven-

13 1270 77 1362 {dun
94 1283 140 1352 est,
161 1297 200 1337 ne
221 1275 293 1360 quis
314 1285 456 1340 nostrum
479 1279 523 1340 sie
546 1287 672 1341 sanctos
696 1300 782 1357 suos,
816 1280 860 1342 sie
884 1288 999 1342 statum
1023 1300 1113 1341 suum

13 1369 198 1454 iinpmdmur
221 1370 366 1452 extollat,
392 1374 476 1459 quod
499 1376 536 1439 in
558 1374 697 1438 oliorum
720 1376 952 1462 depressionem
976 1375 1048 1439 inus
1064 1385 1112 1439 to·

26 1463 75 1528 iiten
89 1469 156 1551 flori
183 1468 340 1534 uideatur.
388 1471 467 1535 Item
488 1495 528 1535 ne
552 1473 623 1558 quis
646 1473 834 1558 obloquatur
865 1473 904 1536 de
932 1469 1018 1552 odiis,
1047 1494 1113 1536 non

27 1562 98 1626 rodun
122 1589 224 1630 mnam
253 1567 361 1631 multis
392 1570 426 1632 in
453 1570 594 1656 publiea,
623 1571 679 1635 sed
705 1574 740 1636 in
763 1569 906 1635 clanculo
931 1593 1037 1634 eoram
1060 1591 1113 1634 en·

25 1665 174 1740 terninano
196 1667 283 1729 inter
296 1665 426 1751 fratres
447 1670 600 1755 proprios
616 1671 651 1732 in
668 1667 1112 1753 secreto.²)-Sabsequenti

24 1763 177 1840 paesentim
202 1762 352 1847 saeculo,
386 1787 489 1851 quum
514 1789 539 1831 s.
564 1766 728 1832 Thomem
752 1765 957 1853 Aquinatem
980 1767 1114 1831 Fratres

22 1851 246 1941 Praedicatores,
271 1859 407 1927 Scotum
424 1885 504 1928 vero
522 1863 674 1950 pluribus
690 1867 722 1928 in
738 1865 898 1929 doctrinis
914 1887 934 1927 a
948 1885 973 1929 s.
984 1862 1115 1928 Thomu

22 1949 234 2022 dissentientem
266 1958 412 2030 Minores
452 1971 682 2047 sequerentur,
730 1964 830 2026 etiam
868 1963 1115 2026 controversiae

18 2053 97 2134 quoad
118 2055 286 2119 doctrinas
300 2060 414 2122 variae
438 2060 525 2122 inter
540 2069 617 2123 utru
624 2082 723 2145 mque
740 2058 901 2125 Ordinem
918 2067 1007 2124 ortae
1027 2067 1112 2124 sunt.

20 2143 176 2217 Generatim
205 2163 316 2218 tamen
342 2156 523 2220 eoncordia
548 2160 753 2222 conveniens
778 2157 869 2222 hisee
893 2179 961 2221 non
984 2157 1114 2222 obstan·
1174 2237 1177 2244 ι

20 2245 81 2311 tibus
101 2261 233 2317 servata
255 2254 328 2336 fuit,
361 2265 393 2318 et
421 2276 603 2340 permagna
626 2255 762 2319 fuerunt
784 2265 855 2318 tum
878 2255 1115 2318 Dominicano-

22 2365 67 2407 um
87 2359 152 2416 tum
177 2353 481 2418 Franciseanorum
507 2354 541 2416 in
564 2353 751 2418 Ecclesiam
777 2354 903 2417 merita.

80 2448 148 2516 103.
197 2451 265 2517 Sed
296 2451 464 2516 Minorum
499 2449 618 2517 Ordini
657 2450 795 2515 dissidia
832 2451 964 2515 interna
987 2449 1114 2535 majora
1133 2457 1275 2496 ⁰¹³·¹‘¹¹⁸¹¹¹

14 2557 186 2622 naverunt
219 2549 424 2615 discrimina.
481 2550 521 2615 In
554 2550 620 2615 alia
650 2550 882 2615 dissertatione
912 2549 1019 2612 fusius
1050 2550 1114 2613 ista
1141 2519 1263 2620 afflig

14 2633 40 2700 de
57 2665 85 2705 re
106 2669 260 2730 agemus3
286 2649 349 2714 hoe
371 2648 443 2713 loeo
468 2649 632 2734 quaedam
649 2649 794 2713 sufficiat
809 2657 934 2713 notare.
964 2645 1112 2730 Duplex,

13 2731 67 2800 inde
87 2743 126 2806 ab
151 2747 259 2810 initiis
282 2747 361 2828 fere,
385 2745 557 2811 tendentia
580 2749 614 2810 in
632 2745 759 2812 Ordine
783 2747 845 2810 isto
871 2767 905 2810 se
926 2744 1113 2809 manifesta-

13 2836 51 2913 sit,
78 2840 267 2909 observatio
300 2845 445 2908 strictior
475 2844 696 2930 quorumdam
720 2844 875 2907 Fratrum
904 2844 961 2928 qui
985 2840 1113 2906 absolu-

13 2939 57 2998 Μ]
76 2953 306 3026 paupertatem
340 2944 434 3029 sequi
458 2953 491 3006 et
514 2942 579 3006 hae
614 2945 647 3006 in
672 2963 707 3006 re
738 2940 927 3027 exemplum
960 2962 986 3005 s.
1011 2939 1113 3004 Fran·

13 3031 66 3097 tisri
87 3041 282 3105 omnimode
306 3041 428 3104 imitari
455 3039 629 3122 volebant3
666 3041 778 3104 mitior
801 3038 1012 3103 observantia
1035 3036 1113 3101 alio·

13 3145 68 3208 vm,
104 3157 250 3222 quorum
275 3139 345 3202 dux
381 3139 445 3202 fuit
468 3139 505 3203 F.
529 3137 622 3202 Elias
661 3161 680 3202 a
712 3135 864 3203 Cortona.
911 3135 944 3200 Is
976 3134 1111 3221 quidem

13 3247 54 3291 sm
74 3255 101 3297 a.
125 3236 227 3321 1219,
252 3258 355 3323 quum
380 3237 526 3300 vinarius
551 3245 636 3300 esset
659 3259 684 3301 s.
698 3237 868 3300 Francisci
892 3236 927 3298 in
940 3231 1111 3299 Orientem

13 3329 128 3413 reiecti,
154 3335 402 3419 mitigationem
418 3332 552 3417 regulae
569 3333 611 3398 de
623 3343 819 3420 paupertate
835 3339 1110 3418 praeparaverat,

13 3423 87 3493 eds.
112 3431 319 3496 Franciscus
341 3453 493 3496 reversus
525 3433 758 3496 innovationes
782 3431 935 3496 inductas
959 3429 1110 3493 removit.

13 3515 93 3600 'tuum
132 3542 215 3616 post
253 3541 391 3594 mortem
428 3553 452 3594 s.
478 3530 649 3594 Francisai
674 3528 766 3593 Elias
803 3527 968 3592 secundus
1004 3525 1112 3590 iaetus

13 3637 67 3685 sset
88 3625 248 3692 Minister
270 3627 435 3712 generalis
456 3625 604 3707 Ordinis,
639 3627 756 3712 majori
781 3647 857 3690 eum
881 3646 1037 3690 successu
1060 3644 1112 3687 no·

13 3731 77 3786 istus
98 3746 179 3791 snos
204 3727 400 3806 renovavit3
424 3747 618 3811 persuasum
644 3723 801 3788 videlieet
824 3727 852 3788 ei
878 3731 958 3805 erat,
982 3721 1111 3786 absolu·

13 3835 49 3880 sm
71 3821 161 3887 iliam
186 3833 421 3910 paupertatem
445 3845 575 3909 semper
598 3823 786 3887 conservari
810 3843 876 3886 non
899 3843 1005 3908 posse,
1030 3819 1112 3884 mul·

13 3935 78 4002 sque
102 3922 262 3986 membra
276 3920 413 3987 Ordinis
438 3923 679 4005 mitigationem
697 3920 894 3987 desiderare.
919 3919 995 4004 Ipse
1010 3919 1110 3982 etiam

13 4017 96 4080 issisii
120 4019 434 4104 splendidissimum
459 4017 633 4082 ecelesiam
656 4019 691 4082 in
715 4016 873 4083 honorem
898 4039 923 4082 s.
939 4017 1110 4080 Francisai

13 4159 55 4170 Η...

55 4232 74 4300 ¹)
93 4232 251 4300 WsddIng,
269 4231 368 4285 Annsl.
388 4245 412 4285 a.
434 4231 510 4286 1255.
530 4247 556 4285 n.
580 4232 619 4287 12.
