2844 4840
277 441 425 496 conflictus
443 458 503 498 cum
521 441 647 511 Philippo
666 442 695 497 P.
717 449 872 498 renovatus.
1100 447 1133 500 41

38 586 192 649 terminum
214 588 395 670 assignare,
420 609 479 672 quo
505 635 564 651 ...
589 573 801 652 concessiones
819 589 1009 674 praedictae
1027 599 1135 654 nostro

35 686 193 768 conspectui
211 695 467 771 praesentantur,
497 697 532 749 ut
560 685 771 749 consideratis
802 688 883 772 ipsis
906 688 1034 750 stoicis
1060 711 1136 773 pro-

36 779 122 842 ridcri
136 785 245 867 possit,
270 785 300 847 si
323 783 411 848 dista
422 784 586 869 suspensio
601 783 709 868 fucrit
732 785 767 847 ia
783 782 889 870 aliquo
912 783 962 848 acl
977 783 1137 871 aliquibus

35 877 218 944 moderanda.
258 881 351 945 Misit
366 882 467 946 ctiam
483 879 656 966 epistolam
680 881 723 946 ad
747 903 861 946 omncs
878 879 1007 947 Gallias
1031 882 1136 948 archi-

33 977 197 1063 episcopos,
221 981 404 1065 episcopos,
430 978 576 1065 capitula
600 979 804 1044 cathedralia
828 992 861 1044 ct
885 1004 909 1046 s.
935 979 1135 1066 Theologiac

32 1073 171 1160 iurisque
194 1075 355 1159 doctores,
379 1099 462 1163 quos
486 1099 600 1142 omncs
620 1077 760 1142 Romam
788 1078 930 1143 vocabat
951 1079 994 1144 ad
1020 1077 1136 1144 Conci·

31 1169 99 1235 lium
111 1171 161 1237 die
176 1174 211 1238 1⁰
227 1173 428 1238 Novembris
444 1197 474 1240 a.
488 1173 574 1240 1302
590 1175 715 1238 Romae
730 1174 933 1254 habendum,
949 1187 993 1254 ut,
1010 1177 1135 1258 scribit,

32 1280 120 1334 caua
146 1274 307 1356 possimus
335 1271 448 1336 habers
471 1272 617 1355 coasilia,
645 1275 701 1358 qui
724 1274 813 1359 upari
834 1297 936 1359 rapum
957 1275 1136 1360 suspiciosis

30 1371 138 1446 caretis,
170 1382 199 1434 st
228 1370 293 1434 sibi
323 1381 352 1434 at
381 1393 477 1457 ropac
508 1372 630 1456 accepti
660 1373 735 1435 ostis
759 1382 789 1435 st
819 1373 913 1457 prati,
947 1383 977 1434 ct
1001 1373 1137 1457 dilipitis

31 1467 118 1550 ipsum
140 1491 250 1554 rapum,
273 1491 395 1532 accaou
419 1479 567 1547 tractare,
591 1469 729 1555 diripere
744 1481 773 1532 st
788 1480 935 1549 statuero,
953 1470 1136 1556 procaciore,

23 1563 121 1646 facua
152 1579 181 1632 ct
214 1565 382 1646 ordiaars,
416 1587 495 1652 qaas
527 1566 570 1630 ad
600 1567 746 1630 iocorum
779 1567 843 1632 Dsi
873 1578 902 1631 ct
933 1567 1136 1654 Apostolicac

31 1660 116 1742 Sedis,
140 1663 532 1750 cupracatumcatlsolicas
546 1663 639 1746 fidet,
665 1667 931 1729 conservationem
950 1666 1135 1731 ecclesiasti·

28 1783 70 1820 cas
92 1761 259 1841 libertatis,
283 1787 321 1826 aa
344 1762 603 1847 reformatioacas
624 1764 709 1847 rapis
732 1787 770 1826 oc
792 1765 890 1849 rapui,
915 1765 1136 1827 correctionum

23 1862 270 1940 praeteritorum
292 1881 484 1938 sucessuum,
516 1870 546 1922 at
570 1860 684 1924 bouum
711 1862 848 1947 rapimus
877 1861 968 1947 rapui
997 1859 1136 1950 ejusdcm

27 1956 181 2022 sidu-imus
206 1957 367 2044 expedire.
393 1995 437 2004 —
460 1957 566 2022 Dedit
590 1959 713 2043 pariter
736 1957 924 2023 Bonifatius
947 1957 1054 2022 di05⁰
1069 1961 1135 2022 Da·

27 2054 153 2119 cembris
181 2055 225 2120 ad
255 2054 450 2141 Philippum
483 2054 646 2120 celebrem
681 2054 811 2120 Bullam
835 2054 991 2120 Ausculta
1005 2055 1070 2139 fiii,
1102 2056 1136 2120 in
1193 2065 1261 2167 ³³12*
1279 2125 1297 2166 Γ

25 2173 78 2236 qua
102 2163 241 2238 paterna
273 2153 372 2219 simul
396 2176 436 2219 ac
459 2152 555 2218 firma
580 2153 748 2218 scribendi
781 2155 909 2219 ratione
939 2176 1028 2235 usus,
1060 2123 1228 2217 Phi-‘¹⁴⁰⁰“l
1258 2125 1304 2179 μ

25 2247 102 2335 lippo
126 2251 169 2316 ob
194 2251 309 2316 oculos
341 2254 435 2337 ponit
465 2250 663 2338 multiplicis
696 2250 793 2332 mala,
826 2273 910 2337 quaa
941 2273 1042 2336 regno
1066 2271 1135 2333 suo,

25 2347 160 2414 ecclesiis
184 2359 217 2414 et
242 2349 374 2414 civibus
406 2348 562 2414 intulerat
596 2349 835 2435 inferebamus,
868 2359 900 2414 at
923 2371 999 2414 sum
1023 2349 1066 2414 ad
1090 2371 1137 2414 rc-

22 2447 237 2529 sipisccntiam
281 2457 381 2534 atquc
422 2445 466 2510 ad
508 2447 705 2533 corrigenda
744 2447 831 2512 mola
876 2446 967 2512 illata
1010 2448 1135 2514 incitat.

23 2541 115 2610 Simul
140 2547 171 2610 si
197 2547 472 2634 convocationem
489 2547 720 2632 cpiscoporum
745 2555 777 2617 at
800 2545 971 2610 doctorum
995 2545 1038 2610 ad
1062 2567 1137 2610 con·

23 2640 122 2706 cilium
137 2642 316 2726 significat,
342 2652 375 2708 at
398 2642 553 2725 advortit,
578 2665 699 2728 ragam,
725 2644 750 2708 ci
767 2642 918 2725 volucrit,
943 2642 996 2708 vel
1021 2665 1079 2729 par
1102 2665 1137 2708 sa

24 2739 65 2802 rel
89 2763 149 2824 per
172 2739 289 2806 fidelos
313 2751 345 2804 ct
368 2740 527 2827 providos
550 2743 641 2806 viros
672 2763 767 2826 posse
790 2743 958 2822 interesse,
992 2751 1028 2804 ut
1052 2763 1137 2827 quac

22 2851 201 2922 opportuna
225 2838 340 2903 cradat
363 2847 526 2924 exponat3
559 2839 708 2924 alioquin
732 2861 766 2902 sc
791 2860 1021 2924 processurum
1055 2859 1136 2920 esse,

23 2939 181 3000 atricum
207 2937 307 3001 fucrit
334 2935 504 3022 expedire.

96 3037 154 3100 43.
186 3035 281 3100 Haec
304 3033 402 3099 Bulla
425 3045 599 3120 postquam
624 3034 660 3098 in
685 3035 877 3098 consistorio
903 3031 1137 3098 Cardinalibus

21 3135 179 3218 proposita
203 3143 236 3197 at
260 3131 499 3197 deliberatione
523 3131 646 3217 plurios
666 3130 810 3212 habita¹)
833 3131 1017 3217 approbata
1041 3141 1136 3212 ascet,

21 3231 102 3294 initio
127 3232 210 3294 anni
237 3231 323 3296 1302
348 3253 407 3317 per
430 3230 595 3297 Jacobum
620 3227 895 3297 archidiaconum
920 3229 1136 3296 Narbonnen·

20 3349 78 3392 scm
100 3330 173 3411 rogi
199 3330 393 3394 transmissa
416 3339 475 3394 cst.
523 3327 637 3408 Quum
662 3327 717 3392 dis
743 3324 800 3392 10⁰
817 3326 993 3392 Februarii
1017 3351 1036 3392 a
1060 3349 1137 3412 rega

19 3425 176 3492 admissus
201 3447 275 3492 cam
299 3429 416 3512 paucis
440 3425 669 3513 praecentibus
691 3424 846 3510 Philippo
870 3423 1002 3509 legerat,
1027 3445 1139 3490 comas

20 3523 161 3590 Artesius
185 3525 273 3609 ragis
304 3525 523 3590 consobrinus
554 3545 629 3588 cam
653 3546 695 3587 ex
721 3545 823 3588 manu
853 3523 974 3590 Jacobi
1006 3524 1137 3608 eripuit,

22 3621 184 3706 inignem
209 3622 350 3708 projecit
378 3632 478 3708 atquc
506 3620 698 3687 combussit.
752 3620 842 3685 Dein
867 3631 900 3686 at
922 3619 1013 3686 aliud
1038 3620 1138 3706 hujus

20 3717 125 3784 Baiias
151 3719 326 3805 exemplar
349 3720 435 3786 clero
460 3720 662 3786 destinatum
680 3728 845 3784 retentum
869 3729 901 3783 et
924 3739 1137 3804 suppressum

20 3829 69 3884 cst.
114 3817 196 3883 Alia
221 3839 299 3883 varo
329 3819 392 3883 fuit
415 3817 506 3884 bulla
537 3819 708 3904 supposita
739 3827 771 3882 ct
803 3818 838 3881 in
862 3815 980 3901 vulgus
1013 3839 1137 3902 sparsa,

19 3925 179 4003 tornquam
204 3937 224 3979 a
248 3917 408 3981 Pontifica
434 3918 543 3997 missa,
574 3925 611 3979 ut
634 3913 806 3980 Gallorum
839 3914 942 3979 animi
969 3915 1003 3978 iu
1027 3915 1138 3979 Ponti·

19 4013 101 4079 ficem
128 4015 385 4082 concitarentur.
443 4013 535 4079 Haec
559 4013 649 4078 bulla
674 4014 846 4099 supposita
876 4011 988 4076 breuis
1013 4022 1072 4094 cst,
1107 4022 1139 4076 at

83 4230 101 4294 ¹>
121 4229 178 4284 cc.
200 4227 305 4292 Helela,
325 4227 357 4282 a.
376 4227 424 4284 vr.
444 4227 460 4298 s
480 4203 541 4281 sss.
560 4225 621 4280 sss.
