2858 4834
388 453 428 508 De
447 453 536 507 luctae
555 453 768 506 continuatione.
1094 451 1144 504 183

45 597 212 660 muneribus
247 597 393 682 legatum
432 596 474 661 ad
515 619 591 660 suas
628 609 739 682 partes
779 607 1022 680 pertracturum
1062 615 1142 658 esse.

44 697 178 771 Quamvis
214 717 290 780 pars
322 692 551 758 Cardinalium
581 693 726 758 Henrico
761 693 791 756 li
832 692 968 760 faveret.
1009 703 1039 755 et
1073 694 1143 777 ipse

44 791 179 872 Pontifex,
224 795 258 855 in
297 795 460 875 angustiis
498 793 633 876 positus,
674 790 832 856 sollicitus
871 801 964 871 esset,
1005 812 1046 853 ue
1085 812 1142 852 rex

44 889 157 972 ,ingiiee
208 891 344 975 ejusque
383 911 521 972 reguum
559 889 602 952 ab
643 889 713 974 ejus
738 887 928 951 obedientia
954 887 1142 964 deficerent,

42 1004 128 1050 tamen
150 987 302 1050 Thomae
333 1009 467 1050 causam
499 988 603 1050 tuitus
640 995 697 1050 cst.
746 985 996 1070 Archiepiscopi
1022 985 1143 1050 adven·
1168 1003 1306 1044 erum

43 1101 94 1146 tum
115 1096 145 1147 et
166 1085 398 1148 defensionem
423 1084 682 1168 exspectandam
708 1105 778 1147 esse
802 1082 920 1168 legetis
945 1065 1305 1167 declaravit;⁰⁰“„'¹„¹}f”'

43 1182 110 1244 ‘tude
131 1205 164 1244 re
189 1183 317 1246 iniecta
346 1183 400 1246 isti
430 1183 463 1246 in
489 1181 645 1265 Angiiam
678 1185 801 1246 reuersi
834 1191 920 1245 sunt.
967 1181 1145 1267 Postquam

44 1301 102 1342 'cero
129 1281 277 1344 Thomas
310 1279 456 1358 advenit,
490 1289 522 1342 et
552 1279 708 1343 articulos
733 1278 1018 1343 Clarendonenses
1049 1280 1147 1364 regis-

42 1399 89 1460 que
117 1377 281 1462 postulata
307 1377 456 1441 Pontifici
490 1379 652 1462 exposuit,
686 1401 724 1441 eu
755 1378 909 1441 Pontifex
942 1378 1074 1461 penitus
1102 1399 1148 1440 ro-

44 1476 181 1558 probuvit.
235 1477 391 1540 Dominae
415 1477 525 1561 Papo,
560 1475 682 1539 dieitur
717 1478 750 1539 in
784 1476 861 1538 Vita
896 1475 1147 1560 quadripertita,

46 1573 110 1638 Ιἐεὶὶιι
132 1587 160 1638 et
186 1575 311 1637 reiectis
343 1574 477 1659 ainpult'a
508 1573 785 1638 conterretudim'bna
810 1623 816 1636 .
844 1623 850 1636 .
878 1624 884 1636 .
912 1575 1030 1657 inquit:
1064 1575 1151 1636 Inter

47 1672 255 1736 'rennuente
287 1674 362 1734 boec
394 1671 482 1736 noello
508 1673 632 1757 quidem
656 1673 748 1749 bunc,
780 1671 835 1734 aed
860 1671 1014 1756 precedam
1039 1671 1151 1734 tolcra-

45 1769 103 1833 b'b'o
125 1782 209 1846 arnt,
242 1793 321 1854 quaec
346 1769 489 1833 Ecclemu
522 1781 680 1854 intentioque
714 1771 848 1832 tolerare
872 1781 982 1854 potest,
1017 1770 1073 1832 aed
1102 1769 1150 1831 bo-

43 1893 92 1928 rum
116 1873 219 1952 tucior
237 1891 320 1953 pora
344 1867 515 1952 reprobata
540 1880 569 1930 et
593 1867 633 1930 ab
659 1869 801 1952 antiquio
824 1867 948 1953 quidem
972 1879 1001 1930 et
1026 1867 1151 1930 antbeu·

43 1967 97 2028 ‘iria
118 1967 274 2029 (damnata
299 1976 344 2028 cat
362 1963 523 2037 Conciliia,
549 1977 654 2051 utpote
681 1965 798 2027 directo
823 1967 922 2028 sacris
938 1963 1153 2030 sanctionibus

50 2064 167 2128 eirene.
218 2065 262 2127 Et
290 2064 364 2127 baec
396 2063 521 2147 quidem
551 2063 706 2126 Doctrinae
739 2061 889 2146 Pontifccc
921 2063 952 2125 iu
986 2063 1152 2127 audientia

44 2165 158 2226 umnam
185 2161 379 2248 reprobavit,
414 2173 443 2224 et
473 2161 511 2225 ab
539 2161 680 2223 Ecclesia
714 2161 747 2222 e'n
772 2171 935 2244 posterum
966 2159 1152 2222 teramnanae

43 2263 186 2340 serenit¹>

556 2609 615 2672 11.

45 2767 94 2829 Dr
115 2769 242 2834 «mato
265 2785 298 2831 s.
324 2767 501 2830 merrae
525 2783 574 2830 ac
597 2768 647 2829 etc
671 2769 807 2830 luctae
830 2765 1152 2829 corrttnuattone.

118 2947 169 3009 31.
217 2943 271 3008 Ab
299 2942 489 3007 Alexandro
515 2965 589 3005 cum
616 2942 739 3006 honore
765 2943 920 3005 dimissus
945 2965 959 3003 s
995 2939 1151 3020 'Phomae

46 3055 173 3104 noratus
197 3053 246 3104 est
271 3043 303 3104 iu
322 3039 713 3104 abbatiaPoutiniacensi
736 3039 861 3102 ordinis
876 3037 1151 3118 Cisteitiensium,

45 3137 141 3224 ibique
165 3141 268 3202 vitani
295 3139 391 3202 duxit
415 3159 575 3207 severant,
603 3136 755 3201 monachi
782 3136 917 3200 indutus
935 3136 1062 3199 habitu.
1088 3136 1152 3199 Ex·

47 3237 108 3299 iude
132 3259 189 3322 per
212 3237 337 3321 aliquot
361 3258 465 3300 annos
490 3239 575 3300 iuter
600 3235 804 3314 Pontificem,
838 3257 862 3300 s.
887 3234 1061 3308 Temnum,
1087 3236 1153 3319 epi-

47 3357 146 3418 scopos
169 3346 202 3398 et
226 3357 334 3420 regem
360 3333 502 3418 Angliae
527 3334 568 3396 de
593 3355 692 3396 causa
711 3331 953 3412 Cautuariensi,
980 3331 1020 3395 de
1044 3332 1152 3394 termi-

48 3432 150 3496 nandis
174 3432 330 3509 dissidiis,
363 3432 415 3496 vel
439 3433 589 3516 justitiae
614 3441 646 3494 et
670 3451 884 3493 censurarum
918 3429 1153 3493 ecclesiastice·

49 3551 106 3592 rum
136 3534 318 3605 severitate,
359 3529 411 3593 vel
446 3529 590 3612 benigna
622 3528 733 3613 eliqua
770 3529 1002 3606 transactione,
1042 3549 1080 3590 uc
1113 3527 1153 3590 de

51 3629 124 3707 pacis
146 3639 178 3692 et
201 3627 395 3692 concordiae
419 3628 665 3709 restauratione,
699 3635 874 3688 tractatum
900 3636 957 3688 est.
1005 3623 1154 3709 Longius

52 3747 114 3789 vsaue
137 3727 218 3790 foret
239 3725 370 3806 singule
394 3745 558 3804 enarrare,
591 3715 735 3810 quaein
761 3722 975 3786 celeberrimo
1006 3721 1069 3784 hoc
1101 3745 1153 3785 ne·
1235 3793 1238 3800 Ι

52 3825 123 3896 cutio
151 3824 351 3888 acciderunt.
399 3821 553 3889 Sufficiat
585 3824 735 3902 innuere,
776 3843 841 3906 qua
877 3821 1003 3883 ratione
1039 3821 1153 3883 variae

54 3939 201 4001 personae,
230 3944 314 4007 quae
339 3923 372 3984 in
398 3921 461 3984 hoc
486 3919 643 3984 conflictu
679 3921 896 3996 intervenere,
931 3939 982 3979 res
1007 3918 1153 4002 disposu-

54 4033 140 4084 erint.
171 4019 202 4082 S.
216 4019 359 4083 Thomas
383 4041 484 4105 quum
512 4017 649 4097 videret,
674 4039 783 4102 regern
810 4018 983 4101 persistere
1009 4017 1041 4078 in
1067 4019 1151 4079 nusi·

114 4231 134 4294 ¹)
150 4229 179 4284 n.
200 4231 233 4286 n.
252 4245 271 4284 e.
294 4215 335 4286 1‘1.
