2832 4844
374 461 433 516 BR.
451 459 615 514 Pontificum
634 459 725 514 series.
1060 460 1115 515 tue
1173 416 1179 426 ¹

19 610 125 687 dunen,
161 630 211 672 reu
239 605 378 670 locorum
408 605 559 692 iptorum,
594 625 659 690 pro
688 613 824 689 ternpore
854 625 913 689 qno
931 605 1115 689 praemisso

18 707 65 768 siue
86 705 187 769 dedito
208 701 459 767 condradictione
485 703 701 788 permiserint,
735 701 860 786 aliquid
878 704 1043 790 percipere
1066 701 1115 766 di·

17 804 133 866 trictim
154 801 333 866 inuitemus.
379 798 442 873 Qui
466 811 569 863 antem
592 799 633 862 al>
656 801 800 886 ipsorum
823 798 1024 864 ecclesiarum
1046 823 1115 864 cae·

16 913 181 986 mommqtte
204 901 342 964 locorum
357 896 566 983 fundatione,
590 897 640 964 uel
662 919 702 960 en
723 899 857 983 antiquo
880 898 1114 978 connectudine,

9 1001 69 1086 jura
89 999 150 1061 ribi
169 994 348 1087 hujusmodi
370 997 546 1074 vindicant,
570 995 610 1060 ab
633 994 762 1059 illorum
785 995 887 1060 abusu
909 998 954 1061 aio
971 997 1112 1083 pruden-

14 1107 47 1156 ter
66 1095 251 1174 obcaecant,
282 1104 311 1156 et
333 1115 406 1157 enos
429 1094 592 1158 ministros
621 1095 657 1156 in
685 1096 730 1156 eis
753 1092 887 1158 sollicite
908 1094 1038 1178 fociant
1061 1094 1114 1158 ab·

12 1194 116 1275 tinere,
139 1193 222 1279 quod
244 1213 282 1255 eo
296 1215 375 1277 qaue
399 1212 463 1254 non
477 1193 641 1278 pertinent
664 1189 709 1254 ad
722 1189 863 1276 futatus,
888 1194 952 1257 sive
969 1192 1115 1257 redditus

8 1293 204 1372 protensiones
239 1290 417 1354 carmonis
453 1300 606 1376 tempore,
642 1311 707 1352 non
737 1301 904 1376 usurpent3
942 1311 999 1354 nec
1030 1291 1115 1354 bona

11 1397 123 1466 cuenru,
153 1409 285 1474 quorum
314 1410 346 1451 se
381 1398 528 1450 aasentnt
556 1386 669 1450 tatere
699 1387 885 1465 custodiam,
918 1388 1022 1452 dilabi
1039 1411 1115 1476 per·

10 1485 125 1563 uiuunt
148 1486 204 1550 ted
227 1485 364 1549 inbono
389 1495 476 1548 statu
499 1494 689 1549 conseruent.
697 1483 721 1570 ¹)
767 1484 842 1549 Hoc
858 1485 989 1551 decreto
1013 1488 1116 1571 igitur

6 1579 66 1664 jura
86 1582 229 1668 regaliae
251 1581 306 1646 vel
329 1582 461 1664 similia,
486 1604 571 1668 quae
588 1580 785 1647 fundatione
809 1581 863 1646 vel
878 1584 1017 1669 antiqua
1039 1604 1114 1648 eon·

9 1681 163 1746 suetudine
185 1703 207 1745 a
230 1679 441 1765 principibus
471 1679 590 1744 aliisve
615 1681 763 1764 personis
781 1681 853 1766 jam
878 1680 941 1745 sibi
966 1681 1115 1747 vindica·

10 1773 109 1842 bantur
130 1789 164 1842 et
186 1776 438 1860 exercebantur,
463 1779 503 1842 iis
520 1777 749 1842 conceduntur
771 1789 808 1841 ut
822 1778 971 1862 legitima
994 1791 1112 1844 esseut.

7 1877 148 1940 sedtum
171 1877 296 1941 abusus
319 1885 389 1940 tum
415 1877 564 1940 extensio
587 1876 748 1961 ejusmodi
774 1880 883 1940 oneris
907 1879 940 1940 iu
957 1876 1114 1942 ecclesias

7 1989 31 2036 et
55 1978 250 2040 monasteria
281 1996 426 2060 eousque
455 1973 561 2040 libera
598 1976 805 2039 strictissime
836 1974 1038 2060 prohibetur.
1070 2011 1114 2022 —

7 2069 166 2137 Iulitibus
196 2095 281 2158 quae
304 2085 420 2158 postea
453 2072 494 2137 de
518 2071 656 2156 Regalia
687 2082 778 2136 ortae
801 2080 888 2153 sunt,
918 2072 975 2137 hie
1006 2093 1114 2138 canon

8 2171 123 2234 usnimi
148 2171 214 2235 fuit
237 2171 406 2236 momenti.

80 2270 154 2334 123.
204 2267 316 2350 Quum
354 2267 536 2354 Gregorius
573 2269 606 2332 X
645 2268 951 2352 animadvertisset,
998 2269 1114 2334 ultimo
1145 2259 1267 2378 gwffim

11 2375 136 2452 tempore
151 2368 363 2432 vacationem
374 2367 471 2434 Sedis
483 2365 696 2454 Apostolieae
719 2376 853 2452 propter
877 2367 1116 2432 dissensionem
1143 2347 1272 2440 sindili.

9 2461 222 2530 l'ardinalium
260 2477 293 2530 et
330 2478 482 2530 exortum
521 2467 690 2530 variarum
728 2466 912 2531 factionum
951 2467 1117 2532 influxum

11 2559 175 2628 identidem
212 2562 393 2628 admodum
427 2586 497 2630 esse
532 2573 750 2651 protractam,
790 2565 838 2628 uti
877 2565 912 2628 id
950 2565 1120 2630 acciderat

12 2665 133 2726 mxime
159 2672 239 2726 ante
262 2664 366 2747 ipsius
389 2662 595 2744 electionem,
619 2684 790 2748 quumque
813 2661 891 2727 iude
912 2663 1036 2728 damna
1058 2684 1117 2749 pro

11 2755 138 2826 &clesia
179 2782 222 2824 ac
255 2759 509 2825 diminutionem
541 2760 747 2825 auctoritatis
781 2759 876 2826 Sedis
906 2761 1118 2846 Apostolicae

9 2873 137 2926 censeret
161 2868 377 2945 proventura,
401 2860 550 2923 animum
575 2880 613 2924 eo
638 2858 791 2939 intendit,
816 2868 853 2921 ut
874 2857 1118 2924 Constitutione

9 2975 104 3022 terem
119 2957 215 3022 edita
232 2953 427 3021 cardinales
443 2956 601 3040 adigeret,
619 2977 684 3041 quo
699 2957 796 3020 eitius
812 2955 891 3022 Sodi
905 2955 1118 3042 Apostolicae

9 3059 121 3120 vacanti
140 3054 370 3140 providerent.
395 3053 474 3138 Egit
490 3056 553 3119 ista
570 3054 612 3118 de
631 3057 824 3140 quaestione
841 3076 917 3119 cum
936 3053 1118 3120 Cardinali-

10 3148 55 3215 bus
69 3165 99 3218 et
118 3153 298 3238 episcopis.
336 3149 532 3216 cardinales
551 3153 687 3239 quidem
708 3154 892 3237 generatim
908 3175 1027 3239 parum
1046 3175 1119 3240 pro·

10 3252 182 3334 pendebant
206 3253 243 3314 in
266 3249 428 3334 ejusmodi
454 3250 634 3332 decretum,
659 3260 794 3336 propter
817 3251 1028 3316 incommoda
1051 3274 1119 3318 non

10 3349 110 3433 exigua
133 3369 224 3434 quae
248 3347 420 3429 timebant,
453 3358 486 3413 et
517 3348 711 3414 deliberatio
742 3370 782 3413 ea
812 3349 853 3414 de
882 3372 918 3413 re
948 3350 1118 3436 aliquanto

10 3454 136 3532 tempore
161 3445 369 3532 perduravit.
416 3446 482 3512 Sed
503 3445 694 3532 Gregorius,
719 3447 773 3510 cui
796 3447 965 3533 praesules
988 3449 1119 3513 univer-

9 3543 56 3608 tim
77 3542 342 3627 consentiebant,
375 3545 551 3609 eonsilium
575 3566 672 3609 suum
697 3554 856 3609 executus
887 3556 946 3620 est,
979 3556 1011 3610 et
1035 3544 1120 3612 Con·

11 3645 196 3708 stitutionem
223 3643 258 3706 in
282 3645 427 3706 sessione
450 3645 577 3729 quinta,
612 3642 666 3707 die
693 3643 751 3707 16⁰
774 3642 857 3709 Julii
888 3643 1014 3726 habita,
1047 3666 1119 3730 pro·

11 3741 170 3826 uukuvit,
211 3762 253 3804 ac
277 3751 391 3826 postea
415 3763 490 3806 cum
513 3740 650 3827 reliquis
675 3740 870 3826 publicavit.
909 3779 953 3789 —-
992 3743 1031 3806 In
1055 3741 1119 3806 bac

11 3835 254 3920 Constitutione,
293 3859 379 3924 quae
409 3847 458 3904 est
492 3839 639 3904 secunda
678 3839 764 3902 inter
795 3838 936 3904 concilii
976 3839 1119 3924 decreta,

11 3939 97 4020 ptimo
127 3938 371 4002 confirmantur
403 3957 451 4020 ea,
488 3960 574 4024 quae
603 3961 623 4002 a
652 3935 930 4022 praecedentibus
960 3938 1121 4003 Romanis

11 4031 224 4117 Pontificibus,
255 4037 449 4121 praesertim
480 4037 523 4101 ab
551 4035 744 4102 Alexandro
769 4036 830 4119 III,
864 4057 923 4120 pro
953 4035 1121 4101 evitandis

113 4183 206 4192 --—-

70 4249 206 4320 uersus,
227 4245 258 4302 n
279 4245 327 4301 x1.
347 4246 395 4302 001.
415 4248 476 4304 aaa.
