<?xml version="1.0" encoding="UTF-8"?>
<!DOCTYPE html PUBLIC "-//W3C//DTD XHTML 1.0 Transitional//EN"
    "http://www.w3.org/TR/xhtml1/DTD/xhtml1-transitional.dtd">
<html xmlns="http://www.w3.org/1999/xhtml" xml:lang="en" lang="en">
 <head>
  <title>
</title>
<meta http-equiv="Content-Type" content="text/html;charset=utf-8" />
  <meta name='ocr-system' content='tesseract 3.04.00' />
  <meta name='ocr-capabilities' content='ocr_page ocr_carea ocr_par ocr_line ocrx_word'/>
</head>
<body>
  <div class='ocr_page' id='page_1' title='image "./dissertationess00junggoog_0017.png"; bbox 0 0 3000 4838; ppageno 0'>
   <div class='ocr_carea' id='block_1_1' title="bbox 275 409 1206 478">
    <p class='ocr_par' dir='ltr' id='par_1_1' title="bbox 275 409 1206 478">
     <span class='ocr_line' id='line_1_1' title="bbox 275 409 1206 478; baseline 0.004 -15"><span class='ocrx_word' id='word_1_1' title='bbox 275 410 292 463; x_wconf 81' lang='lat'><em>2</em></span> <span class='ocrx_word' id='word_1_2' title='bbox 462 409 566 466; x_wconf 84' lang='lat' dir='ltr'><strong>XXIII.</strong></span> <span class='ocrx_word' id='word_1_3' title='bbox 587 411 626 464; x_wconf 89' lang='lat' dir='ltr'><strong>De</strong></span> <span class='ocrx_word' id='word_1_4' title='bbox 644 414 720 463; x_wconf 85' lang='lat' dir='ltr'><strong>stetu</strong></span> <span class='ocrx_word' id='word_1_5' title='bbox 739 409 838 464; x_wconf 83' lang='lat' dir='ltr'><strong>Eccles.</strong></span> <span class='ocrx_word' id='word_1_6' title='bbox 858 409 941 477; x_wconf 81' lang='lat' dir='ltr'>priori</span> <span class='ocrx_word' id='word_1_7' title='bbox 960 415 1125 478; x_wconf 78' lang='lat' dir='ltr'><strong>parteseae</strong></span> <span class='ocrx_word' id='word_1_8' title='bbox 1144 411 1206 468; x_wconf 85' lang='lat' dir='ltr'><strong>XII.</strong></span> 
     </span>
    </p>
   </div>
   <div class='ocr_carea' id='block_1_2' title="bbox 269 551 1399 1622">
    <p class='ocr_par' dir='ltr' id='par_1_2' title="bbox 269 551 1399 1622">
     <span class='ocr_line' id='line_1_2' title="bbox 274 551 1399 641; baseline -0.001 -20"><span class='ocrx_word' id='word_1_9' title='bbox 274 555 451 621; x_wconf 77' lang='lat' dir='ltr'><strong>schismate</strong></span> <span class='ocrx_word' id='word_1_10' title='bbox 475 556 564 620; x_wconf 89' lang='lat' dir='ltr'><strong>Petri</strong></span> <span class='ocrx_word' id='word_1_11' title='bbox 589 553 710 618; x_wconf 85' lang='lat' dir='ltr'>Leonis</span> <span class='ocrx_word' id='word_1_12' title='bbox 734 551 903 617; x_wconf 80' lang='lat' dir='ltr'><strong>Ecclesiae</strong></span> <span class='ocrx_word' id='word_1_13' title='bbox 934 575 1001 638; x_wconf 88' lang='lat' dir='ltr'><strong>pax</strong></span> <span class='ocrx_word' id='word_1_14' title='bbox 1032 563 1065 618; x_wconf 91' lang='lat' dir='ltr'><strong>et</strong></span> <span class='ocrx_word' id='word_1_15' title='bbox 1094 556 1204 619; x_wconf 91' lang='lat' dir='ltr'><strong>unitas</strong></span> <span class='ocrx_word' id='word_1_16' title='bbox 1234 557 1270 620; x_wconf 92' lang='lat' dir='ltr'><strong>iu</strong></span> <span class='ocrx_word' id='word_1_17' title='bbox 1292 577 1399 641; x_wconf 87' lang='lat' dir='ltr'><strong>gravo</strong></span> 
     </span>
     <span class='ocr_line' id='line_1_3' title="bbox 275 650 1397 732; baseline -0.001 -13"><span class='ocrx_word' id='word_1_18' title='bbox 275 655 454 720; x_wconf 86' lang='lat' dir='ltr'><strong>discrimen</strong></span> <span class='ocrx_word' id='word_1_19' title='bbox 479 661 597 717; x_wconf 86' lang='lat' dir='ltr'><strong>vocata</strong></span> <span class='ocrx_word' id='word_1_20' title='bbox 628 661 690 732; x_wconf 92' lang='lat' dir='ltr'><strong>est,</strong></span> <span class='ocrx_word' id='word_1_21' title='bbox 724 659 757 714; x_wconf 88' lang='lat' dir='ltr'><strong>et</strong></span> <span class='ocrx_word' id='word_1_22' title='bbox 786 652 821 714; x_wconf 93' lang='lat' dir='ltr'><strong>in</strong></span> <span class='ocrx_word' id='word_1_23' title='bbox 846 651 1012 716; x_wconf 87' lang='lat' dir='ltr'><strong>societatis</strong></span> <span class='ocrx_word' id='word_1_24' title='bbox 1036 650 1218 718; x_wconf 87' lang='lat' dir='ltr'><strong>catholicae</strong></span> <span class='ocrx_word' id='word_1_25' title='bbox 1242 655 1317 717; x_wconf 94' lang='lat' dir='ltr'><strong>sinu</strong></span> <span class='ocrx_word' id='word_1_26' title='bbox 1341 676 1397 718; x_wconf 86' lang='lat' dir='ltr'><strong>ve-</strong></span> 
     </span>
     <span class='ocr_line' id='line_1_4' title="bbox 274 749 1399 834; baseline -0.002 -16"><span class='ocrx_word' id='word_1_27' title='bbox 274 752 495 818; x_wconf 90' lang='lat' dir='ltr'><strong>hementiores</strong></span> <span class='ocrx_word' id='word_1_28' title='bbox 532 749 776 815; x_wconf 82' lang='lat' dir='ltr'><strong>controversiae</strong></span> <span class='ocrx_word' id='word_1_29' title='bbox 812 749 921 834; x_wconf 88' lang='lat' dir='ltr'><strong>quoad</strong></span> <span class='ocrx_word' id='word_1_30' title='bbox 960 749 1038 814; x_wconf 87' lang='lat' dir='ltr'><strong>lidei</strong></span> <span class='ocrx_word' id='word_1_31' title='bbox 1078 750 1264 815; x_wconf 89' lang='lat' dir='ltr'><strong>doctrinam</strong></span> <span class='ocrx_word' id='word_1_32' title='bbox 1304 761 1399 816; x_wconf 84' lang='lat' dir='ltr'><strong>ortae</strong></span> 
     </span>
     <span class='ocr_line' id='line_1_5' title="bbox 273 845 1396 936; baseline -0.003 -19"><span class='ocrx_word' id='word_1_33' title='bbox 273 861 363 934; x_wconf 89' lang='lat' dir='ltr'><strong>sunt,</strong></span> <span class='ocrx_word' id='word_1_34' title='bbox 403 849 596 936; x_wconf 82' lang='lat' dir='ltr'><strong>praesertim</strong></span> <span class='ocrx_word' id='word_1_35' title='bbox 627 869 686 932; x_wconf 92' lang='lat' dir='ltr'><strong>per</strong></span> <span class='ocrx_word' id='word_1_36' title='bbox 715 848 849 911; x_wconf 80' lang='lat' dir='ltr'><strong>Petrum</strong></span> <span class='ocrx_word' id='word_1_37' title='bbox 879 845 1121 926; x_wconf 82' lang='lat' dir='ltr'><strong>Abaelardum,</strong></span> <span class='ocrx_word' id='word_1_38' title='bbox 1160 851 1270 913; x_wconf 89' lang='lat' dir='ltr'><strong>virum</strong></span> <span class='ocrx_word' id='word_1_39' title='bbox 1301 849 1396 915; x_wconf 90' lang='lat' dir='ltr'><strong>illum</strong></span> 
     </span>
     <span class='ocr_line' id='line_1_6' title="bbox 272 945 1395 1033; baseline -0.003 -18"><span class='ocrx_word' id='word_1_40' title='bbox 272 951 405 1033; x_wconf 85' lang='lat' dir='ltr'><strong>ingenio</strong></span> <span class='ocrx_word' id='word_1_41' title='bbox 430 945 594 1026; x_wconf 88' lang='lat' dir='ltr'><strong>subtilem,</strong></span> <span class='ocrx_word' id='word_1_42' title='bbox 619 947 771 1010; x_wconf 87' lang='lat' dir='ltr'><strong>doctrina</strong></span> <span class='ocrx_word' id='word_1_43' title='bbox 793 947 1016 1028; x_wconf 89' lang='lat' dir='ltr'><strong>temerarium,</strong></span> <span class='ocrx_word' id='word_1_44' title='bbox 1049 946 1127 1011; x_wconf 85' lang='lat' dir='ltr'><strong>fatis</strong></span> <span class='ocrx_word' id='word_1_45' title='bbox 1147 949 1237 1011; x_wconf 88' lang='lat' dir='ltr'><strong>vitae</strong></span> <span class='ocrx_word' id='word_1_46' title='bbox 1260 948 1395 1033; x_wconf 84' lang='lat' dir='ltr'><strong>famige-</strong></span> 
     </span>
     <span class='ocr_line' id='line_1_7' title="bbox 272 1043 1397 1129; baseline -0.002 -17"><span class='ocrx_word' id='word_1_47' title='bbox 272 1059 390 1112; x_wconf 91' lang='lat' dir='ltr'><strong>ratum.</strong></span> <span class='ocrx_word' id='word_1_48' title='bbox 421 1047 568 1111; x_wconf 79' lang='lat' dir='ltr'><strong>Maxime</strong></span> <span class='ocrx_word' id='word_1_49' title='bbox 592 1043 767 1108; x_wconf 87' lang='lat' dir='ltr'><strong>salutarem</strong></span> <span class='ocrx_word' id='word_1_50' title='bbox 794 1063 871 1106; x_wconf 89' lang='lat' dir='ltr'><strong>vero</strong></span> <span class='ocrx_word' id='word_1_51' title='bbox 896 1053 929 1106; x_wconf 91' lang='lat' dir='ltr'><strong>et</strong></span> <span class='ocrx_word' id='word_1_52' title='bbox 941 1045 1110 1129; x_wconf 87' lang='lat' dir='ltr'><strong>ingentem</strong></span> <span class='ocrx_word' id='word_1_53' title='bbox 1126 1045 1302 1129; x_wconf 86' lang='lat' dir='ltr'><strong>influxum,</strong></span> <span class='ocrx_word' id='word_1_54' title='bbox 1319 1046 1397 1111; x_wconf 93' lang='lat' dir='ltr'><strong>Deo</strong></span> 
     </span>
     <span class='ocr_line' id='line_1_8' title="bbox 272 1140 1399 1231; baseline -0.004 -21"><span class='ocrx_word' id='word_1_55' title='bbox 272 1146 483 1231; x_wconf 87' lang='lat' dir='ltr'><strong>disponente,</strong></span> <span class='ocrx_word' id='word_1_56' title='bbox 515 1145 550 1207; x_wconf 93' lang='lat' dir='ltr'><strong>in</strong></span> <span class='ocrx_word' id='word_1_57' title='bbox 575 1143 766 1207; x_wconf 86' lang='lat' dir='ltr'><strong>societatem</strong></span> <span class='ocrx_word' id='word_1_58' title='bbox 792 1140 1008 1206; x_wconf 75' lang='lat' dir='ltr'><strong>christianam</strong></span> <span class='ocrx_word' id='word_1_59' title='bbox 1043 1164 1082 1207; x_wconf 89' lang='lat' dir='ltr'><strong>ea</strong></span> <span class='ocrx_word' id='word_1_60' title='bbox 1113 1151 1220 1207; x_wconf 87' lang='lat' dir='ltr'><strong>aetate</strong></span> <span class='ocrx_word' id='word_1_61' title='bbox 1244 1145 1399 1208; x_wconf 87' lang='lat' dir='ltr'><strong>exercuit</strong></span> 
     </span>
     <span class='ocr_line' id='line_1_9' title="bbox 272 1238 1398 1326; baseline -0.001 -18"><span class='ocrx_word' id='word_1_62' title='bbox 272 1267 296 1311; x_wconf 88' lang='lat' dir='ltr'><strong>s.</strong></span> <span class='ocrx_word' id='word_1_63' title='bbox 328 1242 534 1321; x_wconf 89' lang='lat' dir='ltr'><strong>Bernardus,</strong></span> <span class='ocrx_word' id='word_1_64' title='bbox 571 1242 616 1305; x_wconf 91' lang='lat' dir='ltr'><strong>ita</strong></span> <span class='ocrx_word' id='word_1_65' title='bbox 647 1239 782 1326; x_wconf 91' lang='lat' dir='ltr'><strong>quidem</strong></span> <span class='ocrx_word' id='word_1_66' title='bbox 812 1249 849 1303; x_wconf 90' lang='lat' dir='ltr'><strong>ut</strong></span> <span class='ocrx_word' id='word_1_67' title='bbox 881 1241 951 1324; x_wconf 91' lang='lat' dir='ltr'><strong>ipse</strong></span> <span class='ocrx_word' id='word_1_68' title='bbox 985 1261 1043 1324; x_wconf 85' lang='lat' dir='ltr'><strong>per</strong></span> <span class='ocrx_word' id='word_1_69' title='bbox 1074 1238 1201 1326; x_wconf 90' lang='lat' dir='ltr'><strong>aliquot</strong></span> <span class='ocrx_word' id='word_1_70' title='bbox 1230 1241 1398 1307; x_wconf 87' lang='lat' dir='ltr'><strong>decennia</strong></span> 
     </span>
     <span class='ocr_line' id='line_1_10' title="bbox 270 1336 1392 1423; baseline -0.002 -17"><span class='ocrx_word' id='word_1_71' title='bbox 270 1342 339 1407; x_wconf 84' lang='lat' dir='ltr'><strong>fere</strong></span> <span class='ocrx_word' id='word_1_72' title='bbox 363 1341 533 1406; x_wconf 88' lang='lat' dir='ltr'><strong>videretur</strong></span> <span class='ocrx_word' id='word_1_73' title='bbox 555 1359 627 1403; x_wconf 90' lang='lat' dir='ltr'><strong>esse</strong></span> <span class='ocrx_word' id='word_1_74' title='bbox 651 1336 750 1402; x_wconf 84' lang='lat' dir='ltr'><strong>cardo</strong></span> <span class='ocrx_word' id='word_1_75' title='bbox 774 1339 863 1400; x_wconf 88' lang='lat' dir='ltr'><strong>circa</strong></span> <span class='ocrx_word' id='word_1_76' title='bbox 887 1358 984 1423; x_wconf 90' lang='lat' dir='ltr'><strong>quem</strong></span> <span class='ocrx_word' id='word_1_77' title='bbox 1015 1338 1230 1403; x_wconf 84' lang='lat' dir='ltr'><strong>vertebantur</strong></span> <span class='ocrx_word' id='word_1_78' title='bbox 1258 1361 1310 1403; x_wconf 87' lang='lat' dir='ltr'><strong>res</strong></span> <span class='ocrx_word' id='word_1_79' title='bbox 1342 1362 1392 1404; x_wconf 91' lang='lat' dir='ltr'><strong>ec-</strong></span> 
     </span>
     <span class='ocr_line' id='line_1_11' title="bbox 270 1434 1395 1522; baseline -0.002 -18"><span class='ocrx_word' id='word_1_80' title='bbox 270 1439 485 1504; x_wconf 87' lang='lat' dir='ltr'><strong>clesiasticae.</strong></span> <span class='ocrx_word' id='word_1_81' title='bbox 533 1436 631 1502; x_wconf 90' lang='lat' dir='ltr'><strong>Unde</strong></span> <span class='ocrx_word' id='word_1_82' title='bbox 655 1445 687 1499; x_wconf 91' lang='lat' dir='ltr'><strong>et</strong></span> <span class='ocrx_word' id='word_1_83' title='bbox 710 1434 880 1499; x_wconf 88' lang='lat' dir='ltr'><strong>saeculum</strong></span> <span class='ocrx_word' id='word_1_84' title='bbox 903 1458 929 1500; x_wconf 89' lang='lat' dir='ltr'><strong>s.</strong></span> <span class='ocrx_word' id='word_1_85' title='bbox 953 1435 1115 1501; x_wconf 83' lang='lat' dir='ltr'><strong>llernardi</strong></span> <span class='ocrx_word' id='word_1_86' title='bbox 1147 1461 1167 1501; x_wconf 87' lang='lat' dir='ltr'><strong>a</strong></span> <span class='ocrx_word' id='word_1_87' title='bbox 1192 1436 1395 1522; x_wconf 90' lang='lat' dir='ltr'><strong>quibusdam</strong></span> 
     </span>
     <span class='ocr_line' id='line_1_12' title="bbox 269 1532 1219 1622; baseline -0.002 -21"><span class='ocrx_word' id='word_1_88' title='bbox 269 1536 460 1602; x_wconf 88' lang='lat' dir='ltr'><strong>auctoribus</strong></span> <span class='ocrx_word' id='word_1_89' title='bbox 485 1534 719 1599; x_wconf 91' lang='lat' dir='ltr'><strong>duodecimum</strong></span> <span class='ocrx_word' id='word_1_90' title='bbox 743 1532 911 1597; x_wconf 86' lang='lat' dir='ltr'><strong>saeculum</strong></span> <span class='ocrx_word' id='word_1_91' title='bbox 934 1533 1135 1619; x_wconf 87' lang='lat' dir='ltr'><strong>appellatum</strong></span> <span class='ocrx_word' id='word_1_92' title='bbox 1158 1544 1219 1622; x_wconf 74' lang='lat' dir='ltr'><strong>est.</strong></span> 
     </span>
    </p>
   </div>
   <div class='ocr_carea' id='block_1_3' title="bbox 267 1683 1397 2459">
    <p class='ocr_par' dir='ltr' id='par_1_3' title="bbox 267 1683 1397 2459">
     <span class='ocr_line' id='line_1_13' title="bbox 359 1683 1397 1771; baseline 0 -19"><span class='ocrx_word' id='word_1_93' title='bbox 359 1689 389 1753; x_wconf 82' lang='lat'><strong>2.</strong></span> <span class='ocrx_word' id='word_1_94' title='bbox 414 1687 505 1750; x_wconf 89' lang='lat' dir='ltr'><strong>Inter</strong></span> <span class='ocrx_word' id='word_1_95' title='bbox 520 1695 660 1750; x_wconf 86' lang='lat' dir='ltr'><strong>eventus</strong></span> <span class='ocrx_word' id='word_1_96' title='bbox 683 1685 739 1771; x_wconf 92' lang='lat' dir='ltr'><strong>qui</strong></span> <span class='ocrx_word' id='word_1_97' title='bbox 764 1683 812 1749; x_wconf 94' lang='lat' dir='ltr'><strong>illi</strong></span> <span class='ocrx_word' id='word_1_98' title='bbox 835 1683 992 1769; x_wconf 88' lang='lat' dir='ltr'><strong>epochae,</strong></span> <span class='ocrx_word' id='word_1_99' title='bbox 1017 1686 1051 1749; x_wconf 95' lang='lat' dir='ltr'><strong>in</strong></span> <span class='ocrx_word' id='word_1_100' title='bbox 1067 1707 1133 1771; x_wconf 88' lang='lat' dir='ltr'><strong>qua</strong></span> <span class='ocrx_word' id='word_1_101' title='bbox 1150 1687 1397 1752; x_wconf 85' lang='lat' dir='ltr'><strong>consideranda</strong></span> 
     </span>
     <span class='ocr_line' id='line_1_14' title="bbox 270 1781 1392 1871; baseline 0 -21"><span class='ocrx_word' id='word_1_102' title='bbox 270 1807 450 1871; x_wconf 84' lang='lat' dir='ltr'><strong>versamur,</strong></span> <span class='ocrx_word' id='word_1_103' title='bbox 475 1783 677 1871; x_wconf 90' lang='lat' dir='ltr'><strong>peculiarem</strong></span> <span class='ocrx_word' id='word_1_104' title='bbox 702 1781 926 1848; x_wconf 85' lang='lat' dir='ltr'><strong>characterem</strong></span> <span class='ocrx_word' id='word_1_105' title='bbox 944 1783 1075 1867; x_wconf 87' lang='lat' dir='ltr'><strong>dedere,</strong></span> <span class='ocrx_word' id='word_1_106' title='bbox 1100 1794 1132 1848; x_wconf 99' lang='lat' dir='ltr'><strong>et</strong></span> <span class='ocrx_word' id='word_1_107' title='bbox 1148 1784 1312 1848; x_wconf 86' lang='lat' dir='ltr'><strong>influxum</strong></span> <span class='ocrx_word' id='word_1_108' title='bbox 1329 1785 1392 1850; x_wconf 83' lang='lat' dir='ltr'><strong>Ec</strong></span> 
     </span>
     <span class='ocr_line' id='line_1_15' title="bbox 269 1880 1390 1951; baseline -0.003 0"><span class='ocrx_word' id='word_1_109' title='bbox 269 1885 389 1951; x_wconf 87' lang='lat' dir='ltr'><strong>clesiae</strong></span> <span class='ocrx_word' id='word_1_110' title='bbox 403 1906 443 1947; x_wconf 90' lang='lat' dir='ltr'><strong>ac</strong></span> <span class='ocrx_word' id='word_1_111' title='bbox 458 1883 681 1948; x_wconf 87' lang='lat' dir='ltr'><strong>Romanorum</strong></span> <span class='ocrx_word' id='word_1_112' title='bbox 699 1880 898 1945; x_wconf 89' lang='lat' dir='ltr'><strong>Pontificum</strong></span> <span class='ocrx_word' id='word_1_113' title='bbox 918 1883 951 1945; x_wconf 90' lang='lat' dir='ltr'><strong>in</strong></span> <span class='ocrx_word' id='word_1_114' title='bbox 966 1884 1156 1946; x_wconf 85' lang='lat' dir='ltr'><strong>societatem</strong></span> <span class='ocrx_word' id='word_1_115' title='bbox 1175 1881 1390 1949; x_wconf 88' lang='lat' dir='ltr'><strong>christianam</strong></span> 
     </span>
     <span class='ocr_line' id='line_1_16' title="bbox 268 1978 1396 2068; baseline -0.001 -20"><span class='ocrx_word' id='word_1_116' title='bbox 268 1982 449 2048; x_wconf 89' lang='lat' dir='ltr'><strong>admodum</strong></span> <span class='ocrx_word' id='word_1_117' title='bbox 472 1990 718 2067; x_wconf 86' lang='lat' dir='ltr'><strong>promoverunt,</strong></span> <span class='ocrx_word' id='word_1_118' title='bbox 741 1988 828 2042; x_wconf 89' lang='lat' dir='ltr'><strong>certe</strong></span> <span class='ocrx_word' id='word_1_119' title='bbox 842 1978 1064 2044; x_wconf 88' lang='lat' dir='ltr'><strong>recensendae</strong></span> <span class='ocrx_word' id='word_1_120' title='bbox 1081 1991 1158 2044; x_wconf 90' lang='lat' dir='ltr'><strong>sunt</strong></span> <span class='ocrx_word' id='word_1_121' title='bbox 1172 1982 1396 2068; x_wconf 69' lang='lat' dir='ltr'><strong>expeditiones</strong></span> 
     </span>
     <span class='ocr_line' id='line_1_17' title="bbox 269 2076 1390 2163; baseline -0.001 -17"><span class='ocrx_word' id='word_1_122' title='bbox 269 2083 447 2161; x_wconf 53' lang='lat' dir='ltr'><strong>cruciatam</strong></span> <span class='ocrx_word' id='word_1_123' title='bbox 484 2079 582 2158; x_wconf 90' lang='lat' dir='ltr'><strong>unde,</strong></span> <span class='ocrx_word' id='word_1_124' title='bbox 608 2079 668 2142; x_wconf 92' lang='lat' dir='ltr'><strong>etsi</strong></span> <span class='ocrx_word' id='word_1_125' title='bbox 688 2077 759 2163; x_wconf 91' lang='lat' dir='ltr'><strong>jam</strong></span> <span class='ocrx_word' id='word_1_126' title='bbox 784 2076 907 2141; x_wconf 89' lang='lat' dir='ltr'><strong>saeculi</strong></span> <span class='ocrx_word' id='word_1_127' title='bbox 931 2077 1160 2162; x_wconf 88' lang='lat' dir='ltr'><strong>praecedentis</strong></span> <span class='ocrx_word' id='word_1_128' title='bbox 1185 2077 1310 2144; x_wconf 83' lang='lat' dir='ltr'><strong>ultimis</strong></span> <span class='ocrx_word' id='word_1_129' title='bbox 1333 2103 1390 2145; x_wconf 89' lang='lat' dir='ltr'><strong>an·</strong></span> 
     </span>
     <span class='ocr_line' id='line_1_18' title="bbox 268 2174 1390 2262; baseline -0.001 -18"><span class='ocrx_word' id='word_1_130' title='bbox 268 2181 320 2244; x_wconf 91' lang='lat' dir='ltr'><strong>nis</strong></span> <span class='ocrx_word' id='word_1_131' title='bbox 350 2179 431 2244; x_wconf 90' lang='lat' dir='ltr'><strong>haec</strong></span> <span class='ocrx_word' id='word_1_132' title='bbox 456 2199 549 2242; x_wconf 88' lang='lat' dir='ltr'><strong>saera</strong></span> <span class='ocrx_word' id='word_1_133' title='bbox 573 2174 660 2240; x_wconf 91' lang='lat' dir='ltr'><strong>bella</strong></span> <span class='ocrx_word' id='word_1_134' title='bbox 685 2176 885 2259; x_wconf 88' lang='lat' dir='ltr'><strong>inceperint,</strong></span> <span class='ocrx_word' id='word_1_135' title='bbox 919 2174 983 2238; x_wconf 93' lang='lat' dir='ltr'><strong>hoc</strong></span> <span class='ocrx_word' id='word_1_136' title='bbox 1016 2174 1087 2241; x_wconf 91' lang='lat' dir='ltr'><strong>loco</strong></span> <span class='ocrx_word' id='word_1_137' title='bbox 1114 2175 1156 2240; x_wconf 90' lang='lat' dir='ltr'><strong>de</strong></span> <span class='ocrx_word' id='word_1_138' title='bbox 1180 2178 1220 2241; x_wconf 89' lang='lat' dir='ltr'><strong>iis</strong></span> <span class='ocrx_word' id='word_1_139' title='bbox 1242 2179 1390 2262; x_wconf 82' lang='lat' dir='ltr'><strong>generali</strong></span> 
     </span>
     <span class='ocr_line' id='line_1_19' title="bbox 267 2272 1393 2361; baseline -0.001 -19"><span class='ocrx_word' id='word_1_140' title='bbox 267 2279 395 2342; x_wconf 87' lang='lat' dir='ltr'><strong>ratione</strong></span> <span class='ocrx_word' id='word_1_141' title='bbox 419 2276 578 2341; x_wconf 87' lang='lat' dir='ltr'><strong>disserere</strong></span> <span class='ocrx_word' id='word_1_142' title='bbox 603 2283 823 2359; x_wconf 90' lang='lat' dir='ltr'><strong>opportunum</strong></span> <span class='ocrx_word' id='word_1_143' title='bbox 854 2272 994 2337; x_wconf 90' lang='lat' dir='ltr'><strong>videtur.</strong></span> <span class='ocrx_word' id='word_1_144' title='bbox 1042 2275 1190 2359; x_wconf 88' lang='lat' dir='ltr'><strong>Agemus</strong></span> <span class='ocrx_word' id='word_1_145' title='bbox 1218 2297 1315 2361; x_wconf 87' lang='lat' dir='ltr'><strong>porro</strong></span> <span class='ocrx_word' id='word_1_146' title='bbox 1347 2278 1393 2342; x_wconf 94' lang='lat' dir='ltr'><strong>de</strong></span> 
     </span>
     <span class='ocr_line' id='line_1_20' title="bbox 268 2371 1391 2459; baseline -0.001 -19"><span class='ocrx_word' id='word_1_147' title='bbox 268 2377 483 2440; x_wconf 82' lang='lat' dir='ltr'><strong>Romanorum</strong></span> <span class='ocrx_word' id='word_1_148' title='bbox 498 2372 682 2455; x_wconf 82' lang='lat' dir='ltr'><strong>Pontificum</strong></span> <span class='ocrx_word' id='word_1_149' title='bbox 702 2371 793 2459; x_wconf 80' lang='lat' dir='ltr'><strong>hujus</strong></span> <span class='ocrx_word' id='word_1_150' title='bbox 817 2372 932 2434; x_wconf 82' lang='lat' dir='ltr'><strong>aetatis</strong></span> <span class='ocrx_word' id='word_1_151' title='bbox 956 2371 1143 2453; x_wconf 78' lang='lat' dir='ltr'><strong>conditione,</strong></span> <span class='ocrx_word' id='word_1_152' title='bbox 1167 2383 1200 2437; x_wconf 90' lang='lat' dir='ltr'><strong>et</strong></span> <span class='ocrx_word' id='word_1_153' title='bbox 1215 2376 1391 2458; x_wconf 85' lang='lat' dir='ltr'><strong>speciatim</strong></span> 
     </span>
    </p>
   </div>
   <div class='ocr_carea' id='block_1_4' title="bbox 264 2469 1393 3026">
    <p class='ocr_par' dir='ltr' id='par_1_4' title="bbox 264 2469 1393 3026">
     <span class='ocr_line' id='line_1_21' title="bbox 267 2469 1390 2558; baseline 0 -21"><span class='ocrx_word' id='word_1_154' title='bbox 267 2472 395 2558; x_wconf 85' lang='lat' dir='ltr'><strong>aliquas</strong></span> <span class='ocrx_word' id='word_1_155' title='bbox 427 2470 654 2557; x_wconf 84' lang='lat' dir='ltr'><strong>expendemus</strong></span> <span class='ocrx_word' id='word_1_156' title='bbox 684 2469 907 2555; x_wconf 87' lang='lat' dir='ltr'><strong>quaestiones,</strong></span> <span class='ocrx_word' id='word_1_157' title='bbox 940 2489 1024 2554; x_wconf 88' lang='lat' dir='ltr'><strong>quae</strong></span> <span class='ocrx_word' id='word_1_158' title='bbox 1055 2490 1167 2534; x_wconf 91' lang='lat' dir='ltr'><strong>eorum</strong></span> <span class='ocrx_word' id='word_1_159' title='bbox 1192 2481 1390 2557; x_wconf 85' lang='lat' dir='ltr'><strong>potestatem</strong></span> 
     </span>
     <span class='ocr_line' id='line_1_22' title="bbox 268 2565 1393 2656; baseline 0.002 -22"><span class='ocrx_word' id='word_1_160' title='bbox 268 2570 377 2656; x_wconf 89' lang='lat' dir='ltr'><strong>quoad</strong></span> <span class='ocrx_word' id='word_1_161' title='bbox 400 2570 625 2655; x_wconf 89' lang='lat' dir='ltr'><strong>principatum</strong></span> <span class='ocrx_word' id='word_1_162' title='bbox 649 2566 794 2648; x_wconf 88' lang='lat' dir='ltr'><strong>civilem,</strong></span> <span class='ocrx_word' id='word_1_163' title='bbox 819 2565 872 2630; x_wconf 90' lang='lat' dir='ltr'><strong>vel</strong></span> <span class='ocrx_word' id='word_1_164' title='bbox 888 2567 999 2652; x_wconf 90' lang='lat' dir='ltr'><strong>quoad</strong></span> <span class='ocrx_word' id='word_1_165' title='bbox 1013 2565 1189 2632; x_wconf 89' lang='lat' dir='ltr'><strong>relationes</strong></span> <span class='ocrx_word' id='word_1_166' title='bbox 1213 2591 1289 2633; x_wconf 90' lang='lat' dir='ltr'><strong>cum</strong></span> <span class='ocrx_word' id='word_1_167' title='bbox 1313 2569 1393 2636; x_wconf 87' lang='lat' dir='ltr'><strong>aliis</strong></span> 
     </span>
     <span class='ocr_line' id='line_1_23' title="bbox 265 2663 1388 2754; baseline 0.001 -22"><span class='ocrx_word' id='word_1_168' title='bbox 265 2667 473 2754; x_wconf 91' lang='lat' dir='ltr'><strong>principibus</strong></span> <span class='ocrx_word' id='word_1_169' title='bbox 490 2676 651 2751; x_wconf 86' lang='lat' dir='ltr'><strong>spectant.</strong></span> <span class='ocrx_word' id='word_1_170' title='bbox 683 2663 970 2729; x_wconf 83' lang='lat' dir='ltr'><strong>Considerandum</strong></span> <span class='ocrx_word' id='word_1_171' title='bbox 994 2687 1090 2751; x_wconf 89' lang='lat' dir='ltr'><strong>porro</strong></span> <span class='ocrx_word' id='word_1_172' title='bbox 1110 2667 1203 2730; x_wconf 88' lang='lat' dir='ltr'><strong>venit</strong></span> <span class='ocrx_word' id='word_1_173' title='bbox 1226 2667 1388 2753; x_wconf 89' lang='lat' dir='ltr'><strong>peculiari</strong></span> 
     </span>
     <span class='ocr_line' id='line_1_24' title="bbox 265 2763 1391 2848; baseline 0.002 -18"><span class='ocrx_word' id='word_1_174' title='bbox 265 2766 362 2830; x_wconf 91' lang='lat' dir='ltr'><strong>modo</strong></span> <span class='ocrx_word' id='word_1_175' title='bbox 387 2767 520 2830; x_wconf 77' lang='lat' dir='ltr'><strong>schinne</strong></span> <span class='ocrx_word' id='word_1_176' title='bbox 543 2765 632 2828; x_wconf 82' lang='lat' dir='ltr'><strong>Petri</strong></span> <span class='ocrx_word' id='word_1_177' title='bbox 656 2763 772 2826; x_wconf 84' lang='lat' dir='ltr'><strong>Leonis</strong></span> <span class='ocrx_word' id='word_1_178' title='bbox 794 2771 824 2825; x_wconf 87' lang='lat' dir='ltr'><strong>et</strong></span> <span class='ocrx_word' id='word_1_179' title='bbox 842 2763 1049 2848; x_wconf 80' lang='lat' dir='ltr'><strong>pontificatus</strong></span> <span class='ocrx_word' id='word_1_180' title='bbox 1073 2765 1250 2830; x_wconf 86' lang='lat' dir='ltr'><strong>Innocentii</strong></span> <span class='ocrx_word' id='word_1_181' title='bbox 1273 2767 1316 2846; x_wconf 87' lang='lat' dir='ltr'><strong>II,</strong></span> <span class='ocrx_word' id='word_1_182' title='bbox 1348 2791 1391 2832; x_wconf 88' lang='lat' dir='ltr'><strong>ac</strong></span> 
     </span>
     <span class='ocr_line' id='line_1_25' title="bbox 265 2859 1389 2947; baseline 0.004 -21"><span class='ocrx_word' id='word_1_183' title='bbox 265 2862 398 2928; x_wconf 90' lang='lat' dir='ltr'><strong>demum</strong></span> <span class='ocrx_word' id='word_1_184' title='bbox 427 2863 465 2927; x_wconf 90' lang='lat' dir='ltr'><strong>de</strong></span> <span class='ocrx_word' id='word_1_185' title='bbox 498 2862 717 2926; x_wconf 82' lang='lat' dir='ltr'><strong>controversiis</strong></span> <span class='ocrx_word' id='word_1_186' title='bbox 747 2861 961 2924; x_wconf 82' lang='lat' dir='ltr'><strong>haeresibnaoe</strong></span> <span class='ocrx_word' id='word_1_187' title='bbox 993 2859 1092 2947; x_wconf 90' lang='lat' dir='ltr'><strong>hujus</strong></span> <span class='ocrx_word' id='word_1_188' title='bbox 1124 2866 1241 2928; x_wconf 83' lang='lat' dir='ltr'><strong>aetatis</strong></span> <span class='ocrx_word' id='word_1_189' title='bbox 1269 2875 1389 2930; x_wconf 86' lang='lat' dir='ltr'><strong>tracta-</strong></span> 
     </span>
     <span class='ocr_line' id='line_1_26' title="bbox 264 2961 384 3026; baseline 0 0"><span class='ocrx_word' id='word_1_190' title='bbox 264 2961 384 3026; x_wconf 89' lang='lat' dir='ltr'><strong>bimus.</strong></span> 
     </span>
    </p>
   </div>
   <div class='ocr_carea' id='block_1_5' title="bbox 257 3099 1392 3873">
    <p class='ocr_par' dir='ltr' id='par_1_5' title="bbox 257 3099 1392 3873">
     <span class='ocr_line' id='line_1_27' title="bbox 353 3099 1388 3188; baseline 0.001 -21"><span class='ocrx_word' id='word_1_191' title='bbox 353 3105 383 3168; x_wconf 84' lang='lat'><strong>3.</strong></span> <span class='ocrx_word' id='word_1_192' title='bbox 409 3099 544 3167; x_wconf 82' lang='lat' dir='ltr'><strong>Consuli</strong></span> <span class='ocrx_word' id='word_1_193' title='bbox 568 3111 723 3188; x_wconf 89' lang='lat' dir='ltr'><strong>possunt:</strong></span> <span class='ocrx_word' id='word_1_194' title='bbox 749 3103 879 3165; x_wconf 80' lang='lat' dir='ltr'><strong>liecneil</strong></span> <span class='ocrx_word' id='word_1_195' title='bbox 902 3101 957 3166; x_wconf 85' lang='lat' dir='ltr'><strong>des</strong></span> <span class='ocrx_word' id='word_1_196' title='bbox 973 3103 1155 3168; x_wconf 83' lang='lat' dir='ltr'><strong>Historiens</strong></span> <span class='ocrx_word' id='word_1_197' title='bbox 1178 3104 1233 3168; x_wconf 86' lang='lat' dir='ltr'><strong>dec</strong></span> <span class='ocrx_word' id='word_1_198' title='bbox 1260 3103 1388 3169; x_wconf 78' lang='lat' dir='ltr'><strong>Greisa-</strong></span> 
     </span>
     <span class='ocr_line' id='line_1_28' title="bbox 263 3198 1388 3282; baseline 0 -16"><span class='ocrx_word' id='word_1_199' title='bbox 263 3203 326 3268; x_wconf 84' lang='lat' dir='ltr'><strong>des.</strong></span> <span class='ocrx_word' id='word_1_200' title='bbox 375 3203 496 3266; x_wconf 82' lang='lat' dir='ltr'><strong>Hister.</strong></span> <span class='ocrx_word' id='word_1_201' title='bbox 522 3199 729 3264; x_wconf 67' lang='lat' dir='ltr'><strong>occidentanae</strong></span> <span class='ocrx_word' id='word_1_202' title='bbox 751 3203 773 3262; x_wconf 90' lang='lat'><em>3</em></span> <span class='ocrx_word' id='word_1_203' title='bbox 795 3198 868 3264; x_wconf 87' lang='lat' dir='ltr'><strong>vell.</strong></span> <span class='ocrx_word' id='word_1_204' title='bbox 901 3201 1008 3280; x_wconf 84' lang='lat' dir='ltr'><strong>(Paris</strong></span> <span class='ocrx_word' id='word_1_205' title='bbox 1035 3202 1285 3282; x_wconf 70' lang='lat' dir='ltr'><strong>leil-1866),</strong></span> <span class='ocrx_word' id='word_1_206' title='bbox 1324 3203 1388 3266; x_wconf 84' lang='lat' dir='ltr'><strong>Hi-</strong></span> 
     </span>
     <span class='ocr_line' id='line_1_29' title="bbox 261 3297 1392 3384; baseline 0 -20"><span class='ocrx_word' id='word_1_207' title='bbox 261 3312 337 3364; x_wconf 63' lang='grc' dir='ltr'><strong><em>κίον.</em></strong></span> <span class='ocrx_word' id='word_1_208' title='bbox 364 3301 540 3378; x_wconf 72' lang='lat' dir='ltr'><strong>orientatis,</strong></span> <span class='ocrx_word' id='word_1_209' title='bbox 567 3309 638 3362; x_wconf 82' lang='lat' dir='ltr'><strong>torn.</strong></span> <span class='ocrx_word' id='word_1_210' title='bbox 663 3297 689 3363; x_wconf 93' lang='lat' dir='ltr'><strong>I.</strong></span> <span class='ocrx_word' id='word_1_211' title='bbox 714 3297 823 3384; x_wconf 70' lang='lat' dir='ltr'><strong>(Paris</strong></span> <span class='ocrx_word' id='word_1_212' title='bbox 850 3299 967 3382; x_wconf 73' lang='lat'><strong>1872),</strong></span> <span class='ocrx_word' id='word_1_213' title='bbox 1006 3297 1165 3382; x_wconf 65' lang='lat' dir='ltr'><strong>Bongiana</strong></span> <span class='ocrx_word' id='word_1_214' title='bbox 1199 3298 1297 3363; x_wconf 81' lang='lat' dir='ltr'><strong>Geato</strong></span> <span class='ocrx_word' id='word_1_215' title='bbox 1320 3301 1392 3365; x_wconf 85' lang='lat' dir='ltr'><strong>Dei</strong></span> 
     </span>
     <span class='ocr_line' id='line_1_30' title="bbox 257 3395 1385 3486; baseline 0.002 -26"><span class='ocrx_word' id='word_1_216' title='bbox 257 3419 319 3486; x_wconf 83' lang='lat' dir='ltr'><strong>per</strong></span> <span class='ocrx_word' id='word_1_217' title='bbox 342 3399 494 3476; x_wconf 81' lang='lat' dir='ltr'><strong>Francos,</strong></span> <span class='ocrx_word' id='word_1_218' title='bbox 519 3395 691 3483; x_wconf 85' lang='lat' dir='ltr'><strong>(Hannov.</strong></span> <span class='ocrx_word' id='word_1_219' title='bbox 718 3395 834 3477; x_wconf 84' lang='lat'>1611);</span> <span class='ocrx_word' id='word_1_220' title='bbox 859 3395 1029 3477; x_wconf 89' lang='lat' dir='ltr'><strong>Michaud‚</strong></span> <span class='ocrx_word' id='word_1_221' title='bbox 1055 3397 1198 3460; x_wconf 83' lang='lat' dir='ltr'><strong>Histoire</strong></span> <span class='ocrx_word' id='word_1_222' title='bbox 1222 3399 1277 3462; x_wconf 89' lang='lat' dir='ltr'><strong>des</strong></span> <span class='ocrx_word' id='word_1_223' title='bbox 1297 3396 1385 3463; x_wconf 82' lang='lat' dir='ltr'><strong>Crei-</strong></span> 
     </span>
     <span class='ocr_line' id='line_1_31' title="bbox 261 3493 1385 3582; baseline 0.002 -24"><span class='ocrx_word' id='word_1_224' title='bbox 261 3496 369 3578; x_wconf 82' lang='lat' dir='ltr'><strong>sades,</strong></span> <span class='ocrx_word' id='word_1_225' title='bbox 393 3498 415 3559; x_wconf 82' lang='grc'><strong><em>4</em></strong></span> <span class='ocrx_word' id='word_1_226' title='bbox 438 3494 511 3560; x_wconf 86' lang='lat' dir='ltr'><strong>coll.</strong></span> <span class='ocrx_word' id='word_1_227' title='bbox 537 3495 644 3582; x_wconf 89' lang='lat' dir='ltr'><strong>(Paris</strong></span> <span class='ocrx_word' id='word_1_228' title='bbox 670 3493 787 3576; x_wconf 80' lang='lat'>1825);</span> <span class='ocrx_word' id='word_1_229' title='bbox 813 3493 963 3575; x_wconf 91' lang='lat' dir='ltr'><strong>Wilken‚</strong></span> <span class='ocrx_word' id='word_1_230' title='bbox 992 3494 1169 3560; x_wconf 78' lang='lat' dir='ltr'><strong>Gesciiehte</strong></span> <span class='ocrx_word' id='word_1_231' title='bbox 1192 3496 1249 3559; x_wconf 75' lang='lat' dir='ltr'><strong>dei·</strong></span> <span class='ocrx_word' id='word_1_232' title='bbox 1266 3497 1385 3560; x_wconf 81' lang='lat' dir='ltr'><strong>Krene—</strong></span> 
     </span>
     <span class='ocr_line' id='line_1_32' title="bbox 260 3591 1387 3678; baseline 0.002 -22"><span class='ocrx_word' id='word_1_233' title='bbox 260 3605 343 3678; x_wconf 72' lang='lat' dir='ltr'><strong>stipe,</strong></span> <span class='ocrx_word' id='word_1_234' title='bbox 370 3593 483 3658; x_wconf 80' lang='lat' dir='ltr'><strong>7Bdc.</strong></span> <span class='ocrx_word' id='word_1_235' title='bbox 500 3592 653 3677; x_wconf 73' lang='lat' dir='ltr'><strong>(Leipzig</strong></span> <span class='ocrx_word' id='word_1_236' title='bbox 670 3591 855 3657; x_wconf 80' lang='lat'>1807-13.</span> <span class='ocrx_word' id='word_1_237' title='bbox 883 3593 1088 3674; x_wconf 78' lang='lat'>1817—32);</span> <span class='ocrx_word' id='word_1_238' title='bbox 1113 3593 1156 3658; x_wconf 90' lang='grc' dir='ltr'><strong>Η.</strong></span> <span class='ocrx_word' id='word_1_239' title='bbox 1174 3593 1284 3674; x_wconf 85' lang='lat' dir='ltr'><strong>Prutz,</strong></span> <span class='ocrx_word' id='word_1_240' title='bbox 1302 3594 1387 3658; x_wconf 85' lang='lat' dir='ltr'><strong>Knl-</strong></span> 
     </span>
     <span class='ocr_line' id='line_1_33' title="bbox 261 3688 1385 3775; baseline 0.001 -21"><span class='ocrx_word' id='word_1_241' title='bbox 261 3693 478 3775; x_wconf 75' lang='lat' dir='ltr'><strong>turpcschiclste</strong></span> <span class='ocrx_word' id='word_1_242' title='bbox 505 3691 562 3754; x_wconf 88' lang='lat' dir='ltr'><strong>der</strong></span> <span class='ocrx_word' id='word_1_243' title='bbox 576 3691 764 3773; x_wconf 76' lang='lat' dir='ltr'><strong>Kreaezttpe,</strong></span> <span class='ocrx_word' id='word_1_244' title='bbox 788 3688 912 3770; x_wconf 85' lang='lat' dir='ltr'><strong>(Berlin</strong></span> <span class='ocrx_word' id='word_1_245' title='bbox 930 3689 1044 3774; x_wconf 82' lang='lat'>1883);</span> <span class='ocrx_word' id='word_1_246' title='bbox 1068 3691 1203 3755; x_wconf 90' lang='lat' dir='ltr'><strong>Baronii</strong></span> <span class='ocrx_word' id='word_1_247' title='bbox 1227 3692 1385 3772; x_wconf 83' lang='lat' dir='ltr'><strong>Annales,</strong></span> 
     </span>
     <span class='ocr_line' id='line_1_34' title="bbox 261 3787 1385 3873; baseline 0.002 -21"><span class='ocrx_word' id='word_1_248' title='bbox 261 3787 427 3853; x_wconf 82' lang='lat' dir='ltr'><strong>Saeculum</strong></span> <span class='ocrx_word' id='word_1_249' title='bbox 442 3791 510 3853; x_wconf 87' lang='lat' dir='ltr'><strong>XII</strong></span> <span class='ocrx_word' id='word_1_250' title='bbox 511 3813 522 3868; x_wconf 90' lang='lat'><em>;</em></span> <span class='ocrx_word' id='word_1_251' title='bbox 548 3787 744 3866; x_wconf 86' lang='lat' dir='ltr'><strong>Watterich,</strong></span> <span class='ocrx_word' id='word_1_252' title='bbox 776 3789 865 3852; x_wconf 85' lang='lat' dir='ltr'><strong>Vitae</strong></span> <span class='ocrx_word' id='word_1_253' title='bbox 881 3790 972 3854; x_wconf 84' lang='lat' dir='ltr'><strong>Rom.</strong></span> <span class='ocrx_word' id='word_1_254' title='bbox 997 3789 1180 3873; x_wconf 82' lang='lat' dir='ltr'><strong>Pontificum</strong></span> <span class='ocrx_word' id='word_1_255' title='bbox 1209 3790 1293 3853; x_wconf 88' lang='lat' dir='ltr'><strong>Tem.</strong></span> <span class='ocrx_word' id='word_1_256' title='bbox 1319 3789 1385 3870; x_wconf 85' lang='lat' dir='ltr'><strong>II.;</strong></span> 
     </span>
    </p>
   </div>
   <div class='ocr_carea' id='block_1_6' title="bbox 260 3883 1494 3971">
    <p class='ocr_par' dir='ltr' id='par_1_6' title="bbox 260 3883 1494 3971">
     <span class='ocr_line' id='line_1_35' title="bbox 260 3883 1494 3971; baseline 0.005 -23"><span class='ocrx_word' id='word_1_257' title='bbox 260 3883 390 3968; x_wconf 87' lang='lat' dir='ltr'><strong>Hefele,</strong></span> <span class='ocrx_word' id='word_1_258' title='bbox 431 3884 521 3951; x_wconf 86' lang='lat' dir='ltr'><strong>Cone.</strong></span> <span class='ocrx_word' id='word_1_259' title='bbox 560 3885 668 3950; x_wconf 76' lang='lat' dir='ltr'><strong>Gesch.</strong></span> <span class='ocrx_word' id='word_1_260' title='bbox 701 3885 739 3950; x_wconf 90' lang='lat' dir='ltr'><strong>B.</strong></span> <span class='ocrx_word' id='word_1_261' title='bbox 772 3886 825 3965; x_wconf 85' lang='lat' dir='ltr'><strong>V.;</strong></span> <span class='ocrx_word' id='word_1_262' title='bbox 853 3885 1069 3971; x_wconf 85' lang='lat' dir='ltr'><strong>Demberger,</strong></span> <span class='ocrx_word' id='word_1_263' title='bbox 1097 3886 1205 3952; x_wconf 77' lang='lat' dir='ltr'><strong>Gesch.</strong></span> <span class='ocrx_word' id='word_1_264' title='bbox 1229 3887 1267 3950; x_wconf 90' lang='lat' dir='ltr'><strong>B.</strong></span> <span class='ocrx_word' id='word_1_265' title='bbox 1292 3886 1383 3970; x_wconf 83' lang='lat' dir='ltr'><em>VJJ.;</em></span> <span class='ocrx_word' id='word_1_266' title='bbox 1493 3903 1494 3906; x_wconf 76' lang='grc'>’</span> 
     </span>
    </p>
   </div>
   <div class='ocr_carea' id='block_1_7' title="bbox 258 3982 1383 4265">
    <p class='ocr_par' dir='ltr' id='par_1_7' title="bbox 258 3982 1383 4265">
     <span class='ocr_line' id='line_1_36' title="bbox 258 3982 1383 4066; baseline 0.002 -20"><span class='ocrx_word' id='word_1_267' title='bbox 258 3983 433 4066; x_wconf 86' lang='lat' dir='ltr'><strong>Reumont,</strong></span> <span class='ocrx_word' id='word_1_268' title='bbox 462 3985 639 4049; x_wconf 83' lang='lat' dir='ltr'><strong>Geschichte</strong></span> <span class='ocrx_word' id='word_1_269' title='bbox 663 3984 720 4047; x_wconf 84' lang='lat' dir='ltr'><strong>der</strong></span> <span class='ocrx_word' id='word_1_270' title='bbox 737 3983 832 4048; x_wconf 87' lang='lat' dir='ltr'><strong>Studt</strong></span> <span class='ocrx_word' id='word_1_271' title='bbox 855 3986 937 4047; x_wconf 84' lang='lat' dir='ltr'><strong>Rom</strong></span> <span class='ocrx_word' id='word_1_272' title='bbox 959 3985 997 4048; x_wconf 91' lang='lat' dir='ltr'><strong>B.</strong></span> <span class='ocrx_word' id='word_1_273' title='bbox 1022 3983 1086 4064; x_wconf 90' lang='lat' dir='ltr'><strong>II.;</strong></span> <span class='ocrx_word' id='word_1_274' title='bbox 1115 3982 1235 4065; x_wconf 84' lang='lat' dir='ltr'><strong>Balan,</strong></span> <span class='ocrx_word' id='word_1_275' title='bbox 1270 3983 1383 4048; x_wconf 59' lang='lat' dir='ltr'><strong>Stoica</strong></span> 
     </span>
     <span class='ocr_line' id='line_1_37' title="bbox 259 4079 1382 4162; baseline 0.001 -18"><span class='ocrx_word' id='word_1_276' title='bbox 259 4079 401 4160; x_wconf 88' lang='lat' dir='ltr'><strong>d&#39;ltolio,</strong></span> <span class='ocrx_word' id='word_1_277' title='bbox 447 4082 513 4146; x_wconf 80' lang='lat' dir='ltr'><strong>Vol.</strong></span> <span class='ocrx_word' id='word_1_278' title='bbox 539 4083 597 4146; x_wconf 86' lang='lat' dir='ltr'><strong>III.</strong></span> <span class='ocrx_word' id='word_1_279' title='bbox 629 4082 691 4146; x_wconf 88' lang='lat' dir='ltr'><strong>LL.</strong></span> <span class='ocrx_word' id='word_1_280' title='bbox 718 4083 821 4146; x_wconf 85' lang='lat' dir='ltr'><strong>XXII.</strong></span> <span class='ocrx_word' id='word_1_281' title='bbox 847 4083 967 4146; x_wconf 86' lang='lat' dir='ltr'><strong>XXIII.</strong></span> <span class='ocrx_word' id='word_1_282' title='bbox 976 4105 988 4162; x_wconf 88' lang='lat'><strong>,·</strong></span> <span class='ocrx_word' id='word_1_283' title='bbox 1025 4083 1182 4145; x_wconf 86' lang='lat' dir='ltr'><strong>ldestini</strong></span> <span class='ocrx_word' id='word_1_284' title='bbox 1205 4083 1240 4146; x_wconf 91' lang='lat' dir='ltr'><strong>di</strong></span> <span class='ocrx_word' id='word_1_285' title='bbox 1265 4085 1382 4161; x_wconf 82' lang='lat' dir='ltr'><strong>Rome,</strong></span> 
     </span>
     <span class='ocr_line' id='line_1_38' title="bbox 259 4177 1379 4265; baseline 0.001 -23"><span class='ocrx_word' id='word_1_286' title='bbox 259 4177 386 4243; x_wconf 73' lang='lat' dir='ltr'><strong>Civiltt</strong></span> <span class='ocrx_word' id='word_1_287' title='bbox 417 4179 525 4245; x_wconf 88' lang='lat' dir='ltr'><strong>cattol.</strong></span> <span class='ocrx_word' id='word_1_288' title='bbox 565 4179 655 4244; x_wconf 83' lang='lat' dir='ltr'><strong>Seria</strong></span> <span class='ocrx_word' id='word_1_289' title='bbox 688 4179 782 4244; x_wconf 92' lang='lat' dir='ltr'><strong>Vlll.</strong></span> <span class='ocrx_word' id='word_1_290' title='bbox 822 4179 1002 4260; x_wconf 87' lang='lat' dir='ltr'><strong>Vol.V11;</strong></span> <span class='ocrx_word' id='word_1_291' title='bbox 1039 4179 1294 4265; x_wconf 82' lang='lat' dir='ltr'><strong>Hergenrdther,</strong></span> <span class='ocrx_word' id='word_1_292' title='bbox 1335 4181 1379 4244; x_wconf 87' lang='lat' dir='ltr'><strong>K.</strong></span> 
     </span>
    </p>
   </div>
   <div class='ocr_carea' id='block_1_8' title="bbox 875 4323 931 4368">
    <p class='ocr_par' dir='ltr' id='par_1_8' title="bbox 875 4323 931 4368">
     <span class='ocr_line' id='line_1_39' title="bbox 875 4323 931 4368; baseline 0 0"><span class='ocrx_word' id='word_1_293' title='bbox 875 4323 882 4342; x_wconf 86' lang='grc'><em>’</em></span> <span class='ocrx_word' id='word_1_294' title='bbox 918 4337 931 4368; x_wconf 72' lang='lat' dir='ltr'><strong>s</strong></span> 
     </span>
    </p>
   </div>
   <div class='ocr_carea' id='block_1_9' title="bbox 0 0 1504 4838">
    <p class='ocr_par' dir='ltr' id='par_1_9' title="bbox 0 0 1504 4838">
     <span class='ocr_line' id='line_1_40' title="bbox 0 0 1504 4838; baseline 0 4"><span class='ocrx_word' id='word_1_295' title='bbox 0 0 1504 4838; x_wconf 95' lang='lat' dir='ltr'><strong> </strong></span> 
     </span>
    </p>
   </div>
  </div>
 </body>
</html>
