2868 4844
356 459 396 512 De
415 458 597 514 exstinctione
614 459 778 516 schismatis.
1076 459 1132 513 299

12 601 169 670 membris.
217 601 417 668 Accuratius
441 603 482 668 de
506 612 619 668 tenore
643 627 684 669 ac
708 603 749 668 de
774 602 885 668 valore
918 603 1048 667 illorum
1075 603 1127 667 de·

13 711 167 764 cretarum
198 699 337 766 iuferius
367 721 523 782 agemus,
557 701 615 765 sed
641 701 713 787 jam
747 700 852 776 vides,
883 702 917 765 io
942 703 1129 764 animorum

13 797 192 862 turbatione
215 797 300 864 haec
324 798 485 882 prodiisse
508 796 551 862 ab
575 799 640 863 illis
665 800 746 862 viris
770 797 963 876 Gallicanis,
988 801 1046 884 qui
1069 799 1129 862 Ec-

12 895 122 960 clesiae
153 896 288 981 quidem
313 895 439 960 addicti
472 907 579 976 erant,
614 895 672 960 sed
697 897 870 981 principiis
895 896 1013 961 imbuti
1039 896 1130 961 falsis

12 993 46 1056 de
77 992 302 1058 Conciliorum
338 993 449 1058 indole
482 1005 514 1057 et
548 996 754 1059 auctoritate.
811 995 864 1058 Ex
895 993 1131 1060 CardInalibus

12 1102 146 1175 quatuor
178 1091 222 1155 ad
253 1093 432 1156 sessionem
468 1081 618 1177 quintam
656 1091 748 1155 haud
783 1103 1008 1173 accesserunt,
1045 1094 1131 1156 inter

10 1210 84 1273 quos
108 1189 172 1252 fuit
195 1191 266 1275 ipse
277 1190 394 1254 Petrus
419 1190 460 1254 de
475 1189 621 1270 Allieno,
645 1203 718 1255 octo
734 1201 846 1254 antem
870 1193 926 1276 qui
951 1190 1132 1254 adfuerunt

8 1297 100 1350 antea
136 1286 406 1368 declaraverunt,
446 1310 480 1352 se
519 1288 692 1353 adfuturos
731 1311 819 1366 esse,
859 1300 896 1352 ut
935 1289 1129 1354 scandalum

9 1386 161 1464 vitarent,
202 1387 339 1450 minime
371 1406 450 1451 vero
481 1397 518 1450 ut
548 1386 681 1450 decreta
710 1385 798 1452 illius
830 1388 984 1451 sessionis
1014 1408 1129 1474 appro-

9 1481 129 1548 barent.

95 1584 147 1644 ll.
178 1581 323 1646 Sessioni
352 1592 465 1646 sextae
490 1592 522 1646 et
546 1581 762 1667 sequentibus
794 1581 958 1666 praesedit
981 1583 1130 1647 Joannes

9 1678 194 1744 Cardinalis
219 1679 405 1764 Episcopus
420 1679 592 1746 Ostiensis.
625 1680 675 1744 Ea
697 1681 884 1765 praecipue,
910 1701 995 1765 quae
1020 1681 1129 1765 quoad

9 1776 149 1840 schisma
173 1763 353 1840 tollendum
379 1777 578 1856 factasunt,
609 1777 706 1842 modo
731 1777 931 1842 indicamus.
978 1777 1130 1843 Sessione

9 1886 96 1938 sexta
119 1875 270 1940 loannes
285 1875 407 1940 XXIII
431 1875 613 1940 honorifica
637 1875 802 1959 legatione
827 1877 973 1938 monitus
997 1876 1069 1956 fuit,
1094 1887 1132 1940 ut

8 1972 45 2036 ad
69 1971 259 2036 Concilium
290 1973 414 2037 rediret
437 1985 494 2036 aut
518 1973 715 2058 pontificatu
738 1972 925 2052 abdicarct3
950 1995 1027 2038 cum
1052 1997 1131 2039 vero

11 2085 160 2136 neutrum
187 2081 378 2156 praestaret,
412 2071 600 2136 Concilium
632 2072 776 2136 sessione
806 2073 947 2155 septima
978 2073 1007 2135 ei
1042 2071 1130 2136 diem

10 2167 104 2248 dixit,
138 2169 295 2234 videlicet
326 2181 363 2233 ut
395 2171 482 2234 intra
513 2191 633 2234 novem
659 2170 731 2233 dies
755 2191 789 2232 se
814 2169 965 2232 Concilio
991 2171 1130 2235 sisteret.

9 2267 158 2332 Sessione
189 2279 308 2330 octava
340 2267 472 2332 Wiolefi
505 2289 630 2332 errores
664 2267 812 2331 damnati
842 2277 876 2330 et
906 2269 1028 2352 scripta
1061 2269 1130 2352 igni

9 2365 140 2428 addicta
165 2377 251 2446 sunt,
276 2387 342 2449 qua
367 2365 466 2430 dere
491 2367 597 2430 fusius
621 2387 769 2448 agemus.
816 2364 1028 2430 Sessionibus
1043 2387 1133 2429 nona

9 2475 36 2524 et
57 2461 275 2548 sequentibus
298 2463 421 2528 Joanni
446 2462 568 2528 XXIII
600 2466 718 2527 iterum
750 2461 821 2526 dies
857 2463 947 2526 dicta
982 2464 1058 2538 fuit,
1099 2475 1134 2527 et

9 2563 136 2624 testium
164 2559 385 2646 depositiones
409 2573 524 2626 contra
541 2583 617 2626 eum
634 2561 769 2626 auditae
782 2571 869 2624 sunt.
894 2560 1130 2646 Multiplicium

8 2661 91 2722 enim
117 2669 152 2722 ct
175 2679 370 2742 magnorum
403 2660 580 2724 critolaum
605 2660 712 2723 fuerat
743 2669 929 2722 accusatos.
978 2659 1132 2724 Sessione

10 2755 134 2820 decima
166 2777 344 2840 suspensus
376 2767 425 2820 est
457 2757 744 2822 administratione
776 2756 947 2842 pontificia
976 2758 1009 2820 in
1039 2759 1130 2842 spiri-

9 2852 150 2916 tualibus
174 2865 207 2916 et
230 2854 468 2940 temporalibus
493 2865 627 2940 propter
652 2853 771 2918 molam
797 2853 1129 2935 administrationem,

9 2971 197 3032 perversum
222 2951 423 3016 damnabilis
440 2953 527 3016 vitae
544 2963 576 3015 et
593 2973 721 3016 morum
736 2953 913 3037 impiorum
929 2952 1130 3038 exemplum,

8 3051 181 3114 simoniam
221 3060 253 3112 et
290 3049 563 3134 dilapidationem
612 3049 774 3114 bonorum
821 3048 1130 3116 ecclesiasticorum.

9 3143 110 3210 Simul
134 3167 307 3231 processus
332 3159 446 3212 contra
471 3169 546 3212 eum
572 3148 725 3212 decretus
749 3158 808 3212 est.
832 3185 876 3194 -—-
899 3147 1035 3212 Accidit
1050 3159 1132 3212 tunc

9 3245 128 3308 Iactum
154 3246 313 3310 memoria
337 3245 486 3330 dignum.
534 3243 737 3310 Benedictus
752 3243 938 3309 Gentianus
962 3245 1130 3328 videlicet,

10 3341 177 3426 religiosus
202 3365 225 3406 s.
238 3343 394 3428 Dionysii
419 3354 452 3406 et
475 3343 653 3427 deputatus
671 3343 907 3408 Ilniversitatis
922 3343 1130 3425 Parisienais,

10 3442 113 3504 emisit
136 3441 416 3526 protestationem,
443 3463 484 3506 ne
507 3441 669 3504 PontIfice
695 3463 853 3527 suspenso
879 3439 1009 3505 collatio
1034 3441 1130 3504 bone-

12 3537 159 3602 ficiorum
179 3538 411 3604 devolveretur
426 3539 468 3604 ad
486 3541 668 3625 episcopos.
703 3539 786 3603 Inde
811 3541 900 3602 enim
924 3551 1072 3602 secutum
1090 3541 1130 3603 iri

10 3657 127 3720 magna
150 3637 348 3702 detrimenta
372 3659 430 3722 pro
456 3638 536 3701 viris
561 3637 677 3714 doctis,
701 3637 838 3722 adquos
862 3638 895 3700 in
922 3636 1131 3702 conferendis

12 3731 177 3798 beneficiis
202 3736 348 3820 episcopi
375 3757 440 3798 non
466 3737 545 3799 satis
570 3734 754 3800 attendant.
803 3733 932 3798 Similia
960 3734 1032 3820 jam
1057 3758 1130 3799 een-

10 3843 74 3896 tum
92 3843 168 3896 antc
184 3834 281 3898 annis
294 3833 480 3897 Bonifatius
494 3833 578 3896 VIII
601 3834 765 3918 episcopis
778 3831 908 3896 Galliae
922 3831 1097 3916 objecerat.
1106 3831 1131 3916 ¹)

99 3930 148 3994 ta.
187 3930 366 3995 Accusatio
392 3941 507 3996 contra
530 3931 696 3996 loannem
721 3929 842 3994 XXIII
876 3941 1036 4015 concepta
1068 3929 1132 3993 fuit

14 4027 50 4088 12
82 4030 225 4112 punctis.
272 4028 347 4113 Ipse
379 4031 506 4111 timore,
542 4031 588 4092 uti
623 4027 766 4107 videtur,
799 4039 969 4113 correptus
999 4038 1132 4112 propter

50 4163 219 4172 --—-.-.....-.

81 4243 101 4308 ¹)
122 4240 346 4306 ctr.Hese1e,c.
366 4241 407 4306 G,
426 4241 488 4298 Vll.
509 4243 533 4312 ξ.
555 4243 606 4297 753
625 4247 654 4296 et
672 4241 719 4296 Vl.
740 4257 758 4308 p
786 4241 847 4295 312.
