2964 4838
411 457 450 512 De
468 457 589 513 Concilio
606 459 784 514 Lataransnsi
804 459 837 515 V.
1132 461 1186 514 419

66 601 237 666 Ludovioo
252 601 319 666 Xll
343 600 515 666 Gallorum
540 623 626 687 rege,
652 605 763 667 animo
778 603 990 668 schismatico
1015 605 1183 668 convenit
1203 606 1348 710 fflffi

66 699 256 764 Lndovicns
286 699 354 764 Xll
386 699 570 779 videlicst,¹
590 703 648 787 qui
681 701 863 765 Veneticae
892 699 1098 786 reipublicae
1129 699 1183 766 de·
1217 731 1268 771 nso
1284 731 1335 772 111.

64 799 275 861 structionem
315 819 460 884 suaeque
499 799 533 862 in
570 797 668 862 Italia
706 799 944 864 dominationis
979 801 1186 864 incrementa

65 895 253 980 quaerebat,
277 897 362 959 inita
385 897 471 960 inter
495 895 692 960 Pontificem
714 907 748 959 ct
769 897 914 961 Venetos
937 897 1117 962 concordia
1140 899 1187 962 ita

65 994 210 1057 offensus
239 991 312 1072 fuit,
345 1005 382 1056 ut
410 993 525 1078 copias
557 1013 633 1057 snas
657 995 691 1057 in
715 992 813 1058 Italia
837 997 1016 1059 consistere
1042 993 1187 1079 juberet,

65 1089 242 1156 nonnullas
259 1088 431 1155 Romanae
453 1090 614 1156 eeclesiae
637 1101 742 1155 terras
765 1103 944 1178 occuparet
966 1105 999 1156 et
1014 1091 1187 1179 Alpbonao

66 1189 197 1252 Estensi
221 1189 366 1274 principi
390 1189 607 1270 Ferrariensi,
632 1191 755 1274 injusto
780 1187 1046 1256 Comaclenainm
1070 1191 1187 1256 salina·

65 1309 136 1350 rum
168 1307 254 1372 quae
283 1285 326 1350 ad
351 1287 535 1351 &menam
566 1286 741 1352 eeclesiam
772 1287 984 1373 pertinebant
1014 1288 1188 1366 detentori,

66 1386 339 1470 patrocinaretur.
395 1383 608 1470 Quapropter
638 1383 751 1450 Julius
785 1385 814 1449 ll
858 1386 1066 1451 Ludovicnm
1097 1389 1190 1472 prins

66 1481 273 1546 admonitum
298 1495 332 1545 et
354 1483 480 1546 monita
504 1491 713 1567 spernentem
745 1485 1084 1549 excommunicationi
1113 1483 1188 1548 sub·

66 1579 161 1661 didit,
193 1589 228 1644 et
248 1578 292 1643 ad
316 1579 487 1664 pellendas
510 1601 552 1644 ax
576 1579 674 1645 Italia
698 1581 904 1646 Francorum
937 1584 1050 1668 copias
1072 1582 1191 1646 foedus

65 1680 140 1742 iniit
177 1697 253 1741 cum
292 1679 448 1756 Venetis,
495 1677 659 1742 Helvetiis
696 1678 896 1765 regibusque
936 1679 1119 1766 Hispaniae
1156 1691 1190 1744 et

66 1775 220 1860 Angliae.
249 1775 445 1842 Ludovicus
461 1775 529 1839 XII
553 1776 772 1841 exacerbatus
794 1800 825 1842 a.
853 1777 939 1842 1510
962 1779 1134 1863 episcopos
1158 1787 1192 1841 et

67 1873 217 1937 doctores
240 1875 333 1958 regni
358 1875 409 1937 sui
434 1875 635 1938 convocavit
658 1875 818 1948 Turones,
850 1877 907 1960 qui
936 1875 980 1940 ad
1007 1877 1191 1961 propositus

66 1973 127 2038 sibi
141 1974 352 2059 quaestiones
365 1972 548 2036 seeundum
567 1975 655 2057 regis
669 1985 746 2037 vota
758 1973 1004 2058 respondentes,
1021 1973 1189 2057 dixerunt,

69 2071 263 2134 Pontificem
290 2073 396 2155 primo
421 2091 480 2155 per
503 2069 629 2153 legatos
652 2093 724 2136 esse
740 2071 954 2154 monendum,
979 2083 1048 2136 uta
1064 2073 1190 2157 coeptis

68 2168 240 2232 desisteret
262 2181 297 2231 et
319 2168 519 2234 concordiae
544 2170 632 2234 viam
658 2169 901 2252 ingrederetur3
926 2169 1056 2255 quodsi
1074 2170 1191 2236 audire

69 2266 176 2347 nollet,
202 2287 274 2330 esse
298 2265 576 2352 interpellandum
596 2266 636 2330 de
649 2268 866 2332 convocando
879 2267 1027 2333 Concilio
1043 2267 1190 2352 generali

67 2363 171 2429 libero
204 2364 388 2428 seeundum
421 2365 554 2429 decreta
585 2364 807 2440 Basileensia;
841 2364 962 2451 quibus
992 2367 1135 2450 peractis
1159 2377 1192 2432 et

67 2483 223 2548 responso
256 2462 430 2527 Pontifieis
461 2472 609 2547 eccepto,
633 2461 890 2547 'providendum
915 2464 1098 2549 essequod
1121 2465 1191 2550 juri

67 2571 326 2623 consentaneum
341 2561 434 2624 foret.
467 2557 649 2624 Confestim
665 2560 858 2624 Ladovicus
871 2582 945 2624 eum
960 2561 1192 2628 Maximiliano

67 2657 270 2742 Imperatore
303 2657 443 2722 contulit
466 2658 508 2721 de
531 2657 680 2741 cogendo
705 2655 855 2723 Concilio
886 2659 1042 2743 generali,
1075 2684 1095 2724 a
1126 2683 1192 2747 quo

66 2755 178 2820 Julius
201 2757 235 2819 in
250 2754 403 2820 ordinem
427 2754 649 2839 redigeretur3
674 2756 732 2820 sed
750 2756 1011 2836 Maximillam,
1036 2762 1192 2844 quamvis

67 2857 175 2940 primo
199 2867 383 2918 commotus
412 2856 446 2918 in
469 2853 614 2932 dulium,
646 2853 734 2940 quod
758 2857 858 2919 misso
882 2854 1015 2920 foedere
1040 2856 1190 2922 Camera-

67 2953 157 3016 censi
190 2973 224 3015 se
255 2952 522 3016 confoederasset
552 2973 628 3016 cum
661 2953 811 3033 Venetis,
843 2953 937 3017 brevi
967 2965 1040 3039 post
1073 2955 1193 3020 melius

68 3050 215 3128 edoctus,
240 3073 260 3114 a
283 3050 504 3114 schismaticis
516 3050 682 3116 Ludovici
708 3050 882 3116 conatibus
905 3054 1052 3118 recessit.
1083 3053 1193 3118 Ludo·

69 3151 164 3212 vicus
190 3167 267 3211 vero
291 3170 356 3212 non
382 3159 511 3213 tanturn
536 3147 679 3234 quodvis
695 3151 931 3214 commercium
948 3172 1023 3214 cum
1042 3151 1193 3217 Romana

69 3248 161 3310 ouria
178 3245 285 3310 Gallis
308 3245 487 3334 prohibuit,
513 3245 571 3310 sed
596 3249 694 3310 etiam
719 3246 754 3311 id
778 3257 974 3312 consecutus
991 3259 1049 3328 est,
1074 3261 1111 3312 ut
1125 3260 1193 3314 tres

70 3341 265 3410 Cardinales
290 3344 323 3407 in
347 3341 475 3410 Julium
500 3343 648 3425 rebelles,
677 3344 905 3408 Bernardinus
930 3343 1086 3432 Carvajal
1109 3349 1192 3433 epis·

76 3465 179 3530 copus
206 3442 410 3523 Sabinenais,
443 3443 641 3507 Franciseus
679 3441 868 3508 Cardinalis
907 3443 1120 3525 Cusentinus,
1160 3455 1194 3509 et

71 3537 256 3605 Guilelmus
273 3539 462 3606 Cardinalis
478 3539 729 3605 Narbonnensis
755 3539 787 3604 d.
811 3541 843 3607 d.
872 3541 930 3604 16⁰
953 3541 1033 3627 Maji
1058 3563 1087 3607 a.
1107 3544 1190 3608 1511

71 3637 257 3704 Concilium
280 3639 435 3726 generale
459 3639 644 3704 indicerent
667 3641 721 3702 die
749 3639 783 3702 1⁰
806 3637 1010 3726 Septembris
1034 3641 1123 3705 Pisis
1145 3642 1193 3705 in·

71 3735 268 3804 choandum.
317 3735 597 3818 Praetendebant,
627 3736 755 3802 Julium
780 3737 814 3801 11
838 3740 1033 3824 promissam
1058 3741 1093 3802 in
1118 3760 1193 3802 con·

71 3832 156 3898 elavi
188 3837 462 3900 convocationem
493 3833 634 3900 Consilii
667 3833 832 3920 generalis
866 3835 1049 3920 negligere,
1089 3857 1192 3922 quum

71 3941 180 3996 tamen
211 3931 291 3997 illud
330 3944 400 3996 tum
438 3932 481 3998 ad
513 3931 757 3998 reformandam
797 3932 1009 4019 disciplinam
1048 3943 1118 3996 tum
1149 3933 1193 3998 ad

71 4029 316 4115 componendas
349 4033 435 4095 inter
463 4029 661 4094 christianos
694 4031 862 4116 principes
891 4029 1075 4095 discordias
1108 4041 1196 4095 esset

73 4129 304 4194 necessarium.
