2850 4834
294 435 346 489 172
490 435 606 492 XXXII.
626 435 666 488 De
685 434 862 488 Pontificibus
882 433 1021 488 Avenione
1040 434 1217 488 commoraris.

292 579 376 642 idem
398 580 564 642 sentientes
589 602 610 641 a
633 589 714 641 certo
733 577 888 664 praefato
912 599 936 640 s.
949 579 1116 640 memoriae
1138 575 1282 662 Gregorio
1305 589 1403 640 trans

292 679 433 742 misimus
457 676 654 763 ecponendo,
677 676 761 760 quod
785 675 909 738 omnino
934 675 979 738 ad
999 674 1112 739 Urbem
1135 677 1259 754 veniret,
1281 677 1309 738 si
1328 675 1406 738 cole·

293 774 348 838 bat
366 774 520 860 praefato
544 773 697 838 scandalo
721 773 850 837 indubie
874 772 1011 838 obviare.
1037 773 1128 837 Haec
1143 784 1244 837 auum
1264 771 1424 859 conceptu

292 873 421 937 malitia
443 895 507 936 non
531 870 636 955 latuit,
670 873 818 958 quoniam
842 883 873 935 et
891 895 952 958 per
976 894 1081 935 eorum
1105 871 1337 936 ambasciatores
1360 872 1405 932 ab·

294 971 362 1035 bati
388 970 570 1036 Cassinensi
600 993 705 1034 eorum
735 971 856 1034 concivi
874 969 946 1055 fuit
977 971 1170 1046 intimatum,
1204 971 1234 1033 si
1257 981 1424 1055 papatum¹

292 1072 327 1133 in
350 1093 426 1133 casu
449 1069 532 1156 quod
549 1089 613 1154 per
634 1065 750 1132 clerum
773 1079 803 1131 et
819 1067 977 1154 populum
1000 1069 1178 1132 Romanum
1201 1067 1263 1132 sibi
1283 1065 1424 1146 daremr,

294 1167 385 1230 uellet
417 1175 590 1251 acceptare.
642 1165 705 1240 Qui
727 1164 811 1229 ultro
836 1189 867 1229 se
892 1164 1026 1252 offerens
1048 1166 1225 1252 respoudit,
1256 1187 1286 1227 se
1320 1155 1424 1226 cisen?

293 1267 472 1328 Romanum
494 1285 569 1340 esse,
603 1274 632 1326 et
663 1261 745 1327 illud
768 1261 847 1326 celle
870 1261 954 1348 quod
974 1263 1042 1349 ipsi
1063 1261 1187 1327 uellent.
1196 1266 1220 1344 ¹)
1266 1263 1303 1326 2⁰
1327 1262 1424 1350 Nun

293 1363 410 1425 tiatum
442 1362 541 1425 etiam
571 1371 642 1425 erat
664 1358 834 1444 Gregorio,
870 1380 1046 1445 persuum
1080 1361 1263 1425 adventum
1291 1357 1424 1445 pertun,

293 1461 443 1525 bationes
467 1459 583 1523 Italiae
608 1459 772 1544 compesci
798 1479 903 1542 posse,
928 1468 961 1521 et
982 1460 1147 1522 territoria
1164 1458 1336 1523 Ecclesiae
1362 1459 1409 1520 dc-

226 1595 228 1598 ·
292 1556 423 1643 perdita
446 1558 643 1640 recuperari.
685 1557 982 1628 &acclamantem
995 1556 1131 1619 durante
1147 1567 1331 1642 tempestate
1348 1556 1410 1641 fait

287 1679 350 1741 per
365 1654 489 1719 litteras
513 1667 542 1718 et
565 1657 694 1718 nuntios
716 1655 898 1717 intimatum
912 1653 995 1717 dicto
1016 1651 1169 1740 Gregorio
1186 1655 1310 1740 Papae,
1335 1653 1408 1740 qnod

293 1755 322 1817 si
344 1754 412 1838 ipse
430 1752 648 1838 personaliter
670 1754 792 1815 veniret
812 1752 980 1837 adportes
996 1751 1123 1833 Italiae,
1147 1751 1314 1838 confestim
1324 1775 1410 1838 prae·

293 1852 380 1914 dicta
411 1852 517 1914 omnia
540 1861 750 1936 recuperaret,
784 1860 814 1912 et
841 1849 911 1913 alia
942 1873 1149 1936 quonamque
1169 1852 1354 1935 praemissa
1375 1847 1411 1910 ad

292 1959 408 2012 statum
432 1947 570 2012 debitum
592 1948 824 2031 reducerentur,
849 1958 1065 2034 cessareutque
1087 1948 1272 2012 machinata
1295 1957 1328 2010 et
1345 1971 1411 2032 pm·

293 2057 405 2110 curata
430 2059 460 2110 et
483 2057 622 2110 tractata
645 2046 732 2109 ultra
756 2057 821 2108 tam
845 2057 955 2109 eontra
978 2057 1094 2110 statum
1111 2069 1199 2109 suum
1216 2069 1314 2129 queam
1330 2045 1412 2108 eceb·

292 2148 359 2209 siae
384 2155 582 2222 memoratae,
607 2166 686 2228 quac
710 2143 879 2208 secundum
900 2142 1073 2208 relationes
1097 2155 1126 2208 et
1149 2143 1412 2208 considerationes

286 2241 431 2329 plurium
454 2247 579 2332 maj0ra
603 2265 640 2304 cc
658 2245 776 2330 pejora
793 2240 961 2327 prioribus
985 2241 1205 2325 enistebaat.¹)
1253 2241 1294 2306 3⁰
1310 2241 1345 2306 S.
1362 2239 1412 2304 Ca-

292 2340 424 2405 thsrine
448 2339 612 2418 Senensis,
645 2361 731 2425 quse
764 2361 805 2403 ex
834 2350 928 2424 parte
950 2339 1218 2404 Florentinorum
1253 2337 1413 2422 legatione

292 2438 407 2502 functa
440 2448 489 2502 est
521 2437 564 2500 ad
594 2436 793 2522 Gregorium
823 2437 886 2518 XI,
919 2447 991 2501 tum
1023 2437 1136 2501 verbis
1165 2447 1236 2499 tum
1273 2435 1414 2522 epistolis

293 2536 489 2601 Pontificem
512 2545 549 2599 ut
572 2535 710 2598 Romam
745 2536 868 2599 rediret
891 2537 1066 2615 incitavit,
1106 2556 1168 2599 nec
1192 2533 1340 2598 dubium
1364 2545 1414 2598 est.

294 2632 491 2717 Gregorium
517 2635 628 2717 magni
652 2633 809 2698 habuisse
851 2657 875 2698 s.
901 2633 1042 2717 virginis
1076 2633 1210 2698 monite.
1260 2633 1303 2697 4⁰
1327 2633 1415 2697 Boni·

293 2733 393 2796 satius
418 2733 598 2814 Ferrcrius,
623 2731 725 2796 freter
748 2755 774 2795 s.
795 2731 976 2812 Vincentii,
1001 2741 1034 2796 et
1056 2731 1151 2796 Prior
1173 2751 1323 2813 magnae
1348 2727 1415 2794 Car·

292 2831 422 2894 thasiae
448 2829 630 2894 Caesareae
654 2829 825 2913 Augustae
850 2828 1094 2914 (Surragossse)
1124 2828 1312 2911 contendit,
1344 2827 1414 2892 Gre-

293 2931 422 3012 gorium
447 2927 597 3012 pluribus
627 2928 762 3008 dixisse,
799 2949 833 2992 se
858 2937 983 2992 motum
1016 2928 1118 2992 fuisse
1141 2925 1184 2990 ad
1208 2925 1359 2990 reditum
1387 2927 1415 2988 in

294 3027 425 3091 Italiam
459 3025 641 3090 insatiabili
683 3027 825 3090 avaritia
858 3036 891 3090 et
924 3027 1055 3112 injustis
1093 3022 1414 3109 expostulationibus

294 3122 508 3207 Gallorum.³)
555 3125 629 3188 Hoc
652 3135 763 3188 tamen
789 3126 899 3188 minus
922 3135 1049 3188 eertum
1074 3145 1143 3187 esse
1168 3119 1319 3188 videtur.

384 3225 435 3289 22.
462 3221 642 3308 Gregorius
665 3225 767 3307 igitur
790 3220 979 3287 deliberavit
1002 3246 1033 3286 se
1048 3221 1223 3305 transferre
1249 3223 1413 3308 adportes

293 3321 410 3386 Italiae
433 3333 632 3400 memoratas,
665 3343 796 3407 suasque
819 3343 943 3406 pressus
974 3320 1111 3405 diripere
1141 3341 1250 3383 cerem
1279 3324 1413 3389 Roman.

293 3442 360 3482 cum
377 3421 472 3482 etiam
488 3421 628 3482 Romani
649 3422 701 3483 sui
717 3429 862 3504 optantes
880 3420 1109 3505 praesent-iam,
1133 3441 1231 3482 causa
1256 3421 1365 3506 ipsum
1380 3419 1415 3482 ad

293 3519 348 3580 boc
371 3516 537 3581 alliciendi
559 3517 660 3581 multa
683 3528 714 3580 et
737 3516 898 3602 mapnalia
916 3519 1139 3603 promitterent
1162 3538 1193 3578 se
1209 3516 1367 3601 facturos
1389 3519 1415 3578 io

293 3616 345 3678 sui
365 3614 510 3696 favorem
534 3626 563 3679 et
586 3617 741 3694 bonorem,
772 3639 865 3700 quam
884 3617 1023 3700 primum
1055 3615 1098 3678 ad
1121 3615 1208 3700 ipsos
1232 3613 1406 3680 declinaret

368 3810 387 3875 ¹)
406 3810 486 3876 Apud
505 3809 596 3864 leut.
617 3815 636 3863 t.
656 3811 678 3865 I.
698 3809 786 3864 Notsc
804 3825 829 3877 p.
849 3811 923 3874 1194,
942 3809 988 3863 ubi
1008 3809 1091 3864 etism
1110 3808 1165 3862 alis
1183 3806 1270 3876 hnjus
1290 3813 1331 3865 ssi
1349 3821 1415 3865 tessi-

294 3889 385 3944 moais
404 3890 590 3944 inveniuntur.

368 3968 499 4040 ⁹)leat.
526 3969 617 4023 Prima
640 3969 708 4024 Vita
727 3966 854 4037 Gregorii
873 3968 913 4022 XI
938 3984 962 4035 p.
982 3969 1044 4025 437.
1071 3998 1103 4007 -
1129 3967 1181 4021 Ille
1208 3971 1372 4024 asculana
1394 3978 1414 4020 a

292 4056 445 4118 procurata
471 4055 521 4106 etc.
548 4050 677 4102 videntur
704 4049 885 4117 intelligenda
911 4064 968 4102 esse
993 4049 1026 4103 dc
1050 4047 1168 4115 periculo
1187 4049 1336 4105 electionis
1354 4053 1415 4103 snti-

294 4143 391 4278 parag,
411 4209 542 4274 licitene,
561 4209 716 4264 Thesaurus
734 4209 764 4264 Τ.
785 4209 822 4264 II.
842 4225 867 4277 p.
889 4211 965 4264 1450.
986 4225 1008 4266 c,
1028 4207 1071 4262 26.
