2828 4842
251 445 291 499 De
309 443 339 498 vi
358 442 482 498 coactiva
500 441 637 498 Ecclesiae
655 443 684 498 in
702 442 859 498 haereticos.
1076 442 1129 504 363

35 589 90 655 ,ld
112 587 200 666 haec,
228 588 359 667 dicitur,
391 586 433 652 de
456 588 638 672 episcopali
672 585 819 668 consilio,
852 595 885 650 ct
917 586 1127 671 suggestione

33 687 162 751 culminis
185 684 362 772 imperialis
386 698 419 748 et
441 687 630 772 principum
664 685 736 771 ejus
768 684 964 770 adjecimus,
997 694 1035 748 ut
1058 686 1127 769 qui·
1163 689 1166 696 '

32 784 92 848 libet
112 783 376 870 archiepiscopus
392 782 446 847 vel
464 784 639 869 episcopus
662 805 722 868 per
745 805 780 848 se
805 781 858 846 vel
881 803 941 867 per
963 781 1127 846 archidia-

31 905 127 945 conum
150 904 253 962 suum,
284 891 343 945 aut
365 903 426 966 per
447 879 530 944 alias
555 880 692 945 idoneas
717 901 873 966 personas
906 887 939 942 et
962 877 1126 960 honestas,

31 977 67 1042 bis
86 980 134 1043 rel
157 979 254 1044 semel
278 981 316 1042 in
340 999 429 1042 anno
455 979 622 1063 propriam
654 976 858 1063 parochiam,
892 978 926 1040 in
950 998 1017 1063 qua
1039 978 1129 1042 fama

30 1077 107 1140 berit
129 1075 309 1141 haereticos
330 1074 483 1140 habitare
505 1077 703 1156 circumeat,
727 1085 761 1140 et
783 1073 830 1138 ibi
855 1085 920 1139 tres
944 1075 997 1138 vel
1020 1075 1137 1160 plures*

30 1173 90 1238 boni
111 1175 287 1238 testimonii
313 1175 412 1254 viros,
446 1172 499 1237 vel
523 1175 623 1237 etiam
654 1185 757 1238 totam
781 1172 952 1254 viciniam,
981 1175 1009 1236 si
1033 1196 1130 1260 expe·

27 1271 82 1334 dire
103 1271 233 1336 videtur
250 1271 366 1357 jurare
390 1271 585 1357 compellat:
610 1272 699 1358 quod
716 1273 743 1336 si
760 1273 834 1358 quis
863 1271 1047 1336 haereticos
1070 1273 1131 1338 ibi-

28 1369 86 1432 dem
108 1371 227 1452 scierit,
255 1369 310 1434 vel
334 1370 463 1456 sliquos
487 1370 617 1435 occulta
648 1369 881 1436 conventicula
912 1370 1129 1453 celebrantes,

27 1491 70 1530 sen
98 1491 116 1532 a
147 1471 316 1532 communi
349 1470 601 1533 conversatione
634 1467 782 1532 fidelium
816 1469 886 1533 vita
919 1480 951 1533 et
982 1469 1129 1536 moribus

27 1565 213 1648 dissidentes,
237 1588 293 1630 eos
310 1567 465 1651 episcopo
483 1561 538 1630 vel
554 1565 804 1652 archiepiscopo
820 1565 952 1630 studeat
966 1567 1129 1633 indicare:

27 1665 178 1748 episcopus
206 1673 317 1728 autern
342 1663 396 1728 vel
420 1663 676 1729 archidiaconus
707 1663 750 1728 ad
781 1665 1002 1749 praesentiam
1035 1689 1130 1732 suam

26 1773 166 1825 convocet
190 1773 372 1842 accusatos,
403 1763 460 1846 qui
484 1762 549 1825 nisi
573 1784 608 1825 se
632 1761 674 1826 acl
699 1782 813 1826 eorum
837 1760 1012 1828 arbitrium
1031 1765 1131 1850 juxta

27 1863 133 1942 patriae
156 1859 432 1924 consuetudinem
466 1859 509 1923 ab
539 1859 669 1945 objecto
693 1869 787 1923 reatu
818 1862 1043 1944 purgaverint,
1077 1868 1131 1932 vel

27 1961 131 2042 sipost
153 1959 387 2044 purgationem
402 1957 587 2022 exhibitam
611 1959 644 2021 in
669 1957 844 2043 pristinam
864 1958 988 2024 fuerint
1010 1960 1131 2047 relapsi

25 2057 189 2139 perfidiam,
214 2057 446 2141 episcoporum
471 2055 601 2140 judicio
631 2056 823 2140 puniantur.
876 2055 912 2120 Si
937 2059 993 2143 qui
1018 2068 1130 2124 autem

25 2175 56 2215 ex
77 2155 112 2216 iis
129 2155 333 2239 jurationem
363 2155 596 2238 superstitione
628 2151 811 2217 damnabili
845 2167 1060 2240 respuentes„
1075 2159 1127 2243 ju·

23 2275 79 2316 rare
100 2255 180 2317 sorte
214 2252 390 2335 noluerint,
421 2275 463 2316 ex
486 2251 550 2316 hoe
574 2253 645 2336 ipso
670 2251 830 2316 haeretiei
856 2251 1061 2337 judicentur,
1093 2265 1127 2320 et

23 2353 118 2434 poenis
140 2373 227 2436 quae
251 2352 523 2436 praenominatae
548 2359 626 2414 sunt
647 2348 899 2434 percellantur.“

93 2468 144 2531 47.
173 2467 249 2531 Hac
272 2467 399 2551 ratione
422 2467 525 2551 igitur
548 2486 726 2530 concursus
750 2467 920 2552 utriusque
944 2469 1125 2552 potestatis,

25 2562 247 2628 ecclesiasticae
271 2573 304 2627 et
326 2563 436 2628 civilis
459 2562 649 2627 solemniter
672 2565 819 2627 sancitus
843 2573 922 2629 erat.
941 2601 978 2612 -
1002 2565 1125 2630 Iisdem

27 2681 86 2724 sero
107 2663 280 2746 principiis
303 2662 517 2725 Innocentius
530 2659 591 2742 III,
616 2669 685 2724 tum
711 2662 744 2724 in
768 2663 871 2746 gestis
894 2663 972 2743 suis,
997 2672 1066 2726 tum
1091 2665 1127 2728 in

28 2759 110 2822 variis
133 2758 277 2823 decretis
311 2759 438 2840 institit,
471 2769 504 2822 et
534 2779 620 2844 quae
650 2767 774 2822 statuta
799 2758 871 2843 jam
904 2771 999 2823 erant
1030 2763 1130 2826 etiam

28 2856 189 2940 ampliavit,
221 2858 268 2920 uti
293 2868 516 2942 opportunum
540 2854 728 2922 videbatur.
781 2857 833 2919 Ita
856 2857 890 2920 in
915 2856 1048 2921 decreto
1072 2879 1130 2943 pro

28 2951 105 3036 clero,
127 2952 322 3018 consulibus
345 2964 379 3018 et
401 2952 523 3040 populo
549 2953 764 3033 viterbiensi,
789 2975 819 3019 a.
847 2955 933 3018 1199
958 2955 1045 3036 dato,
1070 2966 1130 3020 sta·

28 3053 119 3134 uitur,
141 3064 179 3116 nt
203 3051 293 3117 bona
316 3051 558 3116 haereticorum
583 3052 815 3134 confiscantur,
840 3062 873 3117 et
896 3054 930 3118 in
954 3057 1049 3118 terris
1069 3055 1131 3119 Ec·

28 3147 124 3213 clesiae
138 3149 350 3236 applicentur
373 3151 452 3215 fisco
469 3149 650 3232 Ecclesiae,
675 3152 709 3215 in
726 3153 822 3215 terris
838 3151 985 3237 Imperii,
1005 3152 1131 3238 judicis

29 3248 183 3315 saecularis
208 3249 298 3331 fisco,
322 3259 424 3335 utque
447 3248 511 3312 hac
535 3249 662 3313 ratione
679 3258 797 3333 agatur
813 3249 914 3312 etiam
930 3250 957 3314 si
972 3249 1130 3316 haeretiei

31 3343 186 3411 catholicos
216 3345 365 3411 habeant
396 3347 520 3428 filios.¹)
573 3345 772 3410 Praesertim
804 3368 883 3411 vero
915 3348 948 3411 in
982 3347 1130 3414 Concilio

31 3447 221 3510 oecumenico
256 3443 473 3510 Lateranensi
498 3443 557 3525 IV,
589 3466 618 3509 a.
655 3444 741 3508 1215
771 3443 954 3524 celebrato,
986 3446 1131 3532 capitulo

32 3543 105 3605 tenio
126 3543 163 3607 de
186 3544 365 3621 haereticis,
390 3563 475 3628 quae
493 3542 568 3628 jam
591 3541 723 3607 decreta
747 3552 841 3607 erant
863 3546 1004 3628 repetita
1024 3568 1063 3610 ac
1080 3545 1131 3610 fir·

33 3651 102 3703 nate
121 3653 208 3724 sunt,
233 3643 412 3727 variaeque
436 3643 535 3705 etiam
560 3640 694 3706 additae
723 3639 964 3725 dispositiones.
1011 3643 1130 3728 Majori

33 3757 91 3800 cum
112 3741 224 3823 vigore
252 3749 286 3802 et
307 3740 494 3802 accuratius
525 3738 745 3803 determinata
776 3748 861 3820 sunt,
894 3761 978 3825 quae
1010 3742 1131 3826 princi·

35 3853 94 3914 pum
120 3835 340 3902 sacerdorium
371 3835 519 3900 officium
550 3835 660 3922 quoad
687 3834 863 3900 haereseos
892 3839 1130 3922 repressionem

37 4018 224 4036 Q*—

92 4135 110 4202 ¹)
126 4135 192 4206 Epp.
213 4137 304 4191 Innoc.
323 4134 354 4191 L.
373 4135 407 4190 11.
426 4151 468 4204 ep.
489 4137 526 4204 1.;
551 4135 581 4190 in
599 4136 666 4192 Jure
691 4136 818 4191 canonico
843 4153 901 4206 cap.
919 4137 1075 4208 Vergentis,
1098 4139 1131 4194 de
1161 4185 1165 4191 .

39 4207 162 4274 tamtus.
201 4215 539 4271 c.1o.1,.v.tit.vn.

79 4321 206 4377 iugum,
220 4326 408 4366 Diuertationee.
423 4326 480 4364 'rom
495 4326 523 4366 V.
