2814 4840
298 473 352 526 484
494 471 622 526 XXVIII.
643 471 682 525 Do
700 475 778 526 statu
795 470 935 525 societatis
954 469 1047 525 christ
1066 485 1136 524 saec.
1155 470 1231 524 XIII.

299 618 422 700 mansit,
445 639 501 680 aec
523 637 660 700 uuquam
676 624 793 702 postea
815 613 953 678 invaluit
974 613 1023 678 uel
1046 617 1195 679 surreait.
1245 613 1305 688 sti
1323 617 1398 678 etiau

300 738 321 777 a
344 713 479 800 quodam
502 713 699 776 sanctissimo
725 712 790 776 uiro
815 723 907 775 satra
926 734 1030 776 usuros
1059 711 1148 776 urbis
1171 713 1299 790 Romae,
1319 713 1398 775 ranci-

290 812 469 899 fests'sse'me
501 812 588 874 aras
618 819 664 874 est
686 820 826 874 mortuus
849 809 925 874 dari
952 811 1071 874 aaacts's
1100 811 1164 874 Dei
1193 811 1354 874 Francisco
1378 821 1398 872 et

299 910 466 973 Domiaieo
482 908 691 997 judicandas.
709 946 751 955 —
777 907 916 971 Litteras
932 931 1004 972 aero
1020 908 1116 972 datas
1130 905 1314 972 Alexander
1327 907 1398 992 Papa

300 1031 368 1070 aaa
403 1006 535 1071 coasilio
572 1007 723 1070 Fratrum
758 1001 980 1070 Cardiaals'am
1015 1005 1196 1070 solemniter
1227 1007 1398 1070 revocarier

299 1104 367 1173 Ista
390 1106 460 1168 sine
483 1106 611 1168 ratione
634 1105 746 1184 asseri,
773 1104 845 1188 jam
878 1105 1084 1168 conveniunt
1115 1113 1266 1168 auctores
1296 1124 1398 1186 grsrss

300 1203 348 1266 uti
372 1200 606 1287 Raynsldus2),
630 1200 757 1266 Natalis
781 1200 1015 1284 Alexanderll,
1040 1200 1221 1284 sandinr).
1268 1203 1398 1265 Innocen-

300 1302 365 1364 tius
389 1299 436 1364 IV
468 1301 557 1364 euim
589 1298 653 1363 illis
685 1297 869 1364 Ordinibus
900 1297 1004 1363 multa
1036 1299 1128 1364 dedit
1159 1321 1300 1383 magnae
1328 1299 1398 1362 bens

300 1395 465 1461 volentise
489 1399 593 1480 signa.
642 1395 800 1477 Quaestio
835 1395 876 1460 de
906 1395 1144 1480 restringendis
1168 1397 1348 1482 privilegiis
1372 1395 1398 1458 sl

302 1495 512 1580 prudentiam
537 1495 719 1580 spectabat,
743 1507 843 1580 atque
868 1496 915 1558 uti
940 1495 1011 1580 ipse
1028 1496 1183 1580 opinatus
1199 1495 1309 1560 fuerat
1329 1515 1398 1580 expe

301 1593 372 1656 dire
396 1592 438 1656 ad
464 1591 678 1656 difficultates
708 1591 887 1670 cavendas,
912 1601 948 1655 ut
971 1594 1260 1678 restringerentur,
1286 1595 1328 1658 ita
1350 1591 1398 1655 su-

301 1690 439 1770 xander,
468 1712 503 1754 re
527 1690 746 1772 considerata,
778 1691 985 1755 existimavit
1016 1691 1175 1776 expedire
1205 1693 1318 1776 potius
1339 1690 1398 1754 boni

301 1788 471 1852 Ecclesiae
490 1798 525 1852 ut
545 1789 766 1853 firmarentur.
803 1787 978 1874 Ejusmodi
1003 1789 1038 1851 in
1061 1789 1162 1854 rebus
1177 1791 1333 1874 practicis
1354 1809 1395 1850 sen

302 1888 481 1950 tentiarum
517 1886 711 1952 discrimina
745 1887 870 1971 passim
901 1885 991 1972 apud
1025 1888 1115 1951 viros
1146 1887 1246 1973 plane
1284 1888 1398 1970 insigne

304 1994 491 2050 occurrunt.

188 2091 239 2130 Mt·
395 2083 467 2149 116.
515 2081 596 2148 Post
619 2083 805 2147 Innocentii
829 2082 879 2147 IV
910 2083 1039 2148 obitum
1066 2082 1121 2147 die
1148 2085 1206 2148 12⁰
1230 2083 1398 2148 Decembri

140 2155 228 2193 ”m
244 2153 282 2193 [γ’
302 2183 382 2247 anni
414 2181 500 2245 1254
531 2182 567 2245 in
591 2181 786 2245 Pontificem
818 2181 942 2246 electus
965 2191 1015 2246 est
1039 2181 1226 2246 Alexander
1251 2183 1310 2264 IV,
1341 2183 1398 2244 Aua

301 2283 433 2366 gainus,
457 2279 643 2343 Innocentii
668 2280 721 2343 III
749 2288 781 2343 et
805 2279 959 2364 Gregorii
984 2279 1035 2344 IX
1067 2281 1289 2366 propinquus,
1323 2281 1398 2395 dictup

302 2389 400 2444 antea
424 2375 627 2461 Raynaldus‚
661 2375 849 2442 Cardinslis
872 2377 1059 2463 Episcopus
1083 2377 1248 2444 Ostiensis
1280 2401 1320 2444 ac
1348 2375 1397 2440 vel

303 2488 425 2541 ternus.
473 2474 556 2560 Ejus
586 2477 725 2539 virtutes
755 2497 869 2540 omnes
900 2477 1076 2560 scriptores
1099 2473 1250 2558 laudant,
1284 2476 1337 2541 vel
1357 2477 1397 2560 ips

302 2574 460 2653 Parisius,
493 2575 647 2659 quamvis
671 2595 747 2638 eum
772 2575 871 2638 nimis
894 2572 1027 2638 facilem
1051 2573 1227 2660 perhibeat
1261 2576 1297 2639 in
1320 2571 1397 2674 sdulp

302 2682 411 2735 torum
435 2673 576 2734 susurris
600 2671 810 2756 recipiendis.
859 2669 991 2736 Sublato
1016 2671 1055 2735 de
1078 2671 1191 2749 audio,
1221 2671 1348 2745 scribit,
1377 2671 1397 2734 ll

303 2767 445 2832 aoceatio
470 2769 523 2832 IV
549 2769 652 2854 Papa,
685 2767 871 2854 subrepatur
895 2779 940 2832 est
970 2768 1055 2833 alias
1077 2771 1136 2848 air,
1169 2780 1204 2833 ut
1229 2774 1323 2858 ajunt
1353 2775 1396 2832 sat

304 2867 454 2954 beaipuus
478 2876 507 2929 et
530 2864 605 2929 beas
627 2864 804 2952 religiones,
838 2867 988 2930 auduus
1010 2868 1045 2930 ia
1069 2866 1282 2946 orationibus,
1313 2869 1345 2931 s'a
1376 2859 1396 2932 ol

302 2965 459 3028 saneatia
472 2973 626 3041 strenuas,
650 2965 706 3027 sed
726 2962 829 3028 sibilis
843 2964 1044 3028 adulantium
1060 2963 1252 3046 seducibilis,
1275 2975 1306 3028 at
1319 2965 1396 3051 prad

304 3085 474 3128 avarorum
511 3060 758 3148 suppurationibus
801 3060 1021 3139 inclinaturus,
1066 3063 1244 3148 Episcopus
1289 3059 1395 3128 ridelis

310 3159 473 3238 Ostiensis,
496 3181 594 3246 nepos
622 3157 770 3245 Gregorii
793 3161 902 3246 Papae
920 3160 1051 3246 pridem
1074 3160 1227 3246 defuncti,
1249 3163 1309 3246 qui
1332 3162 1395 3246 ipsu]

304 3259 340 3321 s'a
356 3259 570 3344 episcopatum
581 3269 794 3344 promoverat,
818 3269 848 3321 et
865 3267 991 3322 uocatus
1007 3269 1052 3322 est
1067 3257 1264 3337 Alexander,
1291 3253 1395 3322 uidelid

304 3366 448 3442 quartas.
494 3355 581 3418 Tum
606 3354 788 3420 Germania
820 3365 892 3418 tum
915 3355 1013 3420 Italia
1043 3356 1104 3421 sub
1133 3355 1204 3441 ejus
1235 3355 1394 3442 pontificat

306 3454 446 3516 internis
469 3451 776 3538 perturbationibus
801 3451 942 3517 multum
966 3452 1168 3534 laborarunt,
1193 3455 1241 3517 uti
1267 3475 1311 3518 sx
1335 3419 1394 3617 dii

305 3550 482 3636 colligitur,
507 3572 568 3614 nec
593 3571 630 3614 eo
654 3551 830 3636 pervenire
853 3552 960 3638 potuit
984 3551 1149 3628 Pontifex,
1181 3560 1217 3614 ut
1240 3550 1338 3616 malis
1361 3551 1370 3612 i

307 3648 506 3713 mederetur.
560 3647 655 3729 Quae
693 3649 726 3712 in
766 3647 823 3713 lite
855 3647 1019 3714 Ordinum
1051 3647 1317 3713 blendicantinrn
1356 3657 1393 3724 cu

312 3747 534 3811 Universitate
558 3747 737 3811 Parisiensi
761 3755 838 3831 apte
862 3746 1070 3832 disposuerit,
1095 3757 1128 3811 et
1150 3768 1237 3833 quae
1260 3749 1363 3830 egerit
1368 3729 1393 3923 ‘p

309 3866 360 3908 res
384 3842 517 3908 Siciliae
541 3844 752 3926 ordinandas,
786 3845 936 3930 superius
961 3844 1116 3910 diximus.
1165 3845 1300 3930 Legatis
1325 3843 1367 3908 mi

385 4095 404 4146 ¹t
424 4093 546 4158 Cautipr.
566 4091 597 4146 L.
618 4091 654 4144 Il.
674 4109 695 4144 c.
715 4092 748 4146 X.
769 4109 813 4146 nu.
833 4093 875 4158 21,
895 4093 937 4148 22.

383 4173 404 4236 ²)
426 4173 466 4226 Ad
485 4189 510 4226 n.
533 4173 609 4226 ltus.
629 4189 654 4226 u.
674 4173 716 4228 70.
897 4171 918 4238 ⁸)
937 4173 1011 4226 Sese.
1031 4173 1109 4226 XIII.
1128 4189 1149 4227 c.
1169 4173 1191 4228 1.
1211 4189 1234 4226 a.
1255 4171 1300 4226 ll'.

382 4253 406 4322 ⁴)
426 4251 497 4308 Hirr.
518 4251 737 4306 Peducaeus.
758 4253 809 4306 Il'.
