2858 4834
258 433 312 487 238
527 433 627 490 XXVI.
647 435 687 491 De
706 435 873 490 Pontificatu
892 435 1046 489 Innocentii
1064 435 1116 490 ΠΙ.

260 575 303 639 ad
326 577 509 662 Imperium
532 578 727 661 gerendum.
765 578 927 664 Adeoque
952 579 1067 643 merito
1092 579 1200 663 ipsum
1224 579 1371 664 praeferri

259 695 327 738 non
351 695 393 738 ex
417 674 492 738 odio
517 686 631 741 contra
655 679 915 763 competitorem,
939 676 997 741 sed
1020 699 1061 740 ne
1084 676 1167 740 forte
1191 676 1271 740 huie
1294 698 1371 740 nova

259 793 352 836 mma
367 783 482 837 eontra
497 773 683 838 Ecclesiam
708 777 930 840 conferantur.
961 773 1137 840 Caeterum
1153 775 1371 860 quaestionem

259 876 339 932 tune
363 870 511 934 nondum
536 871 683 955 diremit,
708 872 767 937 sed
791 893 883 959 spem
908 874 1066 958 exprimit
1087 871 1171 952 fore,
1203 882 1239 935 ut
1262 873 1373 956 princi-

258 987 317 1051 pes
348 967 550 1033 Germaniae
590 968 644 1033 vel
674 972 708 1033 in
739 992 841 1034 unam
869 992 1043 1056 personam
1077 972 1289 1050 conveniant,
1326 969 1372 1032 vel

258 1062 337 1129 Sedi
370 1064 582 1150 Apostolicae
618 1066 791 1132 arbitrium
830 1067 989 1133 deferant.
1046 1065 1175 1148 Quodsi
1205 1078 1374 1152 utrumque

258 1161 475 1246 neglexerint,
500 1186 535 1228 se
556 1163 712 1230 Ottonem
736 1168 928 1251 agniturum
953 1187 1024 1230 esse
1047 1165 1215 1250 indicat.¹)
1230 1203 1274 1212 -
1288 1165 1374 1228 Haec

256 1259 456 1326 Deliberatio
488 1285 603 1328 versus
628 1263 728 1328 finem
752 1267 832 1330 anni
859 1265 944 1328 1199
968 1265 1119 1330 conlecta
1143 1286 1213 1328 esse
1238 1263 1372 1328 videtur.

87 1425 248 1475 *monitos
349 1411 401 1477 14.
447 1412 563 1478 Plures
587 1415 664 1479 dein
689 1425 826 1481 conatus
850 1419 960 1483 adhuc
990 1417 1069 1480 fecit
1092 1417 1307 1480 Innocentius
1329 1413 1374 1477 lll

124 1483 210 1520 tenens.

259 1510 302 1574 ad
327 1512 509 1576 movendos
532 1515 710 1599 principes,
743 1525 778 1578 ut
802 1519 1005 1582 unanimiter
1034 1522 1251 1600 agnoscerent
1278 1533 1373 1576 unum

259 1633 301 1673 ex
326 1611 607 1696 competitoribus,
643 1611 694 1677 vel
719 1614 891 1679 Pontificis
915 1613 1050 1679 arbitrio
1075 1633 1210 1676 eausam
1235 1612 1374 1674 commit·

258 1716 374 1770 terent.
423 1707 487 1772 Sed
513 1731 616 1794 quum
640 1709 703 1774 hac
727 1714 854 1777 ratione
900 1712 984 1777 nihil
1006 1709 1190 1800 proficeret,
1224 1707 1374 1774 Calendis

258 1803 386 1869 Martiis
410 1808 488 1870 anni
516 1807 601 1872 1202
625 1806 781 1873 Ottonem
806 1821 842 1874 ut
864 1833 976 1895 regem
995 1808 1196 1874 Germaniae
1219 1809 1254 1871 in
1275 1808 1375 1892 Impe-

258 1913 400 1966 ratorem
425 1907 689 1989 promovendum
713 1910 852 1992 agnovit
875 1920 908 1972 et
930 1907 1123 1987 declaravit,
1152 1927 1257 1990 eaque
1280 1901 1319 1968 de
1344 1926 1374 1966 re

258 2009 327 2064 tum
353 2001 395 2064 ad
420 2002 539 2087 ipsum,
564 2015 634 2068 tum
652 2005 693 2068 ad
712 2003 913 2072 Germaniae
937 2008 1105 2092 principes
1126 2002 1255 2067 litteras
1277 2001 1373 2065 dedit.

259 2099 297 2162 In
328 2099 466 2183 epistola
496 2100 539 2164 ad
564 2103 731 2187 principes
756 2103 882 2169 directa
909 2105 1014 2169 fusius
1043 2103 1190 2186 exponit,
1221 2110 1374 2187 quantam

258 2197 329 2282 ipse
353 2197 482 2262 dederit
505 2221 639 2284 operam
664 2210 700 2264 ut
724 2223 779 2266 eos
802 2202 845 2266 nd
870 2205 1040 2286 negotium
1064 2199 1145 2264 illud
1174 2197 1375 2262 concorditer

258 2294 442 2359 finiendum
478 2296 669 2362 adduceret.
725 2301 815 2363 Dein
850 2299 980 2364 scribit:
1032 2297 1195 2365 Caeterum
1233 2295 1376 2382 quoniam

257 2393 406 2457 hactenus
428 2419 484 2458 nec
507 2397 738 2482 espectationis
752 2409 880 2461 nostrae
897 2397 1060 2476 modestia,
1084 2419 1139 2460 nec
1155 2393 1376 2458 exhortationis

258 2489 406 2569 studium,
439 2515 494 2555 nec
529 2493 657 2557 consilii
688 2499 869 2576 maturitas,
901 2519 956 2561 nec
986 2496 1204 2560 instructionis
1235 2491 1376 2555 discretio

257 2610 311 2651 nos
335 2593 506 2668 commovit,
530 2613 586 2654 nec
601 2591 774 2676 legatorum
789 2605 968 2658 nostrornm
990 2593 1180 2679 usqueadeo
1197 2587 1372 2654 sollicitudo

253 2687 403 2773 profecit,
433 2699 468 2751 ut
497 2688 546 2751 uel
564 2713 625 2775 per
647 2714 702 2753 vos
726 2693 823 2777 ipsos,
855 2693 980 2778 sepulta
1003 2691 1175 2771 discordia,
1215 2690 1297 2752 sicut
1326 2707 1374 2749 ros

257 2806 351 2869 saepe
374 2787 559 2864 mon-nimus,
583 2789 779 2852 concorditer
803 2789 846 2852 ad
862 2791 1076 2877 provisionem
1099 2787 1306 2852 intenderetis
1320 2785 1373 2847 Im·

252 2881 350 2967 perii,
375 2880 424 2946 uel
446 2884 577 2948 consilio
601 2897 657 2949 aut
681 2886 814 2951 arbitrio
837 2899 944 2952 nostro
968 2889 1154 2951 committere
1177 2908 1232 2948 eos
1247 2880 1373 2955 vetlem,

257 3001 326 3042 cum
355 2977 557 3066 dispendium
578 2981 757 3062 'Ecclesiae
790 3009 870 3070 quac
901 2987 1022 3050 diutius
1045 3009 1100 3048 nec
1123 2983 1190 3048 enit
1211 3006 1268 3046 nec
1291 2977 1374 3042 debet

256 3077 370 3140 idoneo
394 3079 558 3164 defensore
583 3104 700 3160 carere,
725 3085 878 3147 sustinere
901 3085 1037 3149 nolimus
1053 3083 1194 3159 ulterius,
1219 3079 1268 3143 vel
1287 3076 1373 3140 dissi-

255 3173 376 3240 mularc
410 3181 574 3266 jacturam
603 3180 720 3266 populi
758 3183 939 3261 christiani,
977 3205 1045 3245 cnm
1075 3179 1171 3244 alteri
1200 3179 1239 3242 de
1266 3175 1373 3240 uestris

255 3271 362 3336 electis
385 3273 571 3362 (Philippo)
595 3277 745 3363 savorem
769 3279 948 3365 impendere
971 3303 1035 3343 reon
1052 3281 1224 3366 ponamus,
1243 3283 1373 3362 propter

255 3374 606 3438 encommunicationem
624 3375 797 3461 publicam,
817 3380 996 3467 perjurium
1019 3377 1232 3461 manifestum,
1261 3383 1291 3436 et
1312 3368 1371 3434 uul-

254 3481 362 3553 patam
378 3473 639 3558 persecutionem,
664 3497 758 3559 quam
768 3478 986 3562 progenitores
1009 3479 1076 3565 ejus
1099 3486 1129 3539 et
1152 3477 1220 3560 ipsc
1243 3472 1277 3534 in
1294 3471 1372 3554 Apo·

256 3567 399 3632 stolicam
423 3567 534 3633 Sedem
558 3580 587 3632 et
611 3572 785 3636 Ecclesiam
809 3595 950 3637 enercere
973 3573 1156 3637 nullatenus
1179 3569 1370 3644 dubitarunt,

249 3676 386 3752 propter
407 3665 610 3730 insolentiam
633 3669 728 3732 etiam
750 3694 843 3755 quam
867 3682 1070 3736 emarcuerunt
1104 3673 1138 3734 in
1159 3669 1325 3756 principes
1346 3670 1372 3724 ct

256 3759 340 3826 alios
362 3764 424 3827 sibi
446 3763 609 3854 subjectos,
640 3777 669 3830 et
697 3791 735 3831 ne
760 3762 889 3832 libertus
908 3767 1091 3855 principum
1114 3770 1149 3832 in
1173 3763 1371 3853 Imperatoris

255 3859 402 3925 electione
433 3861 573 3942 vilescat,
615 3866 643 3927 si
669 3887 733 3928 non
758 3887 819 3951 per
851 3866 1038 3945 electionem,
1070 3867 1124 3932 sed
1155 3865 1371 3929 successionem

255 3960 429 4046 transferri
453 3983 472 4023 a
491 3961 641 4046 patribus
665 3963 699 4026 in
714 3963 804 4046 filios
828 3975 858 4028 et
880 3966 915 4027 in
930 3965 1057 4051 fratres
1088 3988 1109 4028 a
1129 3962 1295 4051 fratribus
1316 3961 1369 4023 Im-

330 4213 352 4286 ²)
372 4213 478 4284 Regist.
498 4217 616 4284 Imperii,
635 4233 676 4286 ep.
696 4219 730 4273 29
749 4237 791 4289 ap.
811 4221 901 4276 Balut.
919 4222 949 4276 Τ.
969 4221 992 4279 1.
1012 4238 1037 4289 p.
1056 4223 1117 4278 697.
1162 4253 1166 4262 ·
