3000 4838
304 498 339 552 74
501 493 605 550 XXIII.
625 495 665 548 De
683 497 760 546 statu
779 491 878 545 Eccles.
897 489 981 559 priori
999 491 1086 545 medio
1104 507 1173 546 saec.
1193 492 1256 547 XII.

304 639 392 704 fecta
416 648 474 718 est,
499 649 531 703 et
547 658 667 720 magno
692 657 768 700 cum
783 633 906 718 gaudio
924 633 1080 700 Pontifex
1103 637 1138 700 in
1163 635 1244 700 urbe
1265 648 1437 722 receptus,

305 758 366 824 per
375 736 552 822 reliquum,
577 736 636 800 sed
647 733 760 815 breve,
778 734 868 796 vitae
892 733 1037 817 spatium
1052 733 1219 798 Romanos
1243 736 1438 798 reverentia

306 843 340 899 et
362 833 553 900 obedientia
582 831 763 897 submissos
786 838 943 914 expertus
967 839 1025 896 est.
1072 830 1171 896 Anno
1202 843 1315 896 antem
1346 833 1437 896 inse-

306 943 428 1020 quente
454 933 539 996 1153
573 931 627 995 die
661 930 697 993 7⁰
719 928 802 994 Julii
836 929 994 1010 migravit
1023 929 1068 993 ad
1092 927 1263 994 Christum
1293 928 1437 1010 Tibure,

307 1053 372 1118 quo
396 1033 500 1095 anImi
523 1051 623 1094 eausa
647 1049 718 1091 sese
734 1035 913 1111 receperat.
960 1027 1135 1091 Demortui
1153 1049 1272 1113 corpus
1288 1028 1436 1092 Romam

307 1128 454 1194 delatum
486 1137 536 1193 est
570 1147 691 1212 magna
720 1145 843 1209 pompa
873 1124 1007 1208 funeris,
1043 1134 1143 1211 atque
1175 1128 1211 1190 in
1241 1125 1383 1190 ecclesia
1408 1149 1437 1190 s.

307 1227 397 1291 Petri
421 1224 597 1312 sepultum,
626 1233 660 1287 et
681 1221 846 1286 miraculis
867 1221 1017 1307 ploriosa‘s
1032 1227 1107 1313 *ejus
1130 1224 1328 1310 sepulchrum
1358 1223 1440 1288 illu·

309 1333 453 1390 suatum.
462 1326 486 1406 ¹)

149 1422 292 1527 lssffip
400 1421 453 1488 94.
501 1421 567 1486 Die
582 1417 714 1485 9⁰Julii
730 1420 765 1482 in
779 1439 1001 1482 successorem
1017 1417 1161 1503 Eugenii
1177 1417 1230 1484 III
1246 1417 1369 1482 electus
1386 1431 1443 1482 est

136 1496 186 1527 ω
261 1513 266 1526 '
295 1514 485 1583 'Conradus
506 1518 688 1600 Romanus,
714 1515 901 1582 Cardinalis
920 1518 1095 1601 episcopus
1119 1514 1313 1582 SabInensis
1337 1537 1440 1602 prop·

310 1626 360 1680 ter
375 1625 516 1680 aetatem
534 1625 567 1680 et
582 1618 694 1680 euriae
711 1615 863 1701 peritiam
880 1613 1100 1697 venerandus,
1125 1616 1183 1700 qui
1200 1613 1370 1678 Anastasii
1383 1615 1408 1678 I
1411 1613 1448 1678 V

309 1736 429 1779 nomen
447 1717 601 1800 suscepit.
641 1713 789 1797 Agitatio
805 1711 941 1798 quidem
953 1711 1079 1776 Rornae
1095 1712 1304 1798 perduravit3
1325 1713 1444 1799 potuit

309 1822 421 1876 tamen
445 1811 643 1876 Anastasius
673 1811 769 1876 brevi
794 1810 1005 1896 pontificatus
1029 1812 1080 1874 sui
1104 1820 1252 1897 tempore
1284 1812 1319 1875 in
1343 1809 1444 1874 Urbe

310 1909 464 1976 residere.
512 1906 797 1974 Commemoratur
821 1929 943 1992 magna
975 1929 1050 1972 cum
1075 1907 1174 1973 laude
1202 1908 1303 1994 hujus
1325 1908 1443 1972 Ponti-

311 2007 383 2073 ficis
418 2009 453 2072 in
479 2028 643 2093 pauperes
667 2006 828 2089 charitas3
854 2006 937 2070 obiit
960 2015 1071 2069 autem
1096 2005 1199 2070 altero
1222 2005 1445 2092 pontificatus

311 2105 362 2170 sui
378 2127 476 2188 anno,
495 2105 548 2170 die
566 2107 603 2170 2⁰
617 2103 815 2170 Decembris
840 2106 920 2168 anni
940 2102 1035 2169 1154.
1072 2103 1142 2168 Sub
1159 2104 1231 2190 ejus
1247 2124 1445 2169 successore

312 2204 509 2290 inceperunt
552 2203 763 2269 difficultates
804 2225 880 2267 cum
915 2203 1086 2267 Friderico
1128 2203 1349 2286 Barbarossa‚
1396 2203 1446 2268 dc

313 2301 409 2387 cujus
440 2301 530 2367 lucta
561 2313 676 2366 contra
698 2300 885 2365 Ecclesiam
915 2301 1018 2366 altera
1048 2301 1290 2366 Dissertatione
1320 2311 1448 2365 tracta-

312 2398 433 2466 bimus.
453 2437 490 2447 -
509 2400 624 2464 Restat
635 2400 743 2482 modo,
768 2409 806 2463 ut
822 2399 862 2465 de
877 2397 1071 2464 haeresibus
1092 2422 1131 2463 ac
1148 2399 1189 2464 de
1206 2401 1450 2465 controversiis

313 2497 515 2584 quibusdam
545 2521 697 2583 agamus,
730 2498 851 2584 quibus
875 2499 990 2582 primis
1019 2497 1190 2562 decenniis
1214 2497 1337 2562 saeculi
1362 2497 1451 2563 duo·

314 2594 437 2660 decimi
460 2597 600 2661 societas
624 2596 804 2661 christiana
827 2604 992 2660 commota
1016 2604 1074 2659 est.

845 2971 923 3036 tv.

359 3133 424 3199 De
445 3133 687 3199 humectus
710 3135 749 3195 ct
770 3131 1066 3197 controuersiis
1088 3130 1220 3208 hujus
1241 3128 1407 3194 aetatis.

409 3311 463 3378 95.
501 3307 621 3390 Quoad
643 3308 815 3372 haereticos
839 3304 927 3369 illius
950 3306 1107 3390 temporis
1129 3305 1314 3389 generatim
1336 3312 1454 3388 potest

321 3410 472 3491 adverti,
492 3410 603 3494 ipsum
626 3406 790 3471 fervorem
813 3402 1050 3468 restaurandae
1075 3402 1272 3489 disciplinae
1296 3401 1352 3486 qui
1372 3401 1454 3486 jam

321 3508 449 3575 dudum
473 3503 564 3593 apud
588 3503 709 3569 multos
731 3501 893 3584 fervebat,
918 3500 1064 3588 aliquam
1081 3499 1273 3586 praebuisse
1298 3518 1456 3564 errorum

321 3620 354 3674 et
376 3608 552 3672 haeresum
575 3603 795 3668 occasionem.
842 3599 923 3664 Veri
947 3598 1104 3663 videlicet
1128 3608 1161 3662 et
1183 3597 1323 3681 legitimi
1347 3595 1454 3660 refor-

321 3715 464 3772 matores
500 3701 579 3768 cleri
617 3710 651 3765 et
688 3699 849 3764 laicorum
894 3719 935 3761 ac
971 3706 1208 3763 restauratores
1252 3691 1457 3779 disciplinae

321 3805 457 3871 fuerunt
478 3800 621 3866 Romani
644 3796 833 3879 Pontifices,
866 3792 1033 3881 praesules
1063 3793 1195 3878 fervidi,
1227 3793 1292 3858 viri
1323 3790 1459 3878 aliquot

322 3903 429 3970 sancti
462 3901 620 3983 insignes,
650 3898 737 3961 inter
761 3916 843 3980 quos
866 3895 1013 3958 eminent
1036 3914 1062 3958 s.
1085 3891 1287 3974 Bernardus‚
1320 3913 1346 3956 s.
1370 3889 1458 3955 Nor-

323 4001 447 4084 bertus‚
471 3999 588 4063 Petrus
610 3991 830 4060 Venerabilis.
862 3990 928 4056 Sed
952 3999 1166 4055 surrexerunt
1189 3991 1290 4054 etiam
1313 3987 1458 4075 quidam

400 4279 422 4346 ¹)
441 4275 561 4344 scriptor
579 4279 711 4339 contemp.
731 4285 773 4338 ap.
793 4269 863 4338 Pagi
883 4267 916 4320 ad
936 4283 960 4320 a.
982 4267 1059 4320 1153.
1079 4264 1095 4335 5
1113 4265 1139 4318 4.
