2840 4840
298 455 333 508 94
513 452 615 508 XXXI.
635 453 676 507 De
694 452 840 506 abolitione
859 452 968 506 Ordinis
987 452 1207 522 Templariornnr.

299 620 404 662 eonem
428 598 536 683 opinio
559 595 762 682 qrnralutur,
796 619 817 660 a
840 596 931 660 nobie
953 597 1068 660 tretium
1090 597 1184 660 semel
1214 598 1271 661 sed
1296 597 1400 684 pirarios

299 721 367 761 crim
390 719 505 780 moqreo
528 696 685 759 instantia
704 697 876 781 petierunt,
901 695 985 780 qnod
1007 718 1065 758 nos
1080 719 1177 782 seqrer
1191 695 1259 760 ill-is
1275 697 1399 781 eisfnlro

299 796 467 882 impositio,
499 804 534 856 ut
557 792 713 872 (licebant,
744 791 888 857 vellemne
912 795 1071 878 inquirere
1095 796 1268 875 ueritatem,
1300 819 1333 856 ac
1353 817 1401 864 ros,

299 896 330 956 si
361 894 585 979 reperirentur,
620 903 654 954 ut
686 891 880 970 asserebant,
915 889 1137 978 inculpabiles,
1172 891 1337 967 absolvere,
1368 891 1403 954 rel

299 993 396 1076 ipsos,
428 993 458 1054 si
480 992 694 1076 reperirentur
717 988 901 1076 culpabiles,
933 991 1017 1074 quod
1039 988 1224 1053 nullatenus
1246 990 1403 1052 credebant.

300 1089 506 1154 condemnare
537 1087 695 1165 vellemne,
729 1111 796 1170 moe,
832 1111 870 1151 no
903 1089 987 1152 circa
1014 1089 1171 1172 neqotinm
1194 1088 1280 1170 fidei
1302 1085 1412 1171 aliquid

259 1259 264 1270 .
300 1187 503 1271 neqliqumue,
528 1197 557 1249 et
569 1188 644 1272 quia
661 1185 787 1250 verium
802 1197 888 1249 tuum
902 1186 993 1250 nobis
1007 1209 1103 1272 super
1114 1187 1156 1250 iis
1167 1185 1292 1271 pluries
1298 1185 1412 1269 jactem¹

299 1309 364 1349 reon
395 1283 511 1348 modici
535 1284 691 1370 ponderis
720 1285 924 1362 arbitramur,
960 1284 1004 1347 acl
1036 1284 1190 1348 <lictorum
1215 1284 1361 1368 Maqistri
1384 1291 1412 1356 rt]

305 1382 556 1468 Temploriornm
584 1384 772 1447 instantiam
800 1383 964 1467 diliqentie
994 1385 1212 1467 inquisitionis
1242 1381 1403 1464 irrdoqimn

300 1480 390 1566 inpia
409 1502 531 1565 pancos
554 1481 623 1544 dies
637 1481 675 1544 cte
690 1480 822 1544 consilio
838 1481 985 1566 fratrum
1007 1492 1195 1556 nostrornm,
1215 1489 1349 1565 propter
1365 1477 1412 1544 los,

300 1580 436 1642 instanti
465 1577 517 1640 die
546 1578 675 1642 Veneris
698 1579 856 1642 civitatem
879 1579 1093 1643 Pietuueneem
1115 1579 1283 1654 intraturi,
1312 1597 1412 1662 propr

300 1677 405 1739 mimus
435 1677 592 1754 inchoare,
631 1675 680 1740 uel
711 1677 797 1740 aliae
828 1677 863 1740 iu
885 1680 1009 1764 neqotio
1037 1677 1221 1763 procedere,
1256 1685 1353 1762 prout
1379 1671 1406 1733 dr

294 1773 440 1860 fratrum
469 1776 610 1859 ipsorum
632 1773 764 1839 cornito
788 1775 945 1839 videbitur
967 1775 1079 1839 titilius
1093 1773 1327 1860 faciendum.¹)
1368 1769 1412 1853 En

304 1871 366 1936 hac
390 1870 537 1956 epistola,
562 1875 685 1957 scripta
708 1871 762 1936 die
786 1873 847 1938 24⁰
861 1873 1003 1958 Augusti
1028 1873 1171 1953 s.1307‚
1197 1880 1301 1957 petet,
1326 1865 1412 1932 nnllsl

303 1981 412 2050 tenus,
449 1971 495 2032 uti
527 1969 675 2056 plerique
708 1981 858 2035 auctores
900 1972 1026 2056 opinati
1058 1980 1134 2034 erint
1171 1967 1355 2032 secundnm
1381 1943 1412 2038 sal

304 2089 388 2152 quae
419 2068 549 2152 scripsit
572 2066 790 2133 Continentur
813 2068 982 2134 Guillelmi
1013 2069 1150 2152 Nangii,
1191 2069 1225 2131 in
1262 2077 1407 2130 conventu

305 2185 417 2228 mense
453 2165 560 2250 Aprili
601 2167 686 2230 inter
727 2166 931 2231 Clementem
973 2179 1005 2230 et
1044 2166 1237 2252 Philippum
1283 2161 1412 2234 Pictoris

304 2261 418 2326 habito
445 2263 516 2346 jam
547 2267 742 2328 convenisse
767 2265 807 2328 de
832 2287 986 2350 processu
1011 2276 1126 2330 contra
1150 2262 1356 2349 Templarios
1376 2249 1412 2320 inl

304 2360 481 2442 uiuendo,
506 2385 545 2425 ac
569 2361 672 2426 multo
697 2365 805 2426 minus
830 2363 870 2426 de
895 2385 1007 2427 eorum
1032 2363 1306 2427 incarceratione.
1344 2359 1401 2422 Tan

305 2469 374 2522 tnm
400 2471 523 2543 postea,
548 2459 748 2524 instantibus
764 2462 919 2546 Magistro
937 2460 1073 2527 Ordinis
1097 2459 1249 2546 aliisque,
1277 2417 1412 2523 Clenrcui

305 2556 479 2620 consilium
510 2561 599 2643 cepit
631 2558 879 2643 indagationem
915 2559 957 2622 dc
990 2555 1262 2624 accusationibus
1296 2539 1412 2641 prolatii

307 2653 486 2740 prudenter
510 2657 713 2724 instituendi.
1411 2647 1412 2716 l

154 2787 279 2880 T⁰¹¹¹¹³l⁸¹¹¹
399 2790 449 2853 15.
497 2789 562 2853 Sed
593 2791 767 2878 Philippus
803 2814 860 2877 pro
896 2791 1087 2856 charactere
1122 2812 1180 2855 suo
1217 2788 1360 2854 violento
1391 2747 1412 2900 “l

184 2851 251 2901 Μ’
308 2891 427 2957 callido
452 2893 549 2955 citius
572 2889 849 2977 progrediendum
875 2891 1014 2956 censuit.
1050 2891 1115 2954 Die
1140 2890 1243 2972 igitur
1261 2887 1320 2952 13⁰
1335 2886 1412 2952 Octa

308 2992 376 3057 brie
400 2989 558 3073 Magister
581 2987 845 3074 Templariorum
875 2988 1011 3052 Parisiis
1042 2998 1074 3051 et
1106 3008 1220 3052 omnes
1250 2949 1412 3072 Templeril

308 3090 342 3154 in
366 3110 467 3174 regno
489 3087 649 3151 Francius
674 3085 782 3150 subito
807 3087 895 3171 capti
920 3097 952 3149 et
975 3087 1009 3150 in
1034 3108 1200 3150 carcerem
1226 3087 1320 3150 missi
1344 3101 1412 3192 susq

308 3187 401 3252 Anno
415 3186 547 3249 Domini
557 3187 597 3249 M
600 3181 683 3250 CCC
687 3185 755 3262 VII,
779 3185 826 3248 ait
838 3183 1027 3248 Bernardus
1042 3184 1219 3266 chronista,
1246 3207 1298 3248 res
1319 3199 1412 3314 nrrrqnq

307 3287 425 3350 riostris
455 3283 581 3362 accidit,
615 3283 861 3370 temporibusque
881 3281 1007 3368 futuris
1037 3283 1185 3346 scribitur
1217 3279 1412 3362 aremoromln

308 3387 345 3450 In
359 3383 448 3470 festo
472 3382 624 3468 siqnidem
647 3406 671 3446 e.
697 3382 846 3446 Eduardi
873 3379 1083 3468 Confeseoris,
1107 3383 1163 3446 ΙΙΙ
1181 3381 1260 3446 idus
1289 3381 1412 3446 Oneon-n

299 3483 394 3570 feria
423 3481 502 3560 VI⁸,
522 3481 659 3567 fuerunt
682 3481 770 3567 capti
788 3481 893 3566 primo
922 3479 1097 3566 Templarii
1130 3479 1243 3566 ubique
1276 3483 1311 3544 in
1336 3495 1412 3570 reqnq

309 3579 466 3644 Francioe
490 3589 519 3641 et
542 3602 582 3642 ere
605 3579 805 3642 ordinatione
832 3579 916 3666 reqis
946 3589 976 3641 et
1006 3577 1320 3666 consilii'inopinate
1343 3585 1412 3666 eoru,

385 3848 406 3920 ¹)
426 3847 495 3902 Vide
514 3845 604 3899 Balnt.
625 3851 645 3898 t.
665 3843 701 3899 IL
734 3860 759 3913 p.
780 3845 822 3898 70.
860 3843 934 3896 Haeo
952 3841 1068 3910 epistota
1086 3842 1152 3895 deta
1171 3851 1227 3898 est:
1256 3843 1289 3896 In
1309 3825 1412 3910 priorsti

310 3924 650 3997 LugudiecoPicterensis
669 3924 796 3978 dioecesis
814 3923 855 3978 IX
874 3923 928 3977 Kal
955 3923 1020 3990 Sept
1048 3922 1128 3979 Pont.
1148 3929 1253 3978 noste
1283 3921 1318 3976 11.
1339 3901 1412 3990 ΑΒΜ]

311 4008 379 4061 latio
399 4015 427 4062 et
445 4006 506 4060 eliis
524 4005 688 4059 adscribitur
706 4021 730 4058 a.
750 4005 828 4069 1306,
852 4003 967 4071 indeque
986 4017 1086 4072 magna
1105 4003 1227 4058 contusio
1246 4003 1273 4058 in
1293 4002 1367 4058 redas
1384 3999 1412 4050 di

311 4087 474 4142 stribueudis
493 4093 553 4140 orta
572 4094 621 4140 est.
658 4085 783 4140 Pertinet
802 4085 873 4139 eninr
892 4085 926 4138 ad
945 4099 969 4138 a.
992 4083 1075 4149 1307;
1102 4100 1165 4138 narn
1185 4085 1307 4138 Clemens
1326 4082 1354 4136 i.
1382 4053 1412 4136 uti

313 4175 435 4222 auctores
454 4167 530 4221 modo
547 4167 603 4234 jam
623 4165 795 4231 conveniunt,
814 4163 978 4234 designabat
996 4179 1081 4218 annos
1094 4164 1272 4219 Pontificatus
1291 4163 1332 4216 sni
1350 4177 1364 4213 s
1380 4155 1412 4212 dii

311 4245 493 4302 coronationis
514 4247 545 4300 14
566 4247 633 4302 Nor.
654 4247 731 4301 1305.
