2858 4834
353 489 439 542 Gesta
456 489 544 556 quoad
562 485 716 557 Imperium
1048 487 1101 544 243

22 630 155 717 Principes
182 633 268 696 anim
299 654 339 696 ac
371 653 533 718 proceres,
565 655 646 718 quos
669 653 729 718 pro
752 633 863 696 animo
888 655 946 697 suo
972 631 1100 697 elatiori

21 751 44 790 ac
61 731 156 793 minus
176 729 331 817 prudenti
348 729 425 796 Otto
450 731 573 816 passim
589 729 789 813 offendebat,
813 751 935 817 magna
951 741 1100 816 exparte

19 849 117 890 ansam
142 829 209 914 ojus
233 827 450 893 deseruerunt
472 839 505 893 et
527 829 571 893 ad
585 828 779 915 Philippum
804 851 838 893 sc
855 839 1100 894 converterunt.

17 921 61 986 llic
86 947 156 988 vero
184 925 288 990 multo
312 926 421 990 stadio
445 950 478 992 se
501 927 655 992 Pontifici
687 926 901 992 reconciliare
926 929 1017 992 nisus
1040 938 1100 1006 cst,

15 1019 188 1110 sdenmque
212 1027 302 1088 misit
315 1023 514 1111 Apologiam,
540 1027 655 1111 inqua
675 1047 770 1089 suam
793 1025 914 1110 agendi
938 1027 1100 1090 rationem

13 1117 158 1185 defendere
181 1133 319 1186 conatus
342 1133 399 1188 est.
439 1123 594 1207 Negavit,
618 1145 653 1187 sc
676 1145 828 1188 reversa
845 1123 1101 1188 CoelestinoIII

12 1222 303 1284 excommunicatum
329 1242 409 1303 esse,
428 1219 506 1306 jura
530 1220 744 1285 ecclesiarum
768 1219 898 1306 abipso
921 1243 987 1286 non
1011 1220 1101 1287 laesa

11 1315 50 1378 sed
82 1327 222 1402 protecta
270 1339 340 1382 esse
377 1320 531 1401 asseruit,
570 1328 602 1382 ct
634 1319 814 1382 maximam
851 1322 1099 1386 venerationem

11 1413 33 1476 in
51 1411 157 1480 Sedens
182 1413 408 1501 Apostolicam
432 1425 465 1480 et
487 1414 683 1498 Ecclesiam,
715 1439 755 1481 ac
778 1417 1047 1501 satisfactionem,
1072 1421 1099 1483 si

9 1531 35 1570 es
54 1515 237 1596 exigeretur,
262 1512 429 1598 pollicitus
452 1524 510 1579 est.
518 1513 543 1600 ¹)
572 1511 685 1594 Quum
700 1515 801 1598 igitur
816 1515 1032 1580 Innocentius
1047 1517 1100 1580 III

9 1607 117 1691 videret,
156 1613 295 1676 summis
337 1611 431 1676 malis
471 1611 686 1676 Germaniam
725 1633 854 1676 necnon
886 1614 1017 1679 Italiam
1056 1613 1100 1679 ob

8 1703 101 1771 belum
124 1708 225 1773 civile
248 1718 281 1773 et
303 1710 492 1795 principum
517 1709 690 1774 conflictus
707 1709 844 1796 turbari,
868 1712 988 1776 iterum
1012 1734 1049 1777 eo
1065 1734 1100 1777 se

7 1805 88 1884 vertit,
104 1806 195 1871 atad
207 1807 473 1871 conciliationem
489 1816 522 1871 at
535 1829 651 1892 pacem
669 1810 898 1893 competitores
909 1808 1099 1874 adduceret

7 1897 168 1990 Philippum
193 1927 281 1969 anno
300 1905 384 1969 1207
408 1903 451 1969 ab
476 1907 820 1970 excommunicatione
835 1904 943 1990 solvit,
968 1916 1000 1970 et
1015 1929 1099 1972 oom-

7 2003 131 2086 petitores
155 2025 194 2068 eo
218 1999 370 2086 adduxit,
394 2013 432 2067 ut
454 2003 607 2068 inducias
630 2005 730 2067 unius
753 2005 833 2068 anni
852 2006 1100 2086 constituerent,

7 2097 182 2188 llomamqne
207 2103 376 2166 mitterent
399 2112 553 2182 oratores,
584 2111 621 2165 ut
644 2100 771 2165 ibidem
803 2101 843 2166 de
867 2124 968 2167 causa
991 2105 1100 2167 termi-

7 2199 89 2264 nuda
120 2210 327 2266 tractaretur.
381 2201 495 2265 Mense
527 2199 724 2283 Februario,
764 2209 926 2286 quantum
956 2200 1098 2282 videtur,

7 2299 218 2378 negotiationes
249 2300 332 2363 istae
362 2299 486 2364 Romae
518 2300 723 2383 inceperunt,
755 2309 854 2385 atque
883 2300 984 2363 etiam
1019 2308 1100 2362 tunc

7 2387 209 2460 innocentium
226 2395 288 2478 111,
313 2406 470 2484 quantum
496 2395 727 2476 conveniebat,
751 2395 865 2461 Ottoni
882 2396 1014 2478 favisse,
1027 2394 1099 2486 col·

7 2487 90 2572 ligitur
124 2517 169 2558 ex
202 2493 319 2558 litteris
357 2492 541 2578 legatorum
571 2492 729 2578 Philippi,
769 2495 825 2579 qui
865 2492 1099 2579 querebantur,

7 2585 106 2655 bailius
135 2592 247 2656 videri
279 2614 355 2656 cum
386 2595 458 2677 ipso
483 2592 604 2657 Ottone
632 2613 732 2678 quam
764 2613 840 2656 cum
863 2591 1025 2656 Pontifice
1056 2591 1099 2655 ad

7 2692 98 2770 negotii
122 2689 371 2755 conclusionem
395 2692 582 2776 pervenire.
628 2691 765 2754 Interim
793 2689 928 2775 quidem
961 2698 1100 2776 uterque

7 2787 128 2874 princeps
160 2810 343 2874 eorumque
366 2809 523 2873 sequaces
547 2809 639 2852 arma
662 2786 835 2872 parabant,
867 2796 904 2851 ut
927 2787 1029 2852 finitis
1053 2789 1101 2850 in·

7 2879 84 2948 luciis
99 2885 227 2951 bellum
252 2895 548 2972 prosequerentur3
573 2885 630 2949 scd
646 2884 700 2948 die
717 2885 778 2948 21⁰
792 2884 814 2949 J
816 2886 887 2949 unii
903 2887 983 2950 anni
1002 2885 1098 2967 1208,

7 2975 161 3069 Philippus,
196 2983 276 3048 dum
313 2982 433 3068 agebat
463 2981 680 3067 Bambergae,
721 2980 764 3047 ab
795 2981 917 3047 Ottone
947 2982 1099 3048 Palatino

7 3083 95 3144 unite
118 3083 161 3147 de
187 3079 420 3170 Wittelsbaoh,
454 3081 605 3145 vindicta
628 3102 694 3144 non
717 3079 853 3165 politica
877 3081 933 3145 sed
958 3081 1099 3166 privata,

7 3177 72 3262 enjus
92 3181 178 3244 ratio
205 3199 272 3243 non
295 3176 409 3265 liquet,
434 3179 580 3264 pugione
600 3177 771 3242 confossus
795 3187 828 3242 et
851 3179 1021 3263 inopinate
1046 3202 1100 3242 ex·

7 3277 114 3342 tinctus
136 3288 200 3342 est.

67 3387 116 3450 21.
146 3385 282 3449 Monuit
304 3394 384 3447 tunc
397 3382 613 3447 Innocentius
629 3383 681 3446 III
705 3383 872 3468 principes
889 3381 1100 3465 Germaniae,

7 3494 197 3570 ususcepto
223 3481 344 3548 Ottone
368 3481 416 3544 IV
449 3503 566 3566 pacem
602 3481 821 3561 restituerent,
861 3491 959 3566 atque
983 3503 1101 3546 revera

7 3573 44 3640 tte
63 3581 101 3645 ab
125 3580 285 3646 omnibus
307 3589 345 3643 ut
367 3601 427 3643 rex
449 3579 581 3663 agnitus
604 3577 676 3659 fuit,
701 3599 804 3664 quum
819 3575 1004 3642 Suovorum
1029 3601 1100 3663 par·

7 3681 47 3738 bn
77 3681 165 3744 initis
201 3677 409 3765 sponsalibus
445 3698 521 3741 cum
545 3675 696 3740 Beatrice
723 3674 872 3762 Philippi
902 3676 970 3740 filia
998 3677 1041 3741 ad
1065 3699 1100 3741 se

7 3771 164 3843 sllicnisset
198 3776 316 3863 Spirae
340 3776 474 3840 comitia
497 3776 591 3858 regni
615 3773 732 3859 legatis
752 3774 924 3839 Pontificis
948 3797 1099 3860 praescn-

7 3871 68 3936 tibns
94 3875 215 3940 habita
245 3885 336 3955 sunt,
374 3883 407 3938 ct
441 3896 492 3937 res
524 3881 594 3936 tum
624 3871 866 3936 ecclesiasticae
890 3883 960 3936 tum
985 3870 1102 3936 civiles

7 3975 190 4038 antenianti
224 3975 352 4038 ratione
385 3970 557 4036 ordinatae
586 3980 618 4034 et
650 3972 858 4035 constitutae.
905 3969 968 4034 His
991 3970 1099 4052 factis,

7 4061 59 4130 ltro
87 4071 135 4134 IV
168 4073 205 4135 in
233 4069 365 4134 italiam
396 4069 562 4154 proiectus
592 4077 654 4151 est,
686 4079 723 4131 ut
750 4090 768 4132 e
801 4089 902 4131 manu
929 4068 1102 4132 Pontifiois

57 4284 74 4350 ¹)
91 4284 198 4354 Regin.
217 4283 329 4352 Imperii
348 4298 390 4351 ep.
409 4282 474 4350 1363
493 4296 535 4349 ap.
554 4281 646 4337 Balnt.
665 4279 683 4337 l.
702 4297 724 4338 a
744 4297 768 4350 p.
789 4281 850 4338 746.
901 4367 919 4425 6

884 4371 899 4425 l
926 4370 941 4404 Ψ
