2844 4840
300 455 336 510 se
428 493 432 504 .
516 431 617 510 xirxr.
638 455 677 510 ne
696 453 843 510 abolitione
861 454 969 509 οιιιιιιιι
987 454 1208 523 romannorum.

150 599 273 703 9¹:332ss
300 598 516 686 temperabat,
541 609 573 663 et
592 598 672 663 dum
688 597 859 663 Ecclesiae
883 597 1047 663 dominari
1071 597 1237 680 studebat,
1259 599 1351 664 zelum
1371 614 1396 660 et

301 699 538 783 protectionem
562 695 742 761 simulabat
763 696 942 781 religionis.
974 694 1126 762 Clemens
1150 719 1229 762 vero
1254 699 1398 762 nonsatis

299 795 524 882 perspiciebat
546 795 658 859 omnia
693 793 897 859 discrimina.
945 793 1172 860 Generatim
1157 817 1230 880 Jam
1252 795 1398 859 tendentia

299 893 463 982 quaedam
489 892 742 973 conciliationis,
768 891 1005 956 moderationis
1021 915 1061 956 ac
1074 895 1304 958 transactionis
1324 915 1399 978 prae

300 993 464 1074 valuerat3
496 991 646 1076 adeoque
669 989 952 1075 Bonifatiigesta
984 1000 1020 1053 ut
1050 993 1160 1055 minus
1190 991 1356 1077 prudentia
1375 1002 1400 1052 at

298 1093 521 1177 inopportuna
559 1089 642 1152 forte
673 1088 829 1152 Pontifex
862 1087 1104 1154 considerabat.
1165 1089 1248 1175 Regi
1279 1091 1401 1153 nationis

298 1187 479 1270 Gallorum,
513 1209 555 1250 ex
586 1208 652 1271 qua
682 1187 753 1270 ipse
784 1185 946 1250 oriundus
977 1197 1057 1267 erat,
1090 1195 1127 1250 ut
1154 1209 1253 1273 saepe
1284 1187 1400 1272 praelati

298 1286 436 1368 Galliae,
461 1286 571 1350 animo
585 1282 739 1349 addictus
760 1294 843 1365 erat3
870 1283 947 1348 binc
964 1306 1050 1370 quae
1064 1282 1166 1349 salvis
1181 1295 1310 1348 tantum
1331 1287 1402 1370 prin·

298 1387 395 1471 cipiis
428 1383 565 1450 concedi
591 1391 744 1469 poterant
770 1380 985 1447 concedebat.
1031 1381 1111 1446 Mox
1142 1384 1243 1447 etiarn
1274 1381 1404 1446 influxus

298 1481 526 1548 Cardinalium
551 1480 666 1546 Italiae
701 1479 812 1544 adhuc
836 1501 874 1543 eo
899 1479 1083 1544 diminutus
1107 1491 1165 1560 est,
1198 1480 1287 1567 quod
1310 1480 1405 1565 plures

296 1603 401 1645 novos
426 1578 620 1644 Cardinales
644 1577 757 1644 Gallos
789 1577 943 1643 Clemens
979 1581 1123 1660 creavit3
1160 1579 1240 1642 dum
1273 1601 1346 1642 vero
1378 1579 1404 1640 in

296 1678 457 1744 familiam
488 1677 655 1763 propriam
686 1676 866 1741 admodum
900 1698 971 1740 sese
1003 1676 1190 1740 ostenderet
1219 1699 1406 1763 propensum

297 1774 475 1862 multisque
499 1799 572 1840 eam
597 1785 733 1858 augeret
756 1775 881 1858 gratiis,
907 1775 1006 1838 etiam
1024 1774 1103 1838 inde
1119 1774 1263 1840 vinculis
1287 1776 1405 1862 quibus·

296 1875 373 1938 dam
405 1875 602 1938 constrictus
632 1873 706 1957 fuit,
739 1873 916 1958 quominus
948 1873 1139 1937 omnimoda
1168 1895 1245 1936 cum
1268 1872 1407 1936 libertate

296 1995 336 2036 ac
374 1975 488 2056 vigore
529 1981 652 2057 agerat.
710 1970 898 2035 Virtutibus
944 1971 1078 2056 quidem
1126 1973 1230 2036 variis
1268 1970 1415 2054 Clemens

296 2080 431 2134 ornatus
455 2080 534 2152 erat,
559 2079 590 2134 et
613 2068 702 2155 quod
727 2069 886 2153 injustum
903 2066 956 2132 vel
980 2070 1131 2154 iniquum
1149 2069 1329 2134 videbatur
1351 2067 1415 2148 regi

296 2167 478 2232 concedere
502 2167 694 2248 recusabat,
720 2168 778 2231 scd
792 2168 914 2252 passim
939 2166 1049 2252 quoad
1073 2169 1206 2253 negotia
1230 2166 1363 2254 publica
1384 2181 1415 2234 et}

296 2265 467 2331 Ecclesiae
500 2264 700 2349 gubernium
731 2264 850 2330 timida
881 2265 1026 2351 quadam
1061 2265 1238 2351 prudentia
1266 2266 1415 2330 Pontifex}

297 2388 375 2430 usus
406 2373 465 2445 est,
501 2376 534 2427 et
563 2361 843 2428 transactionibus
878 2365 987 2449 potius
1021 2363 1233 2428 difficultates
1265 2365 1415 2448 effugerat

296 2485 396 2550 quam
421 2461 516 2526 firma
540 2464 727 2527 constantia
751 2483 806 2525 eas
831 2462 965 2525 vincere
988 2461 1125 2527 studuit.
1414 2475 1415 2480 ’

385 2605 415 2670 9.
462 2603 516 2668 Ex
539 2604 591 2668 his
615 2605 717 2688 igitur
739 2627 776 2668 ra
778 2614 823 2668 ιο
855 2603 976 2688 agendi
1001 2602 1181 2669 Clementis
1214 2607 1295 2669 satis
1320 2593 1415 2700 expli-l

296 2704 363 2767 cari
389 2712 505 2787 potest,
530 2723 637 2788 neque
661 2701 814 2786 turpibus
837 2703 943 2788 pactis
967 2701 1112 2767 adscribi
1136 2703 1246 2784 debet,
1271 2703 1391 2790 quod
1385 2711 1415 2817 iq

295 2801 408 2866 multis
440 2802 509 2886 regi
540 2798 712 2885 Philippo
730 2800 906 2865 obsecutus
939 2810 997 2866 est.
1045 2798 1241 2866 Cavendum
1276 2813 1342 2877 est,
1379 2789 1415 2892 ιι9

296 2899 536 2963 clrronistarum
561 2897 817 2962 narratiunculis
849 2900 988 2962 nimiam
1012 2897 1112 2964 fidem
1140 2897 1337 2976 habeamus,
1369 2881 1415 2970 rel

295 2999 365 3062 sine
390 2998 585 3061 necessitate
608 2998 851 3083 suppositiones
874 2997 1050 3082 fingamus,
1074 3020 1159 3083 quae
1184 2997 1348 3063 honorem
1363 2989 1415 3068 9999

296 3117 468 3159 manorum
485 3095 685 3160 Pontilicum
709 3094 855 3160 laedunt
833 3095 955 3180 tIpsi
980 3097 1069 3160 enirn
1094 3097 1128 3160 in
1152 3095 1415 3178 administranda}

296 3191 445 3257 Ecclesia
456 3195 638 3257 universim
651 3215 689 3257 eo
703 3192 811 3274 modo,
829 3195 884 3278 qui
896 3215 1009 3258 eorum
1018 3215 1167 3258 summae
1176 3193 1336 3278 dignitati
1350 3195 1415 3306 conl

295 3290 460 3370 veniebat,
492 3313 591 3374 agere
614 3291 823 3369 studuerunt,
840 3293 1011 3388 quamvis
1034 3293 1070 3356 in
1093 3291 1192 3356 rebus
1222 3272 1415 3362 difficilibnl

295 3387 511 3473 disponendis
534 3392 644 3454 varias
668 3389 835 3454 interdum
849 3392 933 3454 varii
952 3390 1130 3454 Pontifices
1153 3390 1318 3474 elegerint
1342 3396 1415 3528 viaq

1409 3573 1415 3608 l

387 3541 436 3606 10.
486 3539 588 3606 Gesta
613 3541 792 3606 Clementis
823 3553 897 3627 post
885 3541 1113 3606 telectionem
1138 3564 1232 3606 suam
1251 3543 1329 3628 jam
1355 3544 1415 3608 bre

295 3638 381 3700 viter
410 3639 599 3703 referamus
648 3639 818 3704 Privatam
851 3639 984 3726 quidem
1010 3642 1159 3704 notitiam
1192 3639 1233 3703 de
1257 3629 1415 3750 electioni

294 3731 544 3801 Bertrandus
536 3759 568 3801 m
605 3737 677 3823 ipsa
713 3759 778 3823 qua
814 3751 995 3824 occupatus
1018 3751 1088 3802 erat
1121 3739 1320 3824 provinciae
1344 3725 1415 3810 sual

294 3833 547 3918 perlustratione
570 3837 709 3921 accepit,
734 3859 773 3900 ac
790 3835 868 3900 dein
885 3847 959 3920 post
980 3835 1182 3921 quindenam
1199 3813 1415 3942 Burdigalam

293 3953 446 3997 reversus
480 3955 602 4018 magna
634 3957 709 3999 cum
733 3934 860 4000 laetitia
884 3957 946 3999 nec
970 3937 1096 4000 minore
1119 3935 1244 3999 honore
1269 3921 1415 4024 receptui

294 4043 352 4096 est.
384 4030 514 4096 Ibidem
539 4032 592 4098 die
618 4035 677 4098 23⁰
694 4033 776 4099 Julii
802 4032 959 4098 solemnis
983 4033 1153 4118 deputatio
1179 4030 1322 4118 Collegii
1348 4013 1415 4108 Carl

293 4127 456 4194 dinalium
487 4133 517 4194 ei
552 4130 722 4195 electionis
750 4131 919 4196 decretum
951 4133 1141 4215 transmisit,
1170 4129 1323 4218 illudque
1348 4135 1415 4222 Ber}

293 4226 432 4293 trundus
465 4227 519 4294 die
544 4232 693 4317 sequenti
718 4232 751 4296 in
777 4229 949 4318 metropoli
973 4251 1032 4294 sna
1055 4227 1252 4315 publicavit,
1289 4231 1415 4318 sumpta]
