2844 4840
298 471 335 525 20
572 468 658 523 XXX.
678 469 717 522 Ile
736 467 899 522 Pontificem
917 467 1051 522 Bonifatii
1069 465 1148 522 VIII.

385 613 437 678 20.
474 612 707 698 Opportunum
740 613 802 676 erit
834 611 895 675 hoc
926 610 997 676 loco
1022 613 1120 675 etiam
1146 629 1386 674 commemorare

295 711 500 776 Bonifatium
532 731 645 774 mense
668 708 847 774 Decembri
878 709 977 794 primi
1011 710 1090 772 anni
1121 707 1327 794 pontificatus
1352 705 1387 767 eui

296 831 355 872 sex
379 806 576 872 Cardinales
600 829 736 872 creasse
777 805 902 872 Omnes
925 816 1020 870 erunt
1043 807 1106 868 riri
1131 823 1322 889 magnorum
1343 822 1388 864 me·

295 909 453 987 ritorum3
488 905 545 969 sed
570 916 664 970 erant
692 906 778 969 inter
809 907 897 990 ipsos
920 915 986 968 tres
1010 926 1053 968 ex
1075 901 1204 968 familia
1234 899 1389 964 Pontificis.

296 1003 454 1068 videlicet
477 1002 624 1069 Jacobus
657 1013 689 1065 et
718 1003 919 1066 Franciscus
944 1000 1094 1086 Cajetani
1128 1009 1162 1064 et
1191 997 1338 1063 Andreas
1361 1017 1389 1058 er

296 1101 473 1167 comitibus
502 1099 749 1185 Segniensibus.
797 1099 961 1180 Quamvis
991 1099 1026 1162 hi
1050 1120 1198 1184 purpura
1229 1094 1391 1180 dignissimi

296 1210 413 1280 essent,
439 1210 549 1264 tamen
567 1198 665 1264 valde
687 1197 860 1285 probabile
883 1209 941 1280 est,
967 1197 1044 1262 inde
1061 1217 1193 1282 quoque
1209 1196 1391 1258 occasionem

296 1299 475 1383 sumpsisse
498 1292 709 1361 adversarios
730 1296 900 1376 Bonifatii,
924 1307 961 1360 ut
985 1298 1018 1359 in
1041 1293 1239 1360 Pontificem
1264 1290 1406 1374 obloquer

294 1407 410 1460 rentur
434 1417 471 1460 eo
496 1395 548 1459 vel
565 1396 680 1479 magis,
705 1393 909 1480 quodetiam
934 1395 967 1459 S.
983 1392 1190 1458 Coelestinue
1206 1391 1237 1454 V
1253 1390 1323 1474 jam
1338 1407 1393 1449 con·

296 1493 466 1559 sobrinum
491 1492 649 1556 Bonifatii
674 1492 839 1557 Ioannem
871 1492 914 1556 ad
945 1491 1096 1556 eamdem
1121 1491 1317 1574 dignitatem
1339 1504 1388 1548 cve

296 1601 399 1656 xerat.
435 1591 627 1676 Jaeoponus
650 1600 737 1654 certe
761 1592 794 1654 in
820 1601 931 1674 satyra
955 1613 1014 1654 sua
1038 1591 1187 1674 increpat
1211 1585 1392 1650 Bonifatium

296 1689 338 1754 ob
363 1689 623 1753 inverecundam
649 1687 884 1753 exaltationem
907 1687 1055 1752 familiae
1079 1684 1202 1764 suae.¹l

135 1807 236 1856 Ph¹¹¹nui
253 1807 278 1844 P·
386 1789 438 1853 21.
463 1787 528 1852 Sed
548 1787 618 1872 jam
643 1785 818 1871 loquamur
842 1786 883 1850 de
907 1787 1010 1850 initiis
1034 1785 1175 1861 desedit,
1208 1777 1297 1867 quod
1320 1775 1406 1854 Boni,

136 1871 273 1909 “³⁶⁰⁰¹¹“⁰‘
287 1886 413 1972 fotium
434 1887 518 1950 inter
541 1894 571 1947 et
593 1882 779 1970 Philippum
802 1885 856 1948 IV
873 1882 1003 1949 Galliae
1026 1905 1138 1968 regem
1161 1900 1240 1944 mox
1264 1887 1406 1941 exortum

296 1991 354 2048 est.
402 1983 512 2048 Causa
536 1981 793 2046 fundamentalis
816 1982 883 2046 litis
908 1985 1127 2066 interregem
1153 1982 1252 2043 istum
1277 1987 1309 2038 et
1331 1973 1406 2038 Pon,

295 2081 419 2145 tificem
446 2081 510 2145 fuit
534 2081 620 2164 regis
643 2082 843 2165 perversitas
873 2091 906 2144 et
929 2079 1056 2145 malitia
1079 2099 1218 2156 summa,
1251 2091 1406 2159 qnam
1368 2067 1398 2130 si·

296 2181 365 2243 cuti
388 2201 447 2265 per
469 2187 571 2242 totam
596 2180 700 2242 vitam
730 2201 823 2243 suam
848 2180 882 2243 in
908 2177 1021 2243 multis
1045 2176 1207 2255 ostendit,
1240 2175 1287 2236 ita
1315 2131 1406 2246 etiaul

295 2278 329 2342 in
360 2276 482 2341 talibus
514 2277 664 2359 negotiis,
696 2299 782 2362 quae
813 2279 1038 2342 interventum
1072 2275 1212 2340 Romani
1244 2247 1406 2334 Pontificisl

294 2376 517 2439 necessarium
541 2374 734 2440 reddebant
789 2376 975 2440 Bonifatius
1006 2375 1133 2440 scilicet
1165 2395 1199 2436 se
1223 2371 1292 2454 regi
1318 2373 1406 2450 oppol

295 2475 370 2551 suit,
395 2482 431 2535 ut
449 2474 527 2557 jura
551 2472 720 2537 Ecclesiae
744 2473 950 2554 vindicaret3
981 2485 1090 2537 utrum
1122 2492 1201 2535 vero
1234 2467 1330 2534 hac
1324 2487 1353 2528 ιι
1375 2479 1406 2520 rc

296 2570 429 2634 modum
456 2575 642 2655 excesserit,
666 2595 709 2636 ex
724 2593 834 2636 rerum
852 2574 1058 2658 expositione
1082 2569 1193 2654 colligi
1216 2565 1406 2654 poterit

297 2667 481 2753 Philippus,
505 2671 552 2732 uti
578 2692 620 2734 ex
634 2623 802 2734 historicis
827 2669 946 2735 clare·
929 2669 1104 2754 colligitur,
1129 2669 1227 2732 homo
1251 2675 1323 2728 erat
1345 2679 1406 2745 per

296 2765 393 2850 fidus,
427 2766 568 2848 dolosus,
600 2769 752 2854 injustus,
784 2768 974 2853 hypocrita,
1009 2769 1189 2832 effraenata
1221 2756 1406 2836 dominandi

296 2863 436 2929 libidine
460 2865 612 2950 repletus,
644 2869 689 2930 ita
713 2875 749 2929 ut
772 2865 974 2930 conculcatis
998 2865 1167 2930 Ecclesiae
1186 2863 1332 2950 juribus,
1362 2855 1406 2930 ιιι-ι

296 2962 502 3045 eolruliomum,
527 2963 700 3045 utdicuut,
717 2963 962 3028 arbitrarium
954 2987 989 3027 ιιι
1012 2985 1071 3028 suo
1095 2984 1196 3047 regno
1221 2961 1284 3026 sibi
1311 2953 1406 3024 vindi

297 3071 396 3144 caret,
422 3065 600 3126 exteriores
624 3083 701 3126 vero
724 3065 886 3146 regiones,
911 3061 1174 3140 atrianorum,
1200 3060 1284 3124 dura
1309 3067 1406 3142 tyram?

297 3159 376 3224 uide
400 3160 461 3223 sibi
487 3159 673 3246 subjiceret.
709 3161 748 3224 Ιιι
764 3161 938 3225 conatibus
961 3164 1030 3224 suis
1053 3161 1189 3226 obviam
1213 3159 1333 3224 habuit
1355 3157 1406 3224 Bel

297 3257 461 3340 nifatium,
495 3261 550 3344 qui
575 3280 634 3344 pro
659 3258 849 3323 charactere
876 3281 934 3323 suo
960 3281 1035 3324 cum
1060 3262 1174 3343 vigore
1197 3281 1237 3322 ac
1261 3259 1406 3328 firmitate

297 3359 327 3420 ei
351 3357 486 3430 restitit:
513 3356 655 3442 indeque
678 3360 872 3443 provenit·
855 3358 1029 3422 conflictus
1053 3358 1220 3422 Bonifatio
1245 3351 1406 3422 valde
1367 3377 1406 3418 ar

297 3455 393 3518 duus.
442 3451 596 3540 Philippo
620 3465 733 3541 postea
758 3457 856 3520 cessit
879 3453 1093 3537 ClemensV3
1117 3467 1152 3520 at
1174 3479 1236 3520 ner
1262 3457 1327 3540 ipsi
1351 3453 1406 3536 glol

296 3555 430 3632 riosum,
455 3573 516 3614 nec
541 3551 710 3616 Ecclesiae
733 3553 768 3617 id
792 3553 854 3616 fuit
878 3553 1030 3618 salutare.

387 3652 440 3714 2⁶2.
480 3650 562 3714 lude
593 3650 635 3715 ab
666 3673 753 3716 anno
784 3653 869 3716 1293
903 3655 990 3717 inter
1013 3651 1208 3717 Eduardum
1233 3653 1248 3714 Ι
1275 3635 1406 3734 Angliae

297 3769 408 3834 regem
432 3757 465 3812 et
486 3747 679 3834 Philippum
704 3749 885 3814 Pulchrum
909 3761 1077 3814 exarserat
1101 3748 1233 3832 bellum,
1260 3749 1406 3864 qpod
1372 3749 1406 3842 ful

298 3846 359 3910 cile
395 3846 511 3909 evitari
546 3849 714 3932 potuisset,
751 3869 852 3933 quum
889 3847 1066 3913 Eduardus
1101 3851 1313 3935 aequissimis
1344 3839 1406 3910 clun

298 3943 480 4009 ditionibus
510 3944 553 4008 ud
588 3967 702 4030 pacem
734 3969 767 4010 se
792 3947 979 4011 ostenderet
1002 3955 1201 4033 proruptum
1250 3947 1320 4013 Sed
1344 3933 1406 4011 Phil

375 4178 393 4244 ¹)
418 4175 487 4228 Pare
507 4175 600 4229 chela
619 4191 812 4245 vergogna—
779 4177 942 4232 —Derieto
961 4177 1006 4232 ahi
1025 4179 1190 4247 gittatoff-
1158 4177 1240 4231 -U
1255 4179 1329 4234 alma
1347 4171 1406 4264 atel

298 4271 376 4322 corpo
395 4253 439 4308 lrai
459 4261 589 4323 postu-
554 4257 650 4310 -Ad
669 4257 772 4312 allevar
790 4267 839 4312 tua
858 4265 1001 4311 uasata-
1022 4265 1071 4311 etc.
