2902 4848
281 455 336 508 2394*
406 453 518 507 XXXV.
538 453 577 507 De
596 451 696 506 Concil.
715 452 867 508 Basileensi
886 469 918 508 sc
936 454 970 508 de
988 454 1094 520 Synodo
1114 455 1281 512 Florentius.

281 601 371 687 cnjus
394 599 530 660 materia
546 607 592 660 eat
606 596 700 677 illud,
722 619 783 682 per
798 601 888 686 cujus
905 598 1114 662 traditionem
1127 598 1291 684 reoffertur
1310 597 1395 676 Ordo,

282 697 362 760 dant
381 695 619 782 presbyteratus
643 695 784 759 traditur
803 717 865 782 per·
887 695 996 760 coliem
1020 719 1089 760 cnm
1112 697 1195 776 uina
1221 707 1251 759 et
1270 706 1397 782 patenae

281 817 349 856 can
367 815 456 881 pane
475 794 718 879 porrectionem.
749 793 827 858 Jam
853 795 984 858 verosi
1009 815 1125 858 verum
1150 805 1209 873 est,
1234 796 1397 878 porrectio·

281 913 357 956 nem
382 891 473 955 illam
498 893 794 956 instrumentorum
819 913 889 955 esse
913 889 1121 956 Sacrameuti
1147 890 1287 957 Ordinis
1309 901 1398 954 mate

280 991 376 1070 nam,
401 989 479 1052 iude
496 991 654 1074 sequitur,
672 989 791 1054 nullibi
808 1011 879 1053 csse
896 989 1084 1054 sacerdotes
1102 988 1212 1054 valide
1228 988 1399 1054 ordinatos.

280 1087 365 1151 Nam
384 1085 535 1150 Ecclesia
559 1087 776 1152 occidentalis
801 1108 859 1172 per
879 1087 969 1152 mille
991 1107 1098 1152 annos
1122 1087 1211 1152 banc
1235 1089 1400 1152 materiam

281 1207 347 1250 non
371 1183 542 1265 adhibuit,
574 1184 726 1248 Ecclesia
757 1184 927 1250 orientalis
956 1205 1128 1271 uunquam
1152 1184 1244 1248 hunc
1269 1183 1400 1251 Ordina-

280 1285 381 1348 tionis
404 1283 541 1348 modum
565 1284 721 1367 suscepit
753 1315 795 1330 *-
828 1282 1094 1368 Respondemus,
1126 1285 1153 1347 si
1185 1282 1274 1347 haec
1297 1293 1401 1346 cenna

281 1379 553 1446 infallibilitatem
577 1379 779 1444 Pontificum
804 1380 1048 1465 praejudicium
1074 1393 1236 1462 crearent,
1263 1381 1402 1466 prolecto

275 1481 348 1566 jam
372 1501 415 1542 ex
440 1476 552 1542 multis
575 1477 717 1542 sacculis
741 1478 775 1542 id
800 1477 944 1562 theologi
969 1479 1309 1561 animadvertissent3
1341 1501 1402 1544 cae·

280 1590 388 1641 terum
417 1575 560 1640 arduum
585 1596 651 1640 non
676 1585 726 1640 est
749 1575 980 1642 difficultatem
1014 1575 1140 1642 diluere
1164 1589 1198 1640 et
1222 1578 1403 1642 calumnias

281 1676 429 1761 rejicere.

369 1773 423 1838 59.
471 1773 590 1857 Itaque
613 1773 794 1836 Decretum
820 1792 877 1858 pro
899 1773 1056 1836 Armenia
1079 1793 1122 1836 ex
1146 1771 1304 1857 pluribus
1328 1793 1403 1836 eoru·

281 1873 424 1957 positum
450 1880 499 1932 est
522 1868 740 1949 documentis,
772 1871 858 1934 inter
881 1891 968 1955 quae
991 1869 1104 1954 aliqua
1126 1881 1206 1934 sunt
1228 1870 1312 1934 fidei
1337 1869 1403 1934 deti·

281 1971 434 2049 nitiones,
452 1969 500 2030 uti
513 1965 721 2052 Symbolum,
738 1967 898 2032 Definitio
913 1965 1208 2047 Chalcedonensis,
1226 1967 1402 2032 Decretum

281 2069 423 2133 Unionis
440 2063 655 2130 Graecorum.
687 2065 807 2129 'renim
826 2065 1006 2130 Decretum
1030 2087 1110 2130 vero
1134 2064 1286 2130 indolem
1313 2065 1404 2130 babet

279 2165 512 2231 Instructionis
529 2163 694 2248 practicae
707 2185 765 2248 pro
780 2162 921 2228 faciliori
939 2161 1099 2242 doctrina,
1114 2185 1176 2228 nec
1192 2166 1312 2228 omnia
1328 2183 1403 2250 quae

281 2265 439 2330 dicuntur
453 2262 604 2328 adfidem
617 2262 795 2346 pertinent,
816 2261 1033 2346 ejusdemque
1049 2271 1129 2325 sunt
1150 2264 1289 2343 tenoris,
1324 2259 1402 2348 quod

281 2361 334 2426 vel
358 2371 450 2446 patet
472 2381 514 2424 ex
530 2358 641 2424 verbis
666 2359 783 2422 influe
807 2357 896 2422 illius
921 2359 1114 2424 documenti
1138 2362 1277 2444 positis:
1303 2361 1401 2426 Arne·

278 2483 390 2525 norton
421 2468 564 2522 oratores
593 2458 718 2520 nornine
749 2479 805 2520 auo
837 2469 867 2520 ct
899 2459 950 2522 sni
973 2458 1179 2522 Patriorclsae
1210 2469 1242 2520 et
1274 2461 1404 2524 anama

278 2558 490 2622 Armenorarn
511 2557 566 2618 lroc
589 2552 831 2618 saluberrimum
854 2553 1007 2641 synodale
1028 2555 1195 2620 Donatum
1219 2581 1292 2620 cum
1315 2557 1404 2620 onni-

279 2657 335 2721 bus
359 2657 425 2719 ania
449 2653 610 2740 capitulis,
635 2651 917 2732 declarationibus,
953 2653 1201 2737 definitionibus,
1225 2654 1403 2720 traditioni-

280 2754 346 2831 bns,
370 2753 553 2838 praeceptis
576 2761 607 2814 et
630 2751 768 2830 statutis,
801 2773 978 2835 omnemque
1002 2750 1181 2816 doctrinam
1203 2753 1241 2815 in
1264 2754 1338 2839 ipso
1360 2751 1403 2814 de·

279 2853 441 2936 scriptam,
473 2871 594 2912 rsecnon
616 2849 770 2932 quidquid
794 2859 877 2912 tenet
900 2859 930 2912 et
953 2848 1043 2912 docet
1066 2859 1179 2912 surwta
1203 2847 1305 2914 Sedes
1328 2849 1405 2934 Apo·

279 2947 393 3013 stolica
416 2957 446 3011 ct
469 2949 618 3012 Romana
642 2945 785 3010 &alesia
818 2969 888 3010 cans
915 2949 1001 3012 omni
1033 2947 1197 3012 deuotione
1230 2957 1405 3034 acceptant,

279 3047 457 3133 suscipiunt
495 3056 524 3108 et
562 3043 805 3130 amplectantur.
864 3043 1137 3110 Confirmationis
1166 3044 1277 3110 forma
1305 3045 1405 3110 latina

278 3153 409 3208 tantum
433 3142 598 3208 narrando
623 3142 799 3224 indicatur,
826 3142 915 3206 haud
932 3165 1011 3207 vero
1032 3142 1185 3222 edicitur,
1210 3141 1316 3207 aliam
1340 3163 1404 3206 esse

279 3265 345 3307 nou
371 3263 475 3328 posse.
522 3241 595 3304 lmo
618 3241 685 3304 alia
709 3240 813 3306 verba
838 3243 938 3306 etiam
962 3242 1094 3306 admitti
1121 3241 1195 3326 jam
1220 3241 1404 3306 indicatum

279 3351 359 3420 erat,
383 3339 441 3404 ubi
466 3337 573 3403 forma
596 3337 753 3424 baptismi
778 3339 984 3405 tradebatur.
1031 3339 1074 3403 Et
1097 3361 1201 3425 quum
1226 3339 1344 3406 Latini
1367 3359 1405 3402 ex

279 3437 418 3504 Graecis
452 3438 707 3524 quaesivissent,
737 3458 798 3501 cur
831 3435 922 3522 apud
958 3439 1046 3522 ipsos
1080 3437 1267 3522 presbyteri
1292 3437 1404 3504 confir·

281 3538 459 3601 mationem
485 3535 683 3616 conferrent,
709 3555 812 3619 quum
837 3533 873 3598 id
896 3534 939 3598 ad
956 3537 1150 3620 episcopum
1166 3547 1343 3620 spectaret,
1368 3534 1404 3598 dr

278 3634 386 3698 forma
424 3633 514 3719 apud
554 3636 643 3718 ipsos
681 3631 834 3698 adhibita
858 3632 972 3698 Latini
1009 3633 1135 3699 nullam
1175 3633 1403 3700 difficultatem

279 3743 464 3797 moverunt.
513 3731 612 3796 Unde
643 3730 741 3796 facile
764 3731 877 3813 vides,
909 3731 1035 3798 nullam
1067 3731 1296 3798 definitionem
1329 3730 1403 3795 fidei

279 3829 362 3906 dari,
388 3828 468 3893 dum
486 3831 521 3893 in
538 3829 593 3894 illo
607 3831 751 3894 Decreto
768 3829 874 3894 forma
892 3829 1154 3894 confirmationis
1168 3829 1347 3894 indicatur.
1364 3865 1402 3876 ν

280 3927 368 3990 Dum
395 3947 473 3992 vero
494 3929 660 4012 porrectio
678 3949 833 3992 vasorum
850 3949 1020 3992 sacrorum
1035 3927 1204 3992 indicatur
1215 3937 1253 3990 nt
1266 3929 1403 3992 materia

223 4003 229 4034 ⁸
279 4022 437 4106 Ordinis,
453 4024 542 4089 nullo
561 4026 658 4090 modo
676 4025 729 4089 bis
748 4025 939 4090 excluditur
955 4046 1113 4091 manuum
1139 4027 1315 4111 impositio,
1341 4047 1402 4088 ma·

278 4123 362 4186 teria
394 4125 587 4205 essentialis,
620 4146 706 4211 quae
738 4123 829 4210 apud
857 4124 1023 4188 Armenes
1062 4125 1110 4188 uti
1142 4123 1231 4210 apud
1265 4123 1402 4188 Latinos

271 4219 345 4303 jam
377 4231 447 4284 erat
478 4222 511 4286 in
543 4246 606 4287 usu
637 4232 670 4287 et
700 4221 933 4286 continebatur
969 4223 1005 4286 iu
1037 4220 1218 4306 Ponnflcali
1248 4223 1400 4290 Romano,
