2916 4842
288 435 338 489 135
456 434 555 490 XXIV.
575 435 616 489 De
635 434 753 490 dissidiis
772 433 903 488 Fridsrici
921 449 981 488 cum
999 434 1031 488 R.
1051 434 1235 490 Pontificibus.

286 577 422 643 bardiae
446 602 506 643 sua
521 577 653 644 foedera
670 588 784 642 contra
799 579 1036 663 Imperatorem
1054 587 1266 662 renovarunt,
1292 601 1409 664 quum-

286 697 349 761 que
373 675 554 760 deperditis
586 677 691 761 copiis
715 676 906 740 Fridericus
938 677 986 740 eis
1015 677 1165 740 resistere
1196 697 1262 740 non
1287 687 1408 761 posset,

285 794 397 837 mense
422 775 540 838 Martio
565 776 643 838 anni
671 775 756 838 1168
780 775 895 859 paucis
926 794 1002 836 cum
1027 773 1205 837 comitibus
1229 784 1262 838 et
1285 795 1408 858 magno

285 892 361 935 oum
385 871 578 936 discrimine
603 874 637 935 in
661 869 876 937 Germaniam
900 893 1052 936 reversus
1076 881 1134 935 est.

121 985 275 1026 resonem
374 969 427 1034 40.
452 970 645 1034 Alexander
667 968 719 1034 Ill
742 971 875 1034 interim
900 966 1037 1034 collecta
1053 969 1179 1054 synodo
1197 968 1409 1033 Friderioum

122 1049 274 1150 mfflffl'
285 1089 361 1132 cum
374 1070 568 1132 auctoritate
578 1067 759 1153 apostolica
775 1068 913 1153 imperio
929 1079 962 1130 et
973 1088 1074 1150 regno
1084 1069 1240 1152 privavit,
1256 1066 1410 1132 subditos

280 1164 469 1249 juramento
493 1165 663 1230 fidelitatis
686 1164 794 1249 solvit,
819 1175 851 1229 et
873 1164 1094 1229 anathematis
1110 1168 1272 1229 sententia
1296 1165 1409 1230 denuo

284 1262 520 1346 Imperatorem
544 1264 715 1348 percussit.
765 1263 841 1343 Qua
866 1263 906 1327 de
929 1286 964 1327 re
993 1263 1109 1327 scribit
1131 1263 1279 1328 loannes
1303 1263 1410 1329 Saris-

284 1359 455 1441 bericnsis‚
481 1362 611 1447 quiiirit
624 1372 737 1447 postea
754 1363 929 1447 episcopus
947 1358 1168 1444 Carnotensis,
1194 1361 1302 1426 clarus
1319 1362 1411 1425 inter

286 1456 500 1522 celeberiores
532 1457 633 1544 hujus
663 1458 786 1523 saeculi
819 1461 1006 1545 scriptores,
1040 1458 1197 1522 illustrior
1226 1469 1339 1522 autem
1364 1479 1408 1520 ex

285 1577 309 1620 s.
324 1554 473 1620 Thomas
497 1559 652 1641 martyris
676 1557 910 1638 familiaritate,
936 1559 989 1620 cui
1014 1559 1113 1620 etiam
1130 1579 1150 1621 a
1167 1558 1301 1620 secretis
1317 1567 1409 1620 erat:

285 1651 364 1738 Spes
393 1655 496 1717 estin
519 1655 665 1735 Domino,
697 1667 732 1719 at
762 1654 1011 1740 vociferantibus
1044 1655 1128 1720 tabis
1156 1653 1411 1718 sacerdotalibus

283 1753 316 1814 in
335 1754 485 1836 proaeimo
509 1765 637 1817 corruat
660 1765 689 1818 et
714 1756 871 1837 Hiericho,
896 1765 926 1818 et
947 1777 1075 1839 reanum
1092 1755 1229 1839 proprio
1253 1756 1411 1839 sanprdne

283 1850 469 1932 acquisitam
492 1850 632 1915 obtineat
655 1854 863 1937 triumphator
886 1851 983 1915 Jesus
1014 1862 1043 1914 et
1066 1852 1101 1914 in
1121 1875 1200 1937 pace
1224 1851 1408 1936 possideat,

282 1945 366 2030 qaod
389 1949 440 2010 sui
454 1951 543 2037 juris
558 1961 613 2028 est,
638 1973 771 2036 sponsas
795 1962 825 2014 et
848 1961 950 2014 castos
966 1950 1126 2014 Ecclesiae
1146 1948 1299 2014 Christus.
1329 1947 1411 2014 Cum

283 2045 365 2107 enim
389 2047 552 2111 Ennianus
580 2048 733 2134 Pontifex
755 2073 818 2135 per
844 2050 1034 2134 patientiam
1066 2049 1268 2111 Teutonicum
1297 2057 1409 2133 tyran-

281 2165 355 2205 num
378 2143 499 2207 diutius
522 2157 743 2231 exspectasset,
772 2157 807 2210 ut
829 2146 879 2209 acl
902 2148 947 2209 sic
964 2155 1194 2231 provocaretur
1224 2145 1268 2208 ad
1292 2145 1409 2230 poetri·

283 2243 423 2319 tentiam,
456 2253 487 2306 et
510 2245 723 2308 schismaticas
747 2244 878 2308 abatem
902 2245 1067 2331 patientia
1092 2248 1158 2332 ejas
1178 2253 1312 2329 peccata
1329 2267 1407 2329 pec·

281 2340 361 2402 catis
385 2339 518 2404 adderet
532 2344 662 2430 jupiter,
687 2354 722 2406 at
746 2366 834 2405 error
856 2343 891 2406 in
915 2343 1085 2406 amentiam
1111 2351 1293 2418 verteretur,
1318 2343 1406 2404 uica-

280 2438 348 2500 rius
372 2437 459 2501 Petri
482 2463 502 2502 a
526 2440 661 2503 Domino
685 2443 872 2504 constitutus
887 2463 982 2526 saper
996 2451 1101 2524 pentes
1126 2451 1155 2503 et
1178 2463 1272 2525 asper
1294 2463 1407 2524 repna,

280 2533 381 2598 Italos
404 2546 433 2598 et
458 2559 562 2600 omnes
591 2539 646 2623 qai
668 2539 698 2602 ei
721 2561 760 2601 ea
784 2561 882 2602 caasa
913 2539 1042 2624 imperii
1073 2547 1103 2600 et
1130 2539 1219 2623 repni
1249 2537 1408 2622 relipicne

274 2634 496 2722 jurisjurandi
519 2636 704 2699 tenebantur
727 2637 891 2714 adstricti,
924 2661 944 2699 a
967 2635 1128 2719 fidelitate
1159 2641 1225 2725 ejus
1258 2633 1409 2715 absoluit,

282 2741 311 2794 et
334 2731 465 2796 Italiam
479 2733 555 2818 fere
580 2745 677 2797 totam
700 2759 721 2796 a
740 2734 833 2820 facie
848 2734 996 2819 furentis
1019 2744 1048 2796 et
1066 2735 1287 2818 persequentis
1310 2743 1409 2796 tanta

272 2827 434 2913 felicitate
449 2843 478 2894 et
493 2832 652 2895 celeritate
676 2835 822 2910 excussit,
845 2841 880 2895 ui
903 2834 938 2896 in
962 2856 1000 2895 ea
1023 2830 1103 2895 nihil
1118 2831 1229 2895 habere
1246 2831 1407 2912 uideatur,

279 2927 345 2988 nisi
369 2937 509 3010 tortores,
533 2951 610 3014 quos
629 2931 727 2993 evitat
750 2930 917 3007 interdum,
943 2940 972 2993 et
995 2930 1224 3016 angustiarum,
1248 2953 1328 3016 quas
1342 2933 1407 2992 eni-

281 3033 348 3086 tare
371 3047 435 3088 non
452 3038 569 3112 potest,
587 3032 663 3117 jupe
687 3026 887 3114 suppliciam.
903 3065 946 3074 —
963 3027 1104 3091 Abstulit
1119 3028 1150 3091 'ei
1173 3030 1268 3091 etiam
1283 3029 1408 3112 repiam

281 3121 478 3209 dipnitatem,
512 3128 672 3212 ipsamque
705 3128 904 3192 anathemate
938 3127 1169 3206 condemnauit,
1203 3135 1232 3188 et
1265 3125 1407 3188 inhibuit

281 3223 467 3288 auctoritate
491 3225 564 3302 Dei,
595 3247 634 3287 ne
657 3227 740 3288 circs
762 3225 848 3288 ullas
871 3224 985 3288 amodo
1012 3226 1048 3286 in
1071 3223 1192 3288 bellicis
1214 3226 1405 3307 conpressio-

278 3317 371 3383 nibus
393 3321 515 3399 babeat,
541 3333 598 3386 aut
620 3324 658 3386 de
678 3321 856 3388 Christiano
881 3323 987 3408 aliquo
1011 3323 1174 3386 uictoriam
1185 3333 1405 3406 consequatur,

280 3428 337 3481 aut
360 3419 479 3484 alicubi
500 3423 601 3506 quiete
625 3431 654 3484 el
673 3444 754 3508 pace
777 3421 926 3506 pandect,
957 3421 1054 3484 donec
1077 3421 1208 3506 fructus
1236 3421 1405 3506 poeniten-

281 3517 344 3580 tiae
368 3519 537 3604 condipnos
561 3531 716 3606 operetur.
763 3521 801 3583 In
824 3541 884 3602 qno
909 3529 1029 3582 secretus
1053 3529 1098 3582 est
1122 3518 1298 3606 exempl-um
1325 3516 1405 3582 Gre-

278 3616 362 3701 9om'i
391 3615 454 3680 VII
480 3617 650 3682 decessoris
684 3620 742 3698 sai,
776 3619 831 3702 qui
854 3628 964 3680 nosne
988 3627 1091 3680 aetate
1116 3617 1288 3680 Heni-icum
1303 3617 1406 3704 impe-

279 3724 416 3777 ratorem
439 3715 598 3780 Ecclesiae
618 3713 791 3802 privilepia
821 3715 1039 3778 convellentem
1068 3715 1238 3802 deponens,
1270 3715 1304 3776 in
1333 3737 1406 3778 con-

279 3810 352 3874 cilio
376 3813 520 3878 Romano
545 3814 643 3878 simili
666 3814 823 3877 sententia
852 3813 1080 3891 condemnauit.
1131 3814 1169 3876 Et
1193 3811 1319 3896 quidem
1343 3812 1405 3876 illa

280 3910 438 3974 sententia
461 3911 600 3998 effectam
613 3894 737 3975 ’sortita
762 3921 825 3990 est;
849 3921 879 3974 et
900 3911 980 3974 hanc
1003 3911 1041 3974 de
1059 3909 1231 3998 priuileqio
1246 3910 1334 3974 Petri
1359 3911 1405 3974 la·

281 4015 344 4068 tam
367 4008 491 4075 videtur
513 4014 581 4098 ipse
605 4011 761 4074 Dominus
790 4007 998 4092 confirmasse.
1048 4009 1116 4072 Hoc
1139 4011 1222 4072 enim
1245 4007 1324 4072 Itali
1349 4033 1405 4073 aa·

280 4104 357 4184 dito,
388 4109 427 4172 ab
456 4133 491 4174 ea
515 4109 708 4174 discedentes
740 4106 1020 4191 reaedificaverunt
1044 4107 1273 4183 Mediolanum,
1309 4108 1404 4170 schis-

278 4207 411 4270 maticos
434 4208 632 4294 expulerant,
665 4203 832 4270 caustica
855 4203 1050 4268 reduxerunt
1078 4207 1241 4290 episcopos
1264 4215 1294 4266 et
1318 4205 1405 4292 Apo-
