<?xml version="1.0" encoding="UTF-8"?>
<!DOCTYPE html PUBLIC "-//W3C//DTD XHTML 1.0 Transitional//EN"
    "http://www.w3.org/TR/xhtml1/DTD/xhtml1-transitional.dtd">
<html xmlns="http://www.w3.org/1999/xhtml" xml:lang="en" lang="en">
 <head>
  <title>
</title>
<meta http-equiv="Content-Type" content="text/html;charset=utf-8" />
  <meta name='ocr-system' content='tesseract 3.04.00' />
  <meta name='ocr-capabilities' content='ocr_page ocr_carea ocr_par ocr_line ocrx_word'/>
</head>
<body>
  <div class='ocr_page' id='page_1' title='image "./dissertationess00junggoog_0657.png"; bbox 0 0 2852 4836; ppageno 0'>
   <div class='ocr_carea' id='block_1_1' title="bbox 140 1188 304 1290">
    <p class='ocr_par' dir='ltr' id='par_1_1' title="bbox 140 1188 304 1290">
     <span class='ocr_line' id='line_1_1' title="bbox 140 1188 304 1229; baseline -0.006 -1"><span class='ocrx_word' id='word_1_1' title='bbox 140 1188 177 1228; x_wconf 77' lang='lat' dir='ltr'><strong>An</strong></span> <span class='ocrx_word' id='word_1_2' title='bbox 192 1189 214 1228; x_wconf 80' lang='lat' dir='ltr'><strong>vl</strong></span> <span class='ocrx_word' id='word_1_3' title='bbox 229 1195 304 1229; x_wconf 76' lang='lat' dir='ltr'><strong>axwr·</strong></span> 
     </span>
     <span class='ocr_line' id='line_1_2' title="bbox 202 1257 247 1290; baseline 0 0"><span class='ocrx_word' id='word_1_4' title='bbox 202 1257 247 1290; x_wconf 82' lang='lat' dir='ltr'><strong>ras.</strong></span> 
     </span>
    </p>
   </div>
   <div class='ocr_carea' id='block_1_2' title="bbox 311 507 1212 575">
    <p class='ocr_par' dir='ltr' id='par_1_2' title="bbox 311 507 1212 575">
     <span class='ocr_line' id='line_1_3' title="bbox 311 507 1212 575; baseline -0.003 -11"><span class='ocrx_word' id='word_1_5' title='bbox 311 511 362 564; x_wconf 79' lang='lat' dir='ltr'><strong>lea</strong></span> <span class='ocrx_word' id='word_1_6' title='bbox 524 510 624 564; x_wconf 78' lang='lat' dir='ltr'><strong>xxxi.</strong></span> <span class='ocrx_word' id='word_1_7' title='bbox 645 511 684 565; x_wconf 85' lang='lat' dir='ltr'><strong>Da</strong></span> <span class='ocrx_word' id='word_1_8' title='bbox 702 509 852 564; x_wconf 80' lang='lat' dir='ltr'>abolitione</span> <span class='ocrx_word' id='word_1_9' title='bbox 871 509 979 563; x_wconf 80' lang='lat' dir='ltr'><strong>Ordinis</strong></span> <span class='ocrx_word' id='word_1_10' title='bbox 997 507 1212 575; x_wconf 78' lang='lat' dir='ltr'><strong>Templariorum</strong></span> 
     </span>
    </p>
   </div>
   <div class='ocr_carea' id='block_1_3' title="bbox 311 623 1422 738">
    <p class='ocr_par' dir='ltr' id='par_1_3' title="bbox 311 623 1422 738">
     <span class='ocr_line' id='line_1_4' title="bbox 311 623 1422 738; baseline -0.006 -21"><span class='ocrx_word' id='word_1_11' title='bbox 311 654 449 738; x_wconf 80' lang='lat' dir='ltr'><strong>Equites</strong></span> <span class='ocrx_word' id='word_1_12' title='bbox 481 675 520 716; x_wconf 88' lang='lat' dir='ltr'><strong>ac</strong></span> <span class='ocrx_word' id='word_1_13' title='bbox 552 654 788 738; x_wconf 88' lang='lat' dir='ltr'><strong>Praeceptores</strong></span> <span class='ocrx_word' id='word_1_14' title='bbox 819 654 994 738; x_wconf 90' lang='lat' dir='ltr'><strong>ipsumque</strong></span> <span class='ocrx_word' id='word_1_15' title='bbox 1027 651 1234 736; x_wconf 85' lang='lat' dir='ltr'><strong>Magistrum.</strong></span> <span class='ocrx_word' id='word_1_16' title='bbox 1289 623 1422 713; x_wconf 82' lang='lat' dir='ltr'><strong>Eaedeml</strong></span> 
     </span>
    </p>
   </div>
   <div class='ocr_carea' id='block_1_4' title="bbox 311 745 1422 1012">
    <p class='ocr_par' dir='ltr' id='par_1_4' title="bbox 311 745 1422 1012">
     <span class='ocr_line' id='line_1_5' title="bbox 311 745 1422 837; baseline -0.007 -23"><span class='ocrx_word' id='word_1_17' title='bbox 311 751 418 814; x_wconf 86' lang='lat' dir='ltr'><strong>laetae</strong></span> <span class='ocrx_word' id='word_1_18' title='bbox 446 761 524 814; x_wconf 92' lang='lat' dir='ltr'><strong>sunt</strong></span> <span class='ocrx_word' id='word_1_19' title='bbox 547 773 657 815; x_wconf 90' lang='lat' dir='ltr'><strong>coram</strong></span> <span class='ocrx_word' id='word_1_20' title='bbox 682 750 947 837; x_wconf 85' lang='lat' dir='ltr'><strong>Inquisitoribus,</strong></span> <span class='ocrx_word' id='word_1_21' title='bbox 982 750 1168 835; x_wconf 85' lang='lat' dir='ltr'><strong>Episcopis,</strong></span> <span class='ocrx_word' id='word_1_22' title='bbox 1204 745 1422 812; x_wconf 73' lang='lat' dir='ltr'><strong>Cardinalibns</strong></span> 
     </span>
     <span class='ocr_line' id='line_1_6' title="bbox 312 845 1419 934; baseline -0.005 -22"><span class='ocrx_word' id='word_1_23' title='bbox 312 851 450 934; x_wconf 89' lang='lat' dir='ltr'><strong>ipsoque</strong></span> <span class='ocrx_word' id='word_1_24' title='bbox 463 848 634 929; x_wconf 87' lang='lat' dir='ltr'><strong>Pontifice,</strong></span> <span class='ocrx_word' id='word_1_25' title='bbox 659 870 698 913; x_wconf 88' lang='lat' dir='ltr'><strong>ac</strong></span> <span class='ocrx_word' id='word_1_26' title='bbox 716 871 814 934; x_wconf 85' lang='lat' dir='ltr'><strong>saepe</strong></span> <span class='ocrx_word' id='word_1_27' title='bbox 832 869 907 913; x_wconf 92' lang='lat' dir='ltr'><strong>cum</strong></span> <span class='ocrx_word' id='word_1_28' title='bbox 924 849 1062 912; x_wconf 80' lang='lat' dir='ltr'>sinceris</span> <span class='ocrx_word' id='word_1_29' title='bbox 1078 847 1303 931; x_wconf 87' lang='lat' dir='ltr'><strong>poenitentiae</strong></span> <span class='ocrx_word' id='word_1_30' title='bbox 1324 845 1419 926; x_wconf 81' lang='lat' dir='ltr'><strong>signis.</strong></span> 
     </span>
     <span class='ocr_line' id='line_1_7' title="bbox 314 941 1412 1012; baseline -0.007 -3"><span class='ocrx_word' id='word_1_31' title='bbox 314 945 406 1010; x_wconf 88' lang='lat' dir='ltr'><strong>Haec</strong></span> <span class='ocrx_word' id='word_1_32' title='bbox 439 948 551 1010; x_wconf 89' lang='lat' dir='ltr'><strong>omnia</strong></span> <span class='ocrx_word' id='word_1_33' title='bbox 584 969 625 1010; x_wconf 85' lang='lat' dir='ltr'><strong>ex</strong></span> <span class='ocrx_word' id='word_1_34' title='bbox 650 947 857 1012; x_wconf 80' lang='lat' dir='ltr'><strong>documentis</strong></span> <span class='ocrx_word' id='word_1_35' title='bbox 887 957 919 1011; x_wconf 92' lang='lat' dir='ltr'><strong>et</strong></span> <span class='ocrx_word' id='word_1_36' title='bbox 949 969 991 1010; x_wconf 84' lang='lat' dir='ltr'><strong>ex</strong></span> <span class='ocrx_word' id='word_1_37' title='bbox 1015 944 1120 1009; x_wconf 84' lang='lat' dir='ltr'><strong>Bullia</strong></span> <span class='ocrx_word' id='word_1_38' title='bbox 1147 943 1326 1008; x_wconf 86' lang='lat' dir='ltr'><strong>Clementis</strong></span> <span class='ocrx_word' id='word_1_39' title='bbox 1348 941 1412 1004; x_wconf 86' lang='lat' dir='ltr'><strong>lucu</strong></span> 
     </span>
    </p>
   </div>
   <div class='ocr_carea' id='block_1_5' title="bbox 312 1037 681 1128">
    <p class='ocr_par' dir='ltr' id='par_1_5' title="bbox 312 1037 681 1128">
     <span class='ocr_line' id='line_1_8' title="bbox 312 1037 681 1128; baseline 0 -20"><span class='ocrx_word' id='word_1_40' title='bbox 312 1043 419 1108; x_wconf 89' lang='lat' dir='ltr'><strong>lenter</strong></span> <span class='ocrx_word' id='word_1_41' title='bbox 443 1044 652 1128; x_wconf 89' lang='lat' dir='ltr'><strong>colliguntur.</strong></span> <span class='ocrx_word' id='word_1_42' title='bbox 679 1037 681 1046; x_wconf 72' lang='grc'><strong>’</strong></span> 
     </span>
    </p>
   </div>
   <div class='ocr_carea' id='block_1_6' title="bbox 312 1185 1420 2449">
    <p class='ocr_par' dir='ltr' id='par_1_6' title="bbox 312 1185 1420 2449">
     <span class='ocr_line' id='line_1_9' title="bbox 403 1185 1414 1273; baseline -0.007 -23"><span class='ocrx_word' id='word_1_43' title='bbox 403 1187 456 1251; x_wconf 86' lang='grc'><strong>38.</strong></span> <span class='ocrx_word' id='word_1_44' title='bbox 506 1187 571 1268; x_wconf 78' lang='lat' dir='ltr'><strong>Qui</strong></span> <span class='ocrx_word' id='word_1_45' title='bbox 611 1185 818 1273; x_wconf 86' lang='lat' dir='ltr'><strong>Templarios</strong></span> <span class='ocrx_word' id='word_1_46' title='bbox 859 1189 1051 1251; x_wconf 88' lang='lat' dir='ltr'><strong>innocentes</strong></span> <span class='ocrx_word' id='word_1_47' title='bbox 1096 1185 1199 1250; x_wconf 86' lang='lat' dir='ltr'><strong>fuisse</strong></span> <span class='ocrx_word' id='word_1_48' title='bbox 1238 1185 1414 1248; x_wconf 83' lang='lat' dir='ltr'><strong>existimant</strong></span> 
     </span>
     <span class='ocr_line' id='line_1_10' title="bbox 315 1283 1408 1367; baseline -0.007 -20"><span class='ocrx_word' id='word_1_49' title='bbox 315 1283 531 1367; x_wconf 85' lang='lat' dir='ltr'><strong>contendunt,</strong></span> <span class='ocrx_word' id='word_1_50' title='bbox 556 1307 669 1350; x_wconf 90' lang='lat' dir='ltr'><strong>omncs</strong></span> <span class='ocrx_word' id='word_1_51' title='bbox 694 1287 772 1348; x_wconf 89' lang='lat' dir='ltr'><strong>istas</strong></span> <span class='ocrx_word' id='word_1_52' title='bbox 796 1285 1019 1348; x_wconf 81' lang='lat' dir='ltr'><strong>confessiones</strong></span> <span class='ocrx_word' id='word_1_53' title='bbox 1044 1286 1077 1348; x_wconf 92' lang='lat' dir='ltr'><strong>vi</strong></span> <span class='ocrx_word' id='word_1_54' title='bbox 1104 1283 1156 1347; x_wconf 88' lang='lat' dir='ltr'><strong>vel</strong></span> <span class='ocrx_word' id='word_1_55' title='bbox 1182 1293 1271 1346; x_wconf 85' lang='lat' dir='ltr'><strong>metu</strong></span> <span class='ocrx_word' id='word_1_56' title='bbox 1299 1291 1408 1344; x_wconf 83' lang='lat' dir='ltr'><strong>tortura</strong></span> 
     </span>
     <span class='ocr_line' id='line_1_11' title="bbox 314 1378 1411 1468; baseline -0.007 -22"><span class='ocrx_word' id='word_1_57' title='bbox 314 1405 353 1446; x_wconf 92' lang='lat' dir='ltr'><strong>ac</strong></span> <span class='ocrx_word' id='word_1_58' title='bbox 378 1383 629 1447; x_wconf 87' lang='lat' dir='ltr'><strong>durissimorum</strong></span> <span class='ocrx_word' id='word_1_59' title='bbox 654 1383 892 1468; x_wconf 80' lang='lat' dir='ltr'>suppliciorum</span> <span class='ocrx_word' id='word_1_60' title='bbox 917 1382 1022 1446; x_wconf 85' lang='lat' dir='ltr'><strong>factas</strong></span> <span class='ocrx_word' id='word_1_61' title='bbox 1046 1383 1156 1462; x_wconf 85' lang='lat' dir='ltr'><strong>fuisse,</strong></span> <span class='ocrx_word' id='word_1_62' title='bbox 1183 1381 1375 1464; x_wconf 69' lang='lat' dir='ltr'><strong>nullumque</strong></span> <span class='ocrx_word' id='word_1_63' title='bbox 1396 1378 1411 1438; x_wconf 91' lang='lat' dir='ltr'><strong>ii</strong></span> 
     </span>
     <span class='ocr_line' id='line_1_12' title="bbox 315 1475 1420 1566; baseline -0.009 -22"><span class='ocrx_word' id='word_1_64' title='bbox 315 1479 461 1544; x_wconf 78' lang='lat' dir='ltr'><strong>adscribi</strong></span> <span class='ocrx_word' id='word_1_65' title='bbox 473 1503 582 1566; x_wconf 73' lang='lat' dir='ltr'><strong>,posse</strong></span> <span class='ocrx_word' id='word_1_66' title='bbox 602 1481 755 1546; x_wconf 82' lang='lat' dir='ltr'><strong>valorem.</strong></span> <span class='ocrx_word' id='word_1_67' title='bbox 791 1480 865 1560; x_wconf 82' lang='lat' dir='ltr'><strong>Qua</strong></span> <span class='ocrx_word' id='word_1_68' title='bbox 883 1481 1055 1545; x_wconf 84' lang='lat' dir='ltr'><strong>occasione</strong></span> <span class='ocrx_word' id='word_1_69' title='bbox 1070 1479 1229 1566; x_wconf 81' lang='lat' dir='ltr'><strong>graphice</strong></span> <span class='ocrx_word' id='word_1_70' title='bbox 1247 1475 1420 1541; x_wconf 71' lang='lat' dir='ltr'><strong>describnn&#39;</strong></span> 
     </span>
     <span class='ocr_line' id='line_1_13' title="bbox 314 1572 1416 1666; baseline -0.007 -25"><span class='ocrx_word' id='word_1_71' title='bbox 314 1580 473 1642; x_wconf 89' lang='lat' dir='ltr'><strong>immania</strong></span> <span class='ocrx_word' id='word_1_72' title='bbox 489 1590 652 1644; x_wconf 87' lang='lat' dir='ltr'><strong>tormenta</strong></span> <span class='ocrx_word' id='word_1_73' title='bbox 669 1601 905 1664; x_wconf 77' lang='lat' dir='ltr'><strong>carcerumque</strong></span> <span class='ocrx_word' id='word_1_74' title='bbox 922 1578 1100 1666; x_wconf 86' lang='lat' dir='ltr'><strong>squalores,</strong></span> <span class='ocrx_word' id='word_1_75' title='bbox 1126 1576 1247 1664; x_wconf 88' lang='lat' dir='ltr'><strong>quibus</strong></span> <span class='ocrx_word' id='word_1_76' title='bbox 1258 1572 1416 1660; x_wconf 84' lang='lat' dir='ltr'><strong>Templar&#39;.</strong></span> 
     </span>
     <span class='ocr_line' id='line_1_14' title="bbox 313 1673 1417 1741; baseline -0.007 -3"><span class='ocrx_word' id='word_1_77' title='bbox 313 1675 429 1739; x_wconf 90' lang='lat' dir='ltr'><strong>afflicti</strong></span> <span class='ocrx_word' id='word_1_78' title='bbox 463 1677 596 1741; x_wconf 83' lang='lat' dir='ltr'><strong>luerint.</strong></span> <span class='ocrx_word' id='word_1_79' title='bbox 645 1677 716 1740; x_wconf 88' lang='lat' dir='ltr'><strong>Hac</strong></span> <span class='ocrx_word' id='word_1_80' title='bbox 750 1689 861 1740; x_wconf 88' lang='lat' dir='ltr'><strong>tamen</strong></span> <span class='ocrx_word' id='word_1_81' title='bbox 896 1677 930 1740; x_wconf 91' lang='lat' dir='ltr'><strong>in</strong></span> <span class='ocrx_word' id='word_1_82' title='bbox 963 1699 998 1739; x_wconf 89' lang='lat' dir='ltr'><strong>rc</strong></span> <span class='ocrx_word' id='word_1_83' title='bbox 1022 1674 1125 1739; x_wconf 86' lang='lat' dir='ltr'><strong>multa</strong></span> <span class='ocrx_word' id='word_1_84' title='bbox 1150 1673 1240 1738; x_wconf 89' lang='lat' dir='ltr'><strong>haud</strong></span> <span class='ocrx_word' id='word_1_85' title='bbox 1278 1689 1417 1736; x_wconf 71' lang='lat' dir='ltr'><strong>accurata</strong></span> 
     </span>
     <span class='ocr_line' id='line_1_15' title="bbox 314 1770 1417 1860; baseline -0.007 -24"><span class='ocrx_word' id='word_1_86' title='bbox 314 1773 370 1836; x_wconf 90' lang='lat' dir='ltr'><strong>sed</strong></span> <span class='ocrx_word' id='word_1_87' title='bbox 388 1797 462 1838; x_wconf 88' lang='lat' dir='ltr'><strong>cum</strong></span> <span class='ocrx_word' id='word_1_88' title='bbox 481 1777 736 1860; x_wconf 83' lang='lat' dir='ltr'><strong>exaggeratione</strong></span> <span class='ocrx_word' id='word_1_89' title='bbox 762 1774 928 1839; x_wconf 89' lang='lat' dir='ltr'><strong>dicuntur.</strong></span> <span class='ocrx_word' id='word_1_90' title='bbox 960 1773 1151 1842; x_wconf 87' lang='lat' dir='ltr'><strong>Universim</strong></span> <span class='ocrx_word' id='word_1_91' title='bbox 1175 1770 1417 1835; x_wconf 70' lang='lat' dir='ltr'><strong>animadvertas</strong></span> 
     </span>
     <span class='ocr_line' id='line_1_16' title="bbox 315 1871 1410 1958; baseline -0.007 -23"><span class='ocrx_word' id='word_1_92' title='bbox 315 1871 394 1935; x_wconf 92' lang='lat' dir='ltr'><strong>dum</strong></span> <span class='ocrx_word' id='word_1_93' title='bbox 419 1882 478 1956; x_wconf 85' lang='lat' dir='ltr'><strong>est,</strong></span> <span class='ocrx_word' id='word_1_94' title='bbox 503 1895 545 1936; x_wconf 86' lang='lat' dir='ltr'><strong>ex</strong></span> <span class='ocrx_word' id='word_1_95' title='bbox 570 1873 718 1938; x_wconf 89' lang='lat' dir='ltr'><strong>moribus</strong></span> <span class='ocrx_word' id='word_1_96' title='bbox 743 1883 774 1937; x_wconf 87' lang='lat' dir='ltr'><strong>et</strong></span> <span class='ocrx_word' id='word_1_97' title='bbox 793 1874 868 1958; x_wconf 88' lang='lat' dir='ltr'><strong>jure</strong></span> <span class='ocrx_word' id='word_1_98' title='bbox 893 1872 1023 1938; x_wconf 92' lang='lat' dir='ltr'><strong>illorum</strong></span> <span class='ocrx_word' id='word_1_99' title='bbox 1049 1885 1246 1956; x_wconf 87' lang='lat' dir='ltr'><strong>temporum,</strong></span> <span class='ocrx_word' id='word_1_100' title='bbox 1273 1887 1410 1954; x_wconf 80' lang='lat' dir='ltr'><strong>quumc</strong></span> 
     </span>
     <span class='ocr_line' id='line_1_17' title="bbox 312 1967 1417 2057; baseline -0.007 -23"><span class='ocrx_word' id='word_1_101' title='bbox 312 1971 472 2055; x_wconf 88' lang='lat' dir='ltr'><strong>gravibus</strong></span> <span class='ocrx_word' id='word_1_102' title='bbox 512 1971 645 2035; x_wconf 89' lang='lat' dir='ltr'><strong>indiciis</strong></span> <span class='ocrx_word' id='word_1_103' title='bbox 684 1971 866 2057; x_wconf 87' lang='lat' dir='ltr'><strong>semiplena</strong></span> <span class='ocrx_word' id='word_1_104' title='bbox 906 1971 1021 2036; x_wconf 81' lang='lat' dir='ltr'><strong>aderat</strong></span> <span class='ocrx_word' id='word_1_105' title='bbox 1052 1968 1201 2056; x_wconf 87' lang='lat' dir='ltr'><strong>probatio</strong></span> <span class='ocrx_word' id='word_1_106' title='bbox 1250 1967 1417 2030; x_wconf 85' lang='lat' dir='ltr'><strong>criminun</strong></span> 
     </span>
     <span class='ocr_line' id='line_1_18' title="bbox 314 2061 1415 2150; baseline -0.007 -18"><span class='ocrx_word' id='word_1_107' title='bbox 314 2091 409 2133; x_wconf 91' lang='lat' dir='ltr'><strong>usum</strong></span> <span class='ocrx_word' id='word_1_108' title='bbox 447 2079 592 2133; x_wconf 86' lang='lat' dir='ltr'><strong>torturae</strong></span> <span class='ocrx_word' id='word_1_109' title='bbox 630 2068 782 2134; x_wconf 88' lang='lat' dir='ltr'><strong>habitum</strong></span> <span class='ocrx_word' id='word_1_110' title='bbox 821 2068 922 2132; x_wconf 86' lang='lat' dir='ltr'><strong>fuisse</strong></span> <span class='ocrx_word' id='word_1_111' title='bbox 963 2079 999 2132; x_wconf 90' lang='lat' dir='ltr'><strong>ut</strong></span> <span class='ocrx_word' id='word_1_112' title='bbox 1033 2067 1172 2132; x_wconf 89' lang='lat' dir='ltr'><strong>licitum.</strong></span> <span class='ocrx_word' id='word_1_113' title='bbox 1220 2065 1265 2129; x_wconf 80' lang='lat' dir='ltr'><strong>Et</strong></span> <span class='ocrx_word' id='word_1_114' title='bbox 1292 2061 1415 2150; x_wconf 63' lang='lat' dir='ltr'><strong>quamsi</strong></span> 
     </span>
     <span class='ocr_line' id='line_1_19' title="bbox 313 2163 1416 2249; baseline -0.011 -19"><span class='ocrx_word' id='word_1_115' title='bbox 313 2170 429 2231; x_wconf 89' lang='lat' dir='ltr'><strong>merito</strong></span> <span class='ocrx_word' id='word_1_116' title='bbox 461 2177 567 2231; x_wconf 88' lang='lat' dir='ltr'><strong>aetate</strong></span> <span class='ocrx_word' id='word_1_117' title='bbox 598 2179 709 2231; x_wconf 88' lang='lat' dir='ltr'><strong>nostra</strong></span> <span class='ocrx_word' id='word_1_118' title='bbox 743 2167 889 2231; x_wconf 88' lang='lat' dir='ltr'><strong>medium</strong></span> <span class='ocrx_word' id='word_1_119' title='bbox 926 2165 1007 2230; x_wconf 87' lang='lat' dir='ltr'><strong>illud</strong></span> <span class='ocrx_word' id='word_1_120' title='bbox 1043 2163 1256 2249; x_wconf 83' lang='lat' dir='ltr'><strong>indagandae</strong></span> <span class='ocrx_word' id='word_1_121' title='bbox 1298 2163 1416 2224; x_wconf 68' lang='lat' dir='ltr'><strong>veritati</strong></span> 
     </span>
     <span class='ocr_line' id='line_1_20' title="bbox 312 2261 1411 2351; baseline -0.01 -21"><span class='ocrx_word' id='word_1_122' title='bbox 312 2265 428 2349; x_wconf 87' lang='lat' dir='ltr'><strong>fragile</strong></span> <span class='ocrx_word' id='word_1_123' title='bbox 461 2277 493 2329; x_wconf 88' lang='lat' dir='ltr'><strong>et</strong></span> <span class='ocrx_word' id='word_1_124' title='bbox 523 2265 744 2351; x_wconf 88' lang='lat' dir='ltr'><strong>periculosum</strong></span> <span class='ocrx_word' id='word_1_125' title='bbox 776 2263 936 2329; x_wconf 90' lang='lat' dir='ltr'><strong>abolitum</strong></span> <span class='ocrx_word' id='word_1_126' title='bbox 968 2267 1019 2346; x_wconf 88' lang='lat' dir='ltr'><strong>sit,</strong></span> <span class='ocrx_word' id='word_1_127' title='bbox 1060 2261 1312 2327; x_wconf 73' lang='lat' dir='ltr'><strong>conveniebant</strong></span> <span class='ocrx_word' id='word_1_128' title='bbox 1337 2273 1411 2322; x_wconf 73' lang='lat' dir='ltr'><strong>tame</strong></span> 
     </span>
     <span class='ocr_line' id='line_1_21' title="bbox 313 2358 1419 2449; baseline -0.009 -22"><span class='ocrx_word' id='word_1_129' title='bbox 313 2363 487 2449; x_wconf 87' lang='lat' dir='ltr'><strong>permulta</strong></span> <span class='ocrx_word' id='word_1_130' title='bbox 512 2363 644 2428; x_wconf 90' lang='lat' dir='ltr'><strong>saccula</strong></span> <span class='ocrx_word' id='word_1_131' title='bbox 675 2365 864 2448; x_wconf 88' lang='lat' dir='ltr'><strong>gravissimi</strong></span> <span class='ocrx_word' id='word_1_132' title='bbox 891 2365 966 2440; x_wconf 90' lang='lat' dir='ltr'><strong>viri,</strong></span> <span class='ocrx_word' id='word_1_133' title='bbox 991 2361 1151 2427; x_wconf 81' lang='lat' dir='ltr'><strong>adhibitis</strong></span> <span class='ocrx_word' id='word_1_134' title='bbox 1175 2358 1322 2424; x_wconf 82' lang='lat' dir='ltr'><strong>cautelis</strong></span> <span class='ocrx_word' id='word_1_135' title='bbox 1346 2375 1419 2420; x_wconf 81' lang='lat' dir='ltr'><strong>tono</strong></span> 
     </span>
    </p>
   </div>
   <div class='ocr_carea' id='block_1_7' title="bbox 313 2453 1420 2646">
    <p class='ocr_par' dir='ltr' id='par_1_7' title="bbox 313 2453 1420 2646">
     <span class='ocr_line' id='line_1_22' title="bbox 313 2453 1419 2547; baseline -0.006 -22"><span class='ocrx_word' id='word_1_136' title='bbox 313 2485 383 2525; x_wconf 89' lang='lat' dir='ltr'><strong>ram</strong></span> <span class='ocrx_word' id='word_1_137' title='bbox 411 2463 487 2546; x_wconf 89' lang='lat' dir='ltr'><strong>jure</strong></span> <span class='ocrx_word' id='word_1_138' title='bbox 520 2462 671 2526; x_wconf 88' lang='lat' dir='ltr'><strong>adhiberi</strong></span> <span class='ocrx_word' id='word_1_139' title='bbox 703 2485 807 2547; x_wconf 88' lang='lat' dir='ltr'><strong>posse,</strong></span> <span class='ocrx_word' id='word_1_140' title='bbox 840 2473 876 2525; x_wconf 89' lang='lat' dir='ltr'><strong>ut</strong></span> <span class='ocrx_word' id='word_1_141' title='bbox 900 2485 919 2525; x_wconf 89' lang='lat' dir='ltr'><strong>a</strong></span> <span class='ocrx_word' id='word_1_142' title='bbox 944 2483 998 2526; x_wconf 88' lang='lat' dir='ltr'><strong>reo</strong></span> <span class='ocrx_word' id='word_1_143' title='bbox 1029 2460 1145 2546; x_wconf 85' lang='lat' dir='ltr'><strong>culpae</strong></span> <span class='ocrx_word' id='word_1_144' title='bbox 1170 2458 1341 2522; x_wconf 86' lang='lat' dir='ltr'><strong>confessio</strong></span> <span class='ocrx_word' id='word_1_145' title='bbox 1365 2453 1419 2518; x_wconf 79' lang='lat' dir='ltr'><strong>alni</strong></span> 
     </span>
     <span class='ocr_line' id='line_1_23' title="bbox 313 2551 1420 2646; baseline -0.006 -24"><span class='ocrx_word' id='word_1_146' title='bbox 313 2559 471 2643; x_wconf 74' lang='lat' dir='ltr'><strong>nentur.¹)</strong></span> <span class='ocrx_word' id='word_1_147' title='bbox 517 2560 746 2646; x_wconf 86' lang='lat' dir='ltr'><strong>Praescriptae</strong></span> <span class='ocrx_word' id='word_1_148' title='bbox 770 2571 881 2626; x_wconf 87' lang='lat' dir='ltr'><strong>autem</strong></span> <span class='ocrx_word' id='word_1_149' title='bbox 906 2573 1013 2644; x_wconf 85' lang='lat' dir='ltr'><strong>erant,</strong></span> <span class='ocrx_word' id='word_1_150' title='bbox 1040 2561 1217 2644; x_wconf 88' lang='lat' dir='ltr'><strong>praecipue</strong></span> <span class='ocrx_word' id='word_1_151' title='bbox 1237 2557 1321 2640; x_wconf 84' lang='lat' dir='ltr'><strong>jure</strong></span> <span class='ocrx_word' id='word_1_152' title='bbox 1346 2551 1420 2617; x_wconf 75' lang='lat' dir='ltr'><strong>eorl</strong></span> 
     </span>
    </p>
   </div>
   <div class='ocr_carea' id='block_1_8' title="bbox 316 2733 530 2742">
    <p class='ocr_par' dir='ltr' id='par_1_8' title="bbox 316 2733 530 2742">
     <span class='ocr_line' id='line_1_24' title="bbox 316 2733 530 2742; baseline 0.005 -3"><span class='ocrx_word' id='word_1_153' title='bbox 316 2733 530 2742; x_wconf 81' lang='lat'>—...—-</span> 
     </span>
    </p>
   </div>
   <div class='ocr_carea' id='block_1_9' title="bbox 313 2831 1419 4356">
    <p class='ocr_par' dir='ltr' id='par_1_9' title="bbox 313 2831 1419 4356">
     <span class='ocr_line' id='line_1_25' title="bbox 387 2831 1405 2903; baseline -0.003 -14"><span class='ocrx_word' id='word_1_154' title='bbox 387 2837 406 2900; x_wconf 93' lang='lat'><strong>¹)</strong></span> <span class='ocrx_word' id='word_1_155' title='bbox 435 2835 538 2902; x_wconf 86' lang='lat' dir='ltr'><strong>Operae</strong></span> <span class='ocrx_word' id='word_1_156' title='bbox 566 2833 684 2903; x_wconf 85' lang='lat' dir='ltr'><strong>pretium</strong></span> <span class='ocrx_word' id='word_1_157' title='bbox 708 2839 750 2888; x_wconf 88' lang='lat' dir='ltr'><strong>ast</strong></span> <span class='ocrx_word' id='word_1_158' title='bbox 778 2835 826 2888; x_wconf 90' lang='lat' dir='ltr'><strong>hoc</strong></span> <span class='ocrx_word' id='word_1_159' title='bbox 854 2835 911 2888; x_wconf 88' lang='lat' dir='ltr'><strong>loco</strong></span> <span class='ocrx_word' id='word_1_160' title='bbox 939 2849 972 2887; x_wconf 87' lang='lat' dir='ltr'><strong>ea</strong></span> <span class='ocrx_word' id='word_1_161' title='bbox 997 2833 1083 2886; x_wconf 83' lang='lat' dir='ltr'><strong>citare</strong></span> <span class='ocrx_word' id='word_1_162' title='bbox 1102 2831 1223 2899; x_wconf 83' lang='lat' dir='ltr'><strong>quaeda</strong></span> <span class='ocrx_word' id='word_1_163' title='bbox 1242 2841 1405 2888; x_wconf 78' lang='lat' dir='ltr'><strong>tornrracc</strong></span> 
     </span>
     <span class='ocr_line' id='line_1_26' title="bbox 313 2911 1398 2982; baseline -0.001 -15"><span class='ocrx_word' id='word_1_164' title='bbox 313 2911 386 2969; x_wconf 91' lang='lat' dir='ltr'><strong>inter</strong></span> <span class='ocrx_word' id='word_1_165' title='bbox 399 2915 454 2970; x_wconf 88' lang='lat' dir='ltr'><strong>alia</strong></span> <span class='ocrx_word' id='word_1_166' title='bbox 466 2915 574 2970; x_wconf 81' lang='lat' dir='ltr'><strong>Loesius</strong></span> <span class='ocrx_word' id='word_1_167' title='bbox 586 2915 689 2970; x_wconf 77' lang='lat' dir='ltr'><strong>scribit.</strong></span> <span class='ocrx_word' id='word_1_168' title='bbox 711 2915 881 2982; x_wconf 83' lang='lat' dir='ltr'><strong>„Notandum</strong></span> <span class='ocrx_word' id='word_1_169' title='bbox 909 2915 1006 2980; x_wconf 87' lang='lat' dir='ltr'><strong>inquit,</strong></span> <span class='ocrx_word' id='word_1_170' title='bbox 1025 2919 1159 2967; x_wconf 85' lang='lat' dir='ltr'><strong>torturam</strong></span> <span class='ocrx_word' id='word_1_171' title='bbox 1179 2928 1238 2968; x_wconf 82' lang='lat' dir='ltr'><strong>esse</strong></span> <span class='ocrx_word' id='word_1_172' title='bbox 1259 2914 1398 2968; x_wconf 81' lang='lat' dir='ltr'><strong>introduct</strong></span> 
     </span>
     <span class='ocr_line' id='line_1_27' title="bbox 313 2993 1407 3064; baseline -0.005 -15"><span class='ocrx_word' id='word_1_173' title='bbox 313 3011 367 3049; x_wconf 92' lang='lat' dir='ltr'><strong>non</strong></span> <span class='ocrx_word' id='word_1_174' title='bbox 390 2995 419 3049; x_wconf 91' lang='lat' dir='ltr'><strong>in</strong></span> <span class='ocrx_word' id='word_1_175' title='bbox 443 3011 556 3063; x_wconf 90' lang='lat' dir='ltr'><strong>poenam</strong></span> <span class='ocrx_word' id='word_1_176' title='bbox 581 2995 701 3050; x_wconf 87' lang='lat' dir='ltr'><strong>criminis</strong></span> <span class='ocrx_word' id='word_1_177' title='bbox 726 2996 867 3060; x_wconf 86' lang='lat' dir='ltr'><strong>commissi,</strong></span> <span class='ocrx_word' id='word_1_178' title='bbox 895 2995 955 3064; x_wconf 87' lang='lat' dir='ltr'><strong>(hoa</strong></span> <span class='ocrx_word' id='word_1_179' title='bbox 979 2994 1051 3050; x_wconf 84' lang='lat' dir='ltr'><strong>anim</strong></span> <span class='ocrx_word' id='word_1_180' title='bbox 1080 3009 1139 3047; x_wconf 90' lang='lat' dir='ltr'><strong>cum</strong></span> <span class='ocrx_word' id='word_1_181' title='bbox 1165 2993 1287 3048; x_wconf 87' lang='lat' dir='ltr'><strong>nondum</strong></span> <span class='ocrx_word' id='word_1_182' title='bbox 1315 2997 1352 3050; x_wconf 82' lang='lat' dir='ltr'><strong>sit</strong></span> <span class='ocrx_word' id='word_1_183' title='bbox 1371 2993 1407 3061; x_wconf 72' lang='lat' dir='ltr'><strong>ple</strong></span> 
     </span>
     <span class='ocr_line' id='line_1_28' title="bbox 313 3073 1419 3144; baseline -0.005 -16"><span class='ocrx_word' id='word_1_184' title='bbox 313 3073 454 3142; x_wconf 91' lang='lat' dir='ltr'><strong>probatum</strong></span> <span class='ocrx_word' id='word_1_185' title='bbox 478 3092 531 3129; x_wconf 92' lang='lat' dir='ltr'><strong>non</strong></span> <span class='ocrx_word' id='word_1_186' title='bbox 559 3083 649 3143; x_wconf 86' lang='lat' dir='ltr'><strong>potest</strong></span> <span class='ocrx_word' id='word_1_187' title='bbox 668 3076 783 3144; x_wconf 82' lang='lat' dir='ltr'><strong>puniri);</strong></span> <span class='ocrx_word' id='word_1_188' title='bbox 815 3077 862 3129; x_wconf 82' lang='lat' dir='ltr'><strong>sed</strong></span> <span class='ocrx_word' id='word_1_189' title='bbox 887 3076 915 3130; x_wconf 91' lang='lat' dir='ltr'><strong>in</strong></span> <span class='ocrx_word' id='word_1_190' title='bbox 940 3075 1088 3129; x_wconf 88' lang='lat' dir='ltr'><strong>subsidium</strong></span> <span class='ocrx_word' id='word_1_191' title='bbox 1114 3073 1296 3141; x_wconf 83' lang='lat' dir='ltr'><strong>probationis,</strong></span> <span class='ocrx_word' id='word_1_192' title='bbox 1326 3085 1356 3128; x_wconf 87' lang='lat' dir='ltr'><strong>ut</strong></span> <span class='ocrx_word' id='word_1_193' title='bbox 1383 3087 1419 3138; x_wconf 70' lang='lat' dir='ltr'><strong>qn·</strong></span> 
     </span>
     <span class='ocr_line' id='line_1_29' title="bbox 314 3153 1411 3224; baseline -0.005 -16"><span class='ocrx_word' id='word_1_194' title='bbox 314 3155 451 3210; x_wconf 77' lang='lat' dir='ltr'><strong>stafficiens</strong></span> <span class='ocrx_word' id='word_1_195' title='bbox 471 3163 499 3209; x_wconf 86' lang='lat' dir='ltr'><strong>et</strong></span> <span class='ocrx_word' id='word_1_196' title='bbox 516 3156 598 3222; x_wconf 87' lang='lat' dir='ltr'><strong>plena</strong></span> <span class='ocrx_word' id='word_1_197' title='bbox 616 3157 741 3223; x_wconf 90' lang='lat' dir='ltr'><strong>probatio</strong></span> <span class='ocrx_word' id='word_1_198' title='bbox 760 3157 843 3222; x_wconf 85' lang='lat' dir='ltr'><strong>deest,</strong></span> <span class='ocrx_word' id='word_1_199' title='bbox 869 3157 925 3224; x_wconf 89' lang='lat' dir='ltr'><strong>ipse</strong></span> <span class='ocrx_word' id='word_1_200' title='bbox 945 3171 1005 3210; x_wconf 88' lang='lat' dir='ltr'><strong>reus</strong></span> <span class='ocrx_word' id='word_1_201' title='bbox 1026 3153 1177 3208; x_wconf 88' lang='lat' dir='ltr'><strong>confitendo</strong></span> <span class='ocrx_word' id='word_1_202' title='bbox 1203 3155 1364 3210; x_wconf 78' lang='lat' dir='ltr'><strong>raritatem</strong></span> <span class='ocrx_word' id='word_1_203' title='bbox 1386 3169 1411 3204; x_wconf 70' lang='lat' dir='ltr'><strong>rr</strong></span> 
     </span>
     <span class='ocr_line' id='line_1_30' title="bbox 314 3233 1407 3305; baseline -0.002 -15"><span class='ocrx_word' id='word_1_204' title='bbox 314 3239 388 3305; x_wconf 87' lang='lat' dir='ltr'><strong>pleat</strong></span> <span class='ocrx_word' id='word_1_205' title='bbox 412 3237 481 3304; x_wconf 79' lang='lat' dir='ltr'><strong>quod</strong></span> <span class='ocrx_word' id='word_1_206' title='bbox 508 3239 541 3291; x_wconf 86' lang='lat' dir='ltr'><strong>ad</strong></span> <span class='ocrx_word' id='word_1_207' title='bbox 561 3236 668 3304; x_wconf 89' lang='lat' dir='ltr'><strong>plenam</strong></span> <span class='ocrx_word' id='word_1_208' title='bbox 695 3237 879 3305; x_wconf 83' lang='lat' dir='ltr'><strong>probationem</strong></span> <span class='ocrx_word' id='word_1_209' title='bbox 908 3237 1069 3303; x_wconf 82' lang='lat' dir='ltr'><strong>requiritur:</strong></span> <span class='ocrx_word' id='word_1_210' title='bbox 1098 3241 1131 3289; x_wconf 89' lang='lat' dir='ltr'><strong>ut</strong></span> <span class='ocrx_word' id='word_1_211' title='bbox 1159 3235 1237 3289; x_wconf 88' lang='lat' dir='ltr'><strong>docet</strong></span> <span class='ocrx_word' id='word_1_212' title='bbox 1259 3233 1407 3288; x_wconf 71' lang='lat' dir='ltr'><strong>Gorarmrl</strong></span> 
     </span>
     <span class='ocr_line' id='line_1_31' title="bbox 315 3316 1403 3386; baseline -0.006 -14"><span class='ocrx_word' id='word_1_213' title='bbox 315 3317 425 3386; x_wconf 88' lang='lat' dir='ltr'><strong>practic.</strong></span> <span class='ocrx_word' id='word_1_214' title='bbox 444 3327 546 3384; x_wconf 86' lang='lat' dir='ltr'><strong>quaeat.</strong></span> <span class='ocrx_word' id='word_1_215' title='bbox 567 3333 591 3384; x_wconf 87' lang='lat' dir='ltr'><strong>q.</strong></span> <span class='ocrx_word' id='word_1_216' title='bbox 611 3318 646 3372; x_wconf 82' lang='lat'><strong>23</strong></span> <span class='ocrx_word' id='word_1_217' title='bbox 665 3333 698 3372; x_wconf 85' lang='lat' dir='ltr'><strong>ex</strong></span> <span class='ocrx_word' id='word_1_218' title='bbox 717 3318 849 3372; x_wconf 88' lang='lat' dir='ltr'><strong>communi</strong></span> <span class='ocrx_word' id='word_1_219' title='bbox 868 3318 1006 3372; x_wconf 87' lang='lat' dir='ltr'><strong>sententia</strong></span> <span class='ocrx_word' id='word_1_220' title='bbox 1019 3317 1077 3372; x_wconf 88' lang='lat' dir='ltr'><strong>DD.</strong></span> <span class='ocrx_word' id='word_1_221' title='bbox 1091 3325 1120 3370; x_wconf 89' lang='lat' dir='ltr'><strong>et</strong></span> <span class='ocrx_word' id='word_1_222' title='bbox 1134 3316 1230 3370; x_wconf 81' lang='lat' dir='ltr'><strong>Clarus</strong></span> <span class='ocrx_word' id='word_1_223' title='bbox 1250 3335 1298 3384; x_wconf 83' lang='lat' dir='ltr'><strong>qu.</strong></span> <span class='ocrx_word' id='word_1_224' title='bbox 1320 3319 1364 3372; x_wconf 62' lang='lat' dir='ltr'><strong>Gt,</strong></span> <span class='ocrx_word' id='word_1_225' title='bbox 1383 3333 1403 3368; x_wconf 87' lang='lat' dir='ltr'><strong>n.</strong></span> 
     </span>
     <span class='ocr_line' id='line_1_32' title="bbox 315 3397 1386 3465; baseline -0.004 -12"><span class='ocrx_word' id='word_1_226' title='bbox 315 3397 392 3453; x_wconf 90' lang='lat' dir='ltr'><strong>Unde</strong></span> <span class='ocrx_word' id='word_1_227' title='bbox 418 3399 548 3464; x_wconf 87' lang='lat' dir='ltr'><strong>sequitur,</strong></span> <span class='ocrx_word' id='word_1_228' title='bbox 577 3405 710 3452; x_wconf 86' lang='lat' dir='ltr'><strong>torturam</strong></span> <span class='ocrx_word' id='word_1_229' title='bbox 739 3397 860 3452; x_wconf 87' lang='lat' dir='ltr'><strong>adhiberi</strong></span> <span class='ocrx_word' id='word_1_230' title='bbox 888 3414 940 3452; x_wconf 89' lang='lat' dir='ltr'><strong>nun</strong></span> <span class='ocrx_word' id='word_1_231' title='bbox 969 3413 1052 3465; x_wconf 86' lang='lat' dir='ltr'><strong>possa,</strong></span> <span class='ocrx_word' id='word_1_232' title='bbox 1081 3397 1135 3451; x_wconf 90' lang='lat' dir='ltr'><strong>nisi</strong></span> <span class='ocrx_word' id='word_1_233' title='bbox 1154 3397 1263 3463; x_wconf 85' lang='lat' dir='ltr'><strong>qnando</strong></span> <span class='ocrx_word' id='word_1_234' title='bbox 1284 3399 1386 3452; x_wconf 83' lang='lat' dir='ltr'><strong>crimea</strong></span> 
     </span>
     <span class='ocr_line' id='line_1_33' title="bbox 315 3477 1414 3546; baseline -0.002 -16"><span class='ocrx_word' id='word_1_235' title='bbox 315 3477 532 3544; x_wconf 87' lang='lat' dir='ltr'><strong>serniprobatnm,</strong></span> <span class='ocrx_word' id='word_1_236' title='bbox 558 3479 600 3532; x_wconf 85' lang='lat' dir='ltr'><strong>vel</strong></span> <span class='ocrx_word' id='word_1_237' title='bbox 626 3480 730 3546; x_wconf 86' lang='lat' dir='ltr'><strong>quando</strong></span> <span class='ocrx_word' id='word_1_238' title='bbox 750 3479 921 3534; x_wconf 85' lang='lat' dir='ltr'><strong>vehementia</strong></span> <span class='ocrx_word' id='word_1_239' title='bbox 940 3477 1041 3532; x_wconf 86' lang='lat' dir='ltr'><strong>indicia</strong></span> <span class='ocrx_word' id='word_1_240' title='bbox 1061 3483 1169 3545; x_wconf 76' lang='lat' dir='ltr'><strong>urgent,</strong></span> <span class='ocrx_word' id='word_1_241' title='bbox 1195 3477 1236 3531; x_wconf 82' lang='lat' dir='ltr'><strong>ita</strong></span> <span class='ocrx_word' id='word_1_242' title='bbox 1265 3485 1300 3532; x_wconf 85' lang='lat' dir='ltr'><strong>ut</strong></span> <span class='ocrx_word' id='word_1_243' title='bbox 1320 3477 1376 3532; x_wconf 78' lang='lat' dir='ltr'><strong>lere</strong></span> <span class='ocrx_word' id='word_1_244' title='bbox 1393 3493 1414 3528; x_wconf 87' lang='lat' dir='ltr'><strong>n</strong></span> 
     </span>
     <span class='ocr_line' id='line_1_34' title="bbox 316 3558 1414 3627; baseline -0.003 -16"><span class='ocrx_word' id='word_1_245' title='bbox 316 3559 411 3614; x_wconf 87' lang='lat' dir='ltr'><strong>raliter</strong></span> <span class='ocrx_word' id='word_1_246' title='bbox 428 3566 532 3611; x_wconf 85' lang='lat' dir='ltr'><strong>certum</strong></span> <span class='ocrx_word' id='word_1_247' title='bbox 550 3559 595 3621; x_wconf 87' lang='lat' dir='ltr'><strong>sit,</strong></span> <span class='ocrx_word' id='word_1_248' title='bbox 620 3559 706 3627; x_wconf 88' lang='lat' dir='ltr'><strong>ipsum</strong></span> <span class='ocrx_word' id='word_1_249' title='bbox 725 3569 864 3614; x_wconf 87' lang='lat' dir='ltr'><strong>auctorem</strong></span> <span class='ocrx_word' id='word_1_250' title='bbox 883 3575 949 3614; x_wconf 86' lang='lat' dir='ltr'><strong>esse.</strong></span> <span class='ocrx_word' id='word_1_251' title='bbox 987 3558 1019 3613; x_wconf 89' lang='lat' dir='ltr'><strong>In</strong></span> <span class='ocrx_word' id='word_1_252' title='bbox 1038 3558 1087 3612; x_wconf 89' lang='lat' dir='ltr'><strong>hoc</strong></span> <span class='ocrx_word' id='word_1_253' title='bbox 1106 3567 1198 3611; x_wconf 86' lang='lat' dir='ltr'><strong>autem</strong></span> <span class='ocrx_word' id='word_1_254' title='bbox 1224 3573 1292 3611; x_wconf 88' lang='lat' dir='ltr'><strong>casn</strong></span> <span class='ocrx_word' id='word_1_255' title='bbox 1319 3575 1378 3612; x_wconf 77' lang='lat' dir='ltr'><strong>asro</strong></span> <span class='ocrx_word' id='word_1_256' title='bbox 1402 3580 1414 3608; x_wconf 72' lang='lat' dir='ltr'><strong>a</strong></span> 
     </span>
     <span class='ocr_line' id='line_1_35' title="bbox 316 3636 1384 3705; baseline -0.003 -13"><span class='ocrx_word' id='word_1_257' title='bbox 316 3639 401 3692; x_wconf 89' lang='lat' dir='ltr'><strong>hiberi</strong></span> <span class='ocrx_word' id='word_1_258' title='bbox 431 3653 506 3705; x_wconf 88' lang='lat' dir='ltr'><strong>posse</strong></span> <span class='ocrx_word' id='word_1_259' title='bbox 532 3638 567 3692; x_wconf 88' lang='lat' dir='ltr'><strong>ad</strong></span> <span class='ocrx_word' id='word_1_260' title='bbox 586 3638 789 3702; x_wconf 79' lang='lat' dir='ltr'><strong>confessionem,</strong></span> <span class='ocrx_word' id='word_1_261' title='bbox 818 3647 861 3694; x_wconf 87' lang='lat' dir='ltr'><strong>cst</strong></span> <span class='ocrx_word' id='word_1_262' title='bbox 888 3647 1099 3694; x_wconf 88' lang='lat' dir='ltr'><strong>consentaneum</strong></span> <span class='ocrx_word' id='word_1_263' title='bbox 1126 3636 1230 3692; x_wconf 87' lang='lat' dir='ltr'><strong>rationi</strong></span> <span class='ocrx_word' id='word_1_264' title='bbox 1252 3639 1384 3692; x_wconf 82' lang='lat' dir='ltr'><strong>naturali.</strong></span> 
     </span>
     <span class='ocr_line' id='line_1_36' title="bbox 315 3713 1415 3787; baseline -0.006 -13"><span class='ocrx_word' id='word_1_265' title='bbox 315 3720 387 3774; x_wconf 85' lang='lat' dir='ltr'><strong>enim</strong></span> <span class='ocrx_word' id='word_1_266' title='bbox 406 3735 458 3772; x_wconf 92' lang='lat' dir='ltr'><strong>non</strong></span> <span class='ocrx_word' id='word_1_267' title='bbox 478 3727 582 3786; x_wconf 84' lang='lat' dir='ltr'><strong>posset,</strong></span> <span class='ocrx_word' id='word_1_268' title='bbox 603 3721 715 3787; x_wconf 89' lang='lat' dir='ltr'><strong>improbi</strong></span> <span class='ocrx_word' id='word_1_269' title='bbox 736 3720 865 3774; x_wconf 87' lang='lat' dir='ltr'><strong>audacter</strong></span> <span class='ocrx_word' id='word_1_270' title='bbox 884 3727 912 3773; x_wconf 87' lang='lat' dir='ltr'><strong>et</strong></span> <span class='ocrx_word' id='word_1_271' title='bbox 931 3719 1041 3787; x_wconf 87' lang='lat' dir='ltr'><strong>impune</strong></span> <span class='ocrx_word' id='word_1_272' title='bbox 1060 3722 1216 3787; x_wconf 83' lang='lat' dir='ltr'><strong>peccarent,</strong></span> <span class='ocrx_word' id='word_1_273' title='bbox 1242 3717 1346 3771; x_wconf 86' lang='lat' dir='ltr'><strong>damna</strong></span> <span class='ocrx_word' id='word_1_274' title='bbox 1366 3713 1389 3770; x_wconf 78' lang='lat' dir='ltr'><strong>el</strong></span> <span class='ocrx_word' id='word_1_275' title='bbox 1409 3717 1415 3766; x_wconf 92' lang='lat' dir='ltr'><strong>i</strong></span> 
     </span>
     <span class='ocr_line' id='line_1_37' title="bbox 313 3798 1415 3868; baseline -0.004 -14"><span class='ocrx_word' id='word_1_276' title='bbox 313 3799 401 3868; x_wconf 89' lang='lat' dir='ltr'><strong>jnrias</strong></span> <span class='ocrx_word' id='word_1_277' title='bbox 420 3799 482 3854; x_wconf 88' lang='lat' dir='ltr'><strong>aliis</strong></span> <span class='ocrx_word' id='word_1_278' title='bbox 501 3799 642 3863; x_wconf 84' lang='lat' dir='ltr'><strong>inferrent,</strong></span> <span class='ocrx_word' id='word_1_279' title='bbox 661 3801 767 3867; x_wconf 88' lang='lat' dir='ltr'><strong>quando</strong></span> <span class='ocrx_word' id='word_1_280' title='bbox 788 3807 924 3868; x_wconf 83' lang='lat' dir='ltr'><strong>putarent,</strong></span> <span class='ocrx_word' id='word_1_281' title='bbox 944 3817 974 3854; x_wconf 90' lang='lat' dir='ltr'><strong>sa</strong></span> <span class='ocrx_word' id='word_1_282' title='bbox 993 3799 1110 3854; x_wconf 85' lang='lat' dir='ltr'><strong>testibus</strong></span> <span class='ocrx_word' id='word_1_283' title='bbox 1130 3798 1174 3852; x_wconf 87' lang='lat' dir='ltr'><strong>val</strong></span> <span class='ocrx_word' id='word_1_284' title='bbox 1193 3801 1321 3852; x_wconf 82' lang='lat' dir='ltr'><strong>externis</strong></span> <span class='ocrx_word' id='word_1_285' title='bbox 1342 3799 1415 3852; x_wconf 85' lang='lat' dir='ltr'><strong>indi&#39;</strong></span> 
     </span>
     <span class='ocr_line' id='line_1_38' title="bbox 315 3881 1414 3938; baseline -0.007 -1"><span class='ocrx_word' id='word_1_286' title='bbox 315 3900 369 3938; x_wconf 92' lang='lat' dir='ltr'><strong>non</strong></span> <span class='ocrx_word' id='word_1_287' title='bbox 387 3883 588 3937; x_wconf 82' lang='lat' dir='ltr'><strong>convincendos.</strong></span> <span class='ocrx_word' id='word_1_288' title='bbox 614 3881 680 3935; x_wconf 85' lang='lat' dir='ltr'><strong>Cum</strong></span> <span class='ocrx_word' id='word_1_289' title='bbox 696 3897 758 3935; x_wconf 86' lang='lat' dir='ltr'><strong>raro</strong></span> <span class='ocrx_word' id='word_1_290' title='bbox 778 3881 873 3936; x_wconf 84' lang='lat' dir='ltr'><strong>rident</strong></span> <span class='ocrx_word' id='word_1_291' title='bbox 891 3897 925 3935; x_wconf 85' lang='lat' dir='ltr'><strong>ex</strong></span> <span class='ocrx_word' id='word_1_292' title='bbox 943 3881 1051 3936; x_wconf 91' lang='lat' dir='ltr'><strong>indiciis</strong></span> <span class='ocrx_word' id='word_1_293' title='bbox 1072 3881 1115 3934; x_wconf 82' lang='lat' dir='ltr'><strong>rel</strong></span> <span class='ocrx_word' id='word_1_294' title='bbox 1133 3894 1187 3933; x_wconf 87' lang='lat' dir='ltr'><strong>uno</strong></span> <span class='ocrx_word' id='word_1_295' title='bbox 1207 3885 1278 3932; x_wconf 74' lang='lat' dir='ltr'><strong>tata</strong></span> <span class='ocrx_word' id='word_1_296' title='bbox 1299 3887 1414 3932; x_wconf 81' lang='lat' dir='ltr'><strong>tarnem</strong></span> 
     </span>
     <span class='ocr_line' id='line_1_39' title="bbox 314 3958 1397 4032; baseline -0.006 -14"><span class='ocrx_word' id='word_1_297' title='bbox 314 3962 504 4032; x_wconf 84' lang='lat' dir='ltr'><strong>subjiciendos,</strong></span> <span class='ocrx_word' id='word_1_298' title='bbox 522 3976 551 4016; x_wconf 86' lang='lat' dir='ltr'><strong>ss</strong></span> <span class='ocrx_word' id='word_1_299' title='bbox 570 3961 718 4015; x_wconf 86' lang='lat' dir='ltr'><strong>continent.</strong></span> <span class='ocrx_word' id='word_1_300' title='bbox 750 3961 869 4026; x_wconf 82' lang='lat' dir='ltr'><strong>Accedit,</strong></span> <span class='ocrx_word' id='word_1_301' title='bbox 889 3962 960 4028; x_wconf 90' lang='lat' dir='ltr'><strong>quod</strong></span> <span class='ocrx_word' id='word_1_302' title='bbox 979 3962 1107 4030; x_wconf 87' lang='lat' dir='ltr'><strong>pleraque</strong></span> <span class='ocrx_word' id='word_1_303' title='bbox 1126 3958 1259 4013; x_wconf 86' lang='lat' dir='ltr'><strong>maleficia</strong></span> <span class='ocrx_word' id='word_1_304' title='bbox 1276 3960 1397 4028; x_wconf 72' lang='lat' dir='ltr'><strong>gravissi</strong></span> 
     </span>
     <span class='ocr_line' id='line_1_40' title="bbox 315 4037 1362 4111; baseline -0.006 -13"><span class='ocrx_word' id='word_1_305' title='bbox 315 4060 369 4098; x_wconf 91' lang='lat' dir='ltr'><strong>non</strong></span> <span class='ocrx_word' id='word_1_306' title='bbox 393 4050 502 4111; x_wconf 84' lang='lat' dir='ltr'><strong>possent</strong></span> <span class='ocrx_word' id='word_1_307' title='bbox 523 4043 614 4110; x_wconf 91' lang='lat' dir='ltr'><strong>puniri</strong></span> <span class='ocrx_word' id='word_1_308' title='bbox 639 4042 702 4108; x_wconf 86' lang='lat' dir='ltr'><strong>quia</strong></span> <span class='ocrx_word' id='word_1_309' title='bbox 729 4042 821 4109; x_wconf 90' lang='lat' dir='ltr'><strong>paucis</strong></span> <span class='ocrx_word' id='word_1_310' title='bbox 840 4041 884 4096; x_wconf 82' lang='lat' dir='ltr'><strong>val</strong></span> <span class='ocrx_word' id='word_1_311' title='bbox 903 4041 984 4096; x_wconf 90' lang='lat' dir='ltr'><strong>nullis</strong></span> <span class='ocrx_word' id='word_1_312' title='bbox 1009 4040 1122 4095; x_wconf 88' lang='lat' dir='ltr'><strong>consciis</strong></span> <span class='ocrx_word' id='word_1_313' title='bbox 1141 4037 1362 4092; x_wconf 85' lang='lat' dir='ltr'><strong>committuntur.</strong></span> 
     </span>
     <span class='ocr_line' id='line_1_41' title="bbox 316 4119 1407 4189; baseline -0.005 -13"><span class='ocrx_word' id='word_1_314' title='bbox 316 4131 407 4178; x_wconf 86' lang='lat' dir='ltr'><strong>tamen</strong></span> <span class='ocrx_word' id='word_1_315' title='bbox 427 4122 454 4176; x_wconf 92' lang='lat' dir='ltr'><strong>id</strong></span> <span class='ocrx_word' id='word_1_316' title='bbox 472 4122 506 4175; x_wconf 88' lang='lat' dir='ltr'><strong>ad</strong></span> <span class='ocrx_word' id='word_1_317' title='bbox 524 4122 622 4176; x_wconf 90' lang='lat' dir='ltr'><strong>bonum</strong></span> <span class='ocrx_word' id='word_1_318' title='bbox 641 4121 803 4189; x_wconf 88' lang='lat' dir='ltr'><strong>reipublicae</strong></span> <span class='ocrx_word' id='word_1_319' title='bbox 822 4122 860 4175; x_wconf 90' lang='lat' dir='ltr'><strong>sit</strong></span> <span class='ocrx_word' id='word_1_320' title='bbox 878 4121 1070 4176; x_wconf 85' lang='lat' dir='ltr'><strong>necessarium:</strong></span> <span class='ocrx_word' id='word_1_321' title='bbox 1090 4119 1210 4186; x_wconf 89' lang='lat' dir='ltr'><strong>alioquin</strong></span> <span class='ocrx_word' id='word_1_322' title='bbox 1229 4119 1323 4172; x_wconf 84' lang='lat' dir='ltr'><strong>omnia</strong></span> <span class='ocrx_word' id='word_1_323' title='bbox 1342 4119 1407 4172; x_wconf 64' lang='lat' dir='ltr'><strong>stela</strong></span> 
     </span>
     <span class='ocr_line' id='line_1_42' title="bbox 316 4197 1409 4269; baseline -0.005 -13"><span class='ocrx_word' id='word_1_324' title='bbox 316 4203 365 4258; x_wconf 87' lang='lat' dir='ltr'><strong>bus</strong></span> <span class='ocrx_word' id='word_1_325' title='bbox 384 4209 413 4257; x_wconf 91' lang='lat' dir='ltr'><strong>et</strong></span> <span class='ocrx_word' id='word_1_326' title='bbox 430 4200 569 4256; x_wconf 88' lang='lat' dir='ltr'><strong>sceleratis</strong></span> <span class='ocrx_word' id='word_1_327' title='bbox 587 4207 678 4256; x_wconf 70' lang='lat' dir='ltr'><strong>auant</strong></span> <span class='ocrx_word' id='word_1_328' title='bbox 696 4202 783 4269; x_wconf 88' lang='lat' dir='ltr'><strong>plena.</strong></span> <span class='ocrx_word' id='word_1_329' title='bbox 820 4201 876 4256; x_wconf 87' lang='lat' dir='ltr'><strong>Nec</strong></span> <span class='ocrx_word' id='word_1_330' title='bbox 894 4201 991 4266; x_wconf 86' lang='lat' dir='ltr'><strong>obstat,</strong></span> <span class='ocrx_word' id='word_1_331' title='bbox 1017 4201 1152 4255; x_wconf 84' lang='lat' dir='ltr'><strong>interdum</strong></span> <span class='ocrx_word' id='word_1_332' title='bbox 1177 4197 1237 4255; x_wconf 82' lang='lat' dir='ltr'><strong>llari</strong></span> <span class='ocrx_word' id='word_1_333' title='bbox 1265 4207 1298 4253; x_wconf 87' lang='lat' dir='ltr'><strong>ut</strong></span> <span class='ocrx_word' id='word_1_334' title='bbox 1318 4200 1409 4254; x_wconf 65' lang='lat' dir='ltr'><strong>innius</strong></span> 
     </span>
     <span class='ocr_line' id='line_1_43' title="bbox 317 4279 1418 4356; baseline -0.006 -18"><span class='ocrx_word' id='word_1_335' title='bbox 317 4289 484 4351; x_wconf 85' lang='lat' dir='ltr'><strong>torqueatur,</strong></span> <span class='ocrx_word' id='word_1_336' title='bbox 504 4281 568 4347; x_wconf 85' lang='lat' dir='ltr'><strong>qnia</strong></span> <span class='ocrx_word' id='word_1_337' title='bbox 586 4282 614 4334; x_wconf 88' lang='lat' dir='ltr'><strong>in</strong></span> <span class='ocrx_word' id='word_1_338' title='bbox 634 4280 712 4334; x_wconf 87' lang='lat' dir='ltr'><strong>rebus</strong></span> <span class='ocrx_word' id='word_1_339' title='bbox 731 4279 854 4336; x_wconf 86' lang='lat' dir='ltr'><strong>humanis</strong></span> <span class='ocrx_word' id='word_1_340' title='bbox 873 4297 927 4356; x_wconf 87' lang='lat' dir='ltr'><strong>non</strong></span> <span class='ocrx_word' id='word_1_341' title='bbox 939 4281 1030 4336; x_wconf 89' lang='lat' dir='ltr'><strong>omnia</strong></span> <span class='ocrx_word' id='word_1_342' title='bbox 1042 4279 1209 4336; x_wconf 83' lang='lat' dir='ltr'><strong>incommoda</strong></span> <span class='ocrx_word' id='word_1_343' title='bbox 1223 4279 1309 4334; x_wconf 74' lang='lat' dir='ltr'><strong>vitari</strong></span> <span class='ocrx_word' id='word_1_344' title='bbox 1324 4295 1418 4349; x_wconf 73' lang='lat' dir='ltr'><strong>possm</strong></span> 
     </span>
    </p>
   </div>
   <div class='ocr_carea' id='block_1_10' title="bbox 0 0 1433 4836">
    <p class='ocr_par' dir='ltr' id='par_1_10' title="bbox 0 0 1433 4836">
     <span class='ocr_line' id='line_1_44' title="bbox 0 0 1433 4836; baseline 0 0"><span class='ocrx_word' id='word_1_345' title='bbox 0 0 1433 4836; x_wconf 95' lang='lat' dir='ltr'><strong> </strong></span> 
     </span>
    </p>
   </div>
  </div>
 </body>
</html>
