2832 4844
351 395 393 452 De
411 395 555 454 Ordinibus
573 399 796 456 mendicantibus.
1080 398 1133 454 471

46 540 150 602 Domini
162 541 268 626 Papae
282 550 313 602 et
330 540 466 604 aliorum
476 542 709 628 praelatorum,
728 543 839 628 quibus
859 542 1005 628 competit
1028 551 1133 628 auctu,

46 650 79 699 tos
96 638 271 723 coniyendi.
280 636 304 725 ¹)
342 638 411 702 Ista
428 651 516 704 certe
539 640 717 706 tribuenda
736 651 814 705 sunt
826 640 971 705 illusioni
988 638 1133 722 cuidam,

45 736 80 796 oui
90 735 148 798 fere
163 757 292 822 semper
309 735 447 802 obnoxii
463 739 681 804 inveniuntur
695 741 729 822 ii,
745 759 885 824 quorum
900 739 1023 822 scripta
1039 747 1072 802 et
1087 758 1133 804 er·

42 853 107 894 rores
117 833 317 918 rejiciantur,
335 833 414 898 dum
430 834 701 902 distinctionibus
716 835 893 902 subtilibus
910 845 942 898 et
954 836 1051 900 vanis
1063 856 1133 898 sen-

42 933 150 994 tentiam
172 933 378 996 auctoritatis
393 932 636 1000 ecclesiasticae
659 935 804 1000 revereri
820 931 917 996 simul
939 941 1037 1018 atque
1054 933 1134 1026 effu·

37 1049 95 1108 gere
123 1031 280 1096 nituntur.
333 1028 400 1095 Sed
431 1032 465 1094 in
497 1031 549 1096 his
579 1032 720 1097 multum
751 1030 936 1098 infirmitati
965 1028 1133 1096 humanae

39 1126 260 1192 eoncedendum
285 1137 343 1196 est.

12 1253 14 1274 ³
107 1233 173 1298 101.
203 1233 379 1300 Castorum
403 1247 478 1321 post
499 1236 684 1327 Alexandri
708 1235 758 1301 lV
781 1245 814 1300 et
838 1233 966 1300 Urbani
990 1233 1049 1315 IV,
1075 1237 1132 1320 qui

17 1329 81 1412 ·ipsi
102 1334 248 1414 proximo
276 1335 443 1414 successit,
476 1335 615 1416 obitum,
645 1337 772 1421 pacatis
804 1332 1008 1397 Academias
1032 1331 1132 1397 rebus
1168 1323 1191 1350 '¹¹
1259 1323 1271 1350 ⁰

34 1445 58 1488 a
75 1427 296 1494 Dominicanis
319 1430 461 1517 duplicis
478 1433 655 1498 cathedras
671 1433 825 1520 publicas
849 1429 965 1494 eadem
990 1431 1024 1493 in
1048 1430 1132 1494 Aca·
1162 1475 1166 1482 -

36 1523 121 1589 denia
148 1531 355 1613 possessione
388 1530 601 1614 confirmatis,
636 1533 794 1614 magister
821 1526 1007 1594 Gulielmus
1040 1527 1080 1590 ds
1104 1550 1129 1592 s.

35 1625 130 1688 Amore
153 1626 298 1690 Parisios
322 1628 430 1710 rediit,
455 1629 568 1714 ibique
593 1629 778 1694 doctrinam
801 1625 904 1691 libelli
928 1626 966 1689 de
976 1624 1131 1711 periculis

35 1725 246 1788 unanimorum
270 1737 442 1812 temporam
468 1726 569 1791 aliam
593 1729 627 1792 in
651 1727 791 1791 sormam
815 1724 953 1808 redegit,
977 1721 1130 1808 simplici,

34 1834 58 1878 nt
74 1821 175 1886 aiebat
200 1823 448 1908 Scripturarum
472 1823 656 1889 collatione.
696 1825 829 1889 Novum
854 1843 897 1886 ex
920 1821 1024 1886 veteri
1049 1841 1131 1906 opus

33 1919 201 2004 inscriptum
226 1919 269 1984 ab
293 1922 364 2006 ipso
389 1931 452 1986 est:
481 1919 686 1988 Collectioaes
712 1920 884 1986 catlmiicae
909 1929 938 1982 et
961 1919 1130 1982 canonicae

30 2018 180 2100 an'pturae
216 2019 261 2082 ad
292 2021 529 2084 instructionem
566 2032 596 2084 ct
620 2021 905 2108 praeparationem
941 2017 1131 2104 simplicium

33 2109 130 2176 l'lristi
145 2115 291 2200 fidelium
306 2128 418 2181 contra
428 2118 577 2205 pericula
595 2119 792 2183 imminentia
807 2117 967 2196 Ecclesiae
989 2113 1132 2202 penerabi

27 2235 68 2294 pr
87 2215 276 2299 hypocritas,
294 2215 667 2302 pseudopraedicatores,
692 2227 722 2280 et
740 2227 945 2302 penetrantes
960 2213 1077 2299 domos,
1102 2224 1133 2278 et

31 2311 127 2388 cissos,
142 2324 172 2375 et
182 2335 370 2398 pyrooapos.
395 2313 493 2378 Hanc
508 2314 796 2394 elucubrationem
808 2313 851 2378 ad
865 2312 1069 2378 Clementem
1080 2312 1131 2377 IV

28 2411 102 2474 nisit.
124 2411 221 2496 isque
245 2412 413 2497 rescripsit
425 2410 549 2477 litteras
569 2412 695 2477 Dilecto
713 2412 784 2498 filio
805 2413 954 2497 mapistro
973 2409 1130 2477 Gulielmo

27 2503 52 2562 dr
77 2530 97 2571 s.
120 2509 252 2586 Amore,
286 2532 328 2574 ex
360 2532 426 2596 que
458 2512 675 2596 inscriptione
712 2509 891 2595 colligitur,
925 2508 1130 2574 Gulielmum

27 2601 104 2666 luisse
127 2607 161 2671 in
186 2629 271 2692 pace
288 2607 470 2673 Ecclesiae.
501 2607 567 2672 Sed
578 2603 740 2673 ⁵Pontifex
755 2608 898 2693 benigne
915 2630 991 2672 eum
1008 2617 1130 2690 monet,

27 2717 54 2760 ue
74 2701 241 2768 inhaereat
268 2704 433 2770 erroribus
465 2708 543 2771 suis.
589 2707 682 2771 Inter
705 2705 787 2770 alia:
820 2703 915 2784 Sane,
940 2705 1065 2788 scribit,
1091 2706 1128 2769 b·-

25 2795 116 2864 bellum
138 2827 254 2866 nouum
278 2803 416 2868 euoluere
439 2805 596 2892 coepimus
619 2827 708 2891 quem
723 2805 849 2883 misisti,
873 2805 928 2889 qui
944 2804 1016 2869 iicet
1032 2805 1128 2868 inter·
1194 2813 1201 2824 ⁸

23 2895 78 2960 dum
98 2901 182 2964 alias
207 2925 282 2966 oras
304 2904 482 2982 circumeat,
513 2913 646 2967 veterem
670 2913 773 2967 tamen
802 2901 934 2966 multam
963 2904 1069 2988 sapit,·
1100 2914 1131 2967 et

22 3017 95 3076 quam
122 3022 273 3064 excussus
305 3011 336 3064 et
366 3001 538 3084 discussus,
570 3000 729 3066 coloratus
760 3003 796 3064 in
827 3001 935 3086 aliquo
973 2999 1128 3086 videatur,

24 3103 100 3157 totam
118 3099 222 3183 primi
244 3095 453 3162 substantiam
467 3098 721 3184 comprobabitur
736 3099 880 3162 retinere.
927 3099 1038 3162 Verum
1053 3101 1130 3186 quia

22 3201 99 3254 totvm
120 3219 184 3258 non
208 3193 349 3280 lepimm,
373 3195 453 3259 nibil
474 3196 533 3260 tibi
549 3218 719 3282 possumus
732 3196 933 3282 respondere,
957 3197 1023 3260 nisi
1046 3197 1130 3283 quod

19 3291 136 3372 procide
166 3291 339 3377 ditipentia
369 3317 423 3358 cor
447 3306 533 3358 tuum
555 3295 691 3374 munias,
724 3317 764 3358 ne
787 3293 843 3358 sab
868 3293 942 3358 boni
973 3297 1074 3381 specie
1099 3307 1127 3360 te

22 3389 139 3472 'educat
170 3391 293 3478 quise,
323 3403 359 3456 ut
386 3392 495 3474 lateat,
531 3393 566 3456 in
597 3393 742 3479 aspolam
772 3393 852 3456 lacis
882 3393 1128 3480 transtipuratff)

25 3481 93 3548 bota
121 3501 170 3552 est
201 3489 286 3554 haec
316 3489 454 3576 epistola
478 3489 621 3554 Viterbii
645 3492 676 3554 V
700 3490 766 3557 kal.
791 3491 876 3555 Nov.
901 3513 931 3556 a.
959 3491 1054 3556 1266.
1085 3527 1128 3539 -

21 3579 187 3650 Guilelmus
212 3587 348 3674 quidem
365 3588 595 3668 contendebat,
621 3611 655 3653 se
672 3588 755 3653 nihil
777 3589 887 3654 dicere
904 3588 989 3653 velle
1014 3601 1128 3654 contra

23 3679 109 3762 ipsum
133 3684 297 3752 Ordinem
321 3685 540 3772 approbatum
565 3686 608 3754 ab
632 3686 801 3770 Ecclesia3
833 3687 892 3752 sed
924 3689 1034 3752 inanis
1058 3697 1128 3752 erat

23 3777 162 3858 ejusmodi
189 3787 392 3868 protestatio.
430 3785 580 3849 Mortuus
603 3795 652 3849 cst
675 3785 965 3871 ipseann01272,
990 3795 1023 3849 et
1036 3785 1127 3872 apud

26 3963 214 3980 *qun—-

81 4084 98 4146 ¹)
115 4085 202 4152 sonu.
225 4085 316 4142 Netel.
336 4085 421 4146 Alex,
441 4085 469 4140 in
488 4101 556 4140 seeo.
576 4085 648 4140 XIII
666 4090 696 4140 et
713 4086 787 4141 XIV.
808 4085 835 4140 G,
856 4085 907 4142 111.
926 4104 951 4142 a.
973 4089 997 4143 7.

79 4161 97 4234 Ἶ
115 4167 201 4234 Apud
222 4167 313 4220 Natal.
332 4167 407 4222 Alex.
432 4167 447 4221 l.
469 4183 490 4228 c,
