2850 4834
306 464 359 520 164
503 465 619 522 XXXII.
639 467 679 521 De
697 461 875 521 Pontificibus
893 465 1033 520 Avenioue
1052 468 1231 522 commoratia

144 610 282 712 ”fflffiffl
397 609 448 675 14.
473 609 718 674 Benedictus
731 607 802 675 XII
817 609 1121 692 (3.1334-1342).
1136 647 1182 658 -
1196 611 1274 675 Post
1287 621 1402 676 momen

233 702 239 713 ’
306 706 448 784 Joannis
465 706 568 770 XXII
593 705 789 772 Cardinales
812 708 848 771 in
865 704 1027 772 Conclavi
1051 709 1151 793 positi
1173 709 1314 791 primum
1337 711 1404 793 cogi·

304 813 419 869 terunt
442 803 483 868 de
507 803 659 889 eligendo
685 803 856 869 Cardinali
880 803 1055 869 Portuensi
1080 807 1114 868 in
1130 805 1338 888 Pontificem
1359 805 1415 869 sed

301 904 480 989 petierunt,
516 913 553 965 ut
582 903 798 988 promitteret,
837 924 871 966 se
900 900 1036 967 Curiam
1067 900 1159 967 haud
1190 903 1403 968 translaturum

301 1023 373 1064 esse
405 1001 439 1064 in
463 999 605 1066 Italiam.
654 1000 752 1080 Quod
783 1021 886 1086 quum
919 1001 1111 1086 promittere
1141 1000 1252 1083 nollet,
1287 1001 1328 1066 ab
1349 1003 1406 1088 ejus

301 1097 461 1163 electione
485 1098 690 1182 destiterunt,
715 1108 748 1162 et
770 1098 928 1181 suffragia
951 1108 1124 1162 verterunt
1146 1100 1181 1164 in
1195 1100 1329 1164 Petrum
1342 1101 1405 1163 Fur·

300 1198 430 1260 nerium
463 1194 675 1260 Cardiualem
707 1195 845 1262 Ordinis
887 1194 1123 1262 Cistertiensis.
1176 1199 1209 1262 Is
1240 1201 1339 1282 igitur
1365 1199 1415 1262 die

301 1293 363 1358 20ο
379 1292 576 1358 Decembris
595 1295 682 1359 1334
696 1294 830 1376 electus,
855 1315 977 1358 nomen
992 1296 1133 1380 sumpsit
1146 1295 1335 1360 Benedictis
1349 1297 1415 1368 rl'll.¹

301 1391 369 1456 Hic
382 1392 538 1456 Pontifex
563 1391 772 1456 doctissimus
797 1402 868 1456 erat
890 1391 1063 1477 theologus
1079 1401 1113 1457 et
1126 1394 1249 1478 pietate
1274 1395 1406 1478 insignis.

300 1511 340 1553 ac
364 1488 505 1554 multum
530 1489 690 1554 sollicitus
717 1491 753 1554 in
776 1491 880 1554 variis
904 1490 1126 1554 reformandis
1148 1489 1311 1556 abusibus
1334 1503 1363 1555 et
1383 1493 1415 1552 in

299 1586 477 1672 disciplina
508 1585 733 1654 ecclesiastiea
765 1609 881 1653 severe
911 1589 1138 1654 custodienda.
1193 1590 1285 1655 Hinc
1315 1593 1409 1654 varias

299 1683 405 1748 edidit
430 1683 700 1768 Constitutiones,
726 1707 867 1772 quarum
890 1685 975 1750 aliae
1001 1685 1043 1751 ad
1066 1685 1298 1771 religiosorum
1322 1689 1409 1753 Bene·

298 1782 511 1864 diminorum,
537 1782 813 1866 Cistertiensium,
837 1783 1102 1848 Mendicantium
1128 1795 1160 1849 et
1177 1784 1407 1852 Canonicomn

297 1878 499 1964 regularium
524 1881 802 1963 reformationem,
833 1879 919 1945 aliae
947 1881 990 1945 ad
1014 1885 1245 1968 episcoporum
1270 1884 1409 1950 aliorum·

296 2000 361 2064 que
384 1978 606 2064 praelatorum
631 1981 789 2062 officium,
813 1981 1038 2063 residentiam,
1063 1983 1301 2062 visitationem,
1325 1995 1415 2068 atque

295 2075 338 2140 ad
363 2076 600 2142 beneficiorum
624 2080 849 2164 provisionem
872 2079 1050 2162 pertinent.
1097 2079 1338 2160 Quaestionem
1360 2081 1415 2162 subl

294 2175 427 2239 Joanne
439 2175 543 2239 XXII
566 2177 726 2260 agitatam
750 2177 792 2240 de
807 2178 935 2240 visione
959 2175 1113 2241 beatifica
1131 2177 1265 2242 diremit
1290 2203 1320 2246 a.
1339 2181 1410 2244 lesu

295 2295 355 2358 per
369 2273 500 2337 Bullam
516 2274 708 2338 Benedictus
722 2276 821 2354 Deua,
847 2295 913 2360 qua
937 2273 1104 2356 definitur,
1130 2277 1297 2342 visionem
1323 2273 1415 2342 beati-³

295 2369 393 2434 ficam
425 2372 591 2456 justorum
621 2371 797 2437 animabus
829 2371 871 2436 ab
896 2373 986 2436 omni
1010 2371 1086 2436 labe
1121 2374 1310 2458 purificatis
1333 2387 1364 2440 et
1385 2377 1411 2438 in

295 2468 424 2533 coelum
448 2472 626 2556 assumptis
650 2469 742 2534 haud
767 2471 902 2536 differri.
938 2471 1018 2534 Paci
1042 2473 1129 2534 inter
1151 2473 1326 2559 principes
1350 2497 1412 2538 con·

295 2567 493 2650 stituendae,
525 2578 562 2632 ut
593 2567 717 2633 bellum
748 2590 879 2632 sacrum
910 2569 1034 2654 suscipi
1062 2579 1173 2655 posset
1195 2573 1346 2637 maxime
1367 2571 1412 2635 ad·

294 2663 469 2746 laboravit,
508 2688 585 2751 erga
613 2666 825 2730 Ludovicum
854 2667 1024 2730 Bavarum
1058 2669 1172 2731 mitius
1204 2671 1284 2752 egit,
1323 2691 1412 2756 quam

294 2762 365 2848 ejus
389 2763 633 2848 praedecessor,
666 2765 864 2851 saepiusque
888 2763 929 2829 de
952 2764 1221 2830 reconciliatione
1246 2788 1328 2832 cum
1352 2771 1413 2853 ipso

292 2862 466 2943 tractavit3
491 2859 639 2926 initalia
663 2863 763 2926 etiam
787 2861 902 2926 turbas
925 2861 1040 2926 sedare
1064 2861 1202 2941 studuit,
1225 2865 1380 2946 pmcerib

292 2979 333 3021 ac
356 2958 525 3023 nobssibus
548 2959 653 3023 multa
677 2958 873 3025 concedens.
889 2997 933 3007 -
949 2959 1102 3024 Tradunt
1120 2971 1231 3024 tamen
1255 2975 1404 3026 auctores

292 3054 372 3120 huic
394 3057 549 3121 Pontifici
582 3057 726 3121 defuisse
755 3059 963 3142 negotiorum
994 3055 1212 3122 saecularium
1246 3051 1415 3146 expertes-¹

292 3155 383 3236 tiam,
409 3177 471 3219 nec
496 3178 572 3220 eum
597 3156 784 3241 praeditum
803 3155 904 3219 fuisse
919 3154 975 3219 illa
992 3157 1117 3241 ingenii
1133 3157 1178 3237 vi,
1203 3153 1413 3222 characteris·

292 3274 357 3338 que
387 3253 592 3336 fortitudine,
631 3265 669 3319 ut
698 3276 784 3340 quae
817 3252 955 3338 optabat
981 3251 1024 3316 ad
1055 3251 1186 3317 felicem
1218 3256 1401 3340 perducere

291 3353 429 3432 exitum,
445 3351 681 3438 Ecclesiaeque
698 3351 796 3416 saluti
811 3349 920 3414 stabili
937 3349 1034 3416 modo
1051 3349 1252 3436 provideret.
1277 3353 1413 3418 Roman

291 3449 426 3536 quidem
442 3450 551 3514 redire
566 3450 786 3534 desiderabat,
811 3448 870 3514 sed
884 3449 1028 3534 prImum
1050 3471 1079 3514 a.
1099 3448 1185 3514 1335
1208 3455 1413 3535 opposition

291 3547 521 3613 Cardinalium
547 3549 699 3614 detentus
729 3548 802 3612 fuit
849 3549 941 3610 Dein
964 3568 1066 3633 quum
1091 3548 1126 3610 in
1150 3545 1310 3614 morbum
1343 3551 1404 3614 inci

290 3646 403 3730 disset,
428 3647 562 3710 sanitati
585 3648 757 3711 restitutus
780 3646 900 3710 iterum
923 3647 1092 3730 negotium
1117 3644 1180 3710 boc
1195 3650 1358 3734 suscepit,
1381 3671 1413 3710 aa

288 3931 318 3984 in
336 3929 503 3984 sermonibus
528 3929 584 3982 suis
609 3930 640 3981 ia
659 3929 731 3995 festo
754 3929 884 3984 Omrtium
903 3930 1036 3988 storum.-
1064 3927 1136 3982 unde
1162 3929 1261 3984 morito
1291 3931 1415 3987 inferam*

288 4015 396 4065 tantum
416 4008 556 4063 recitando
574 4024 592 4062 a
609 4008 716 4062 Joanne
734 4007 801 4063 haec
819 4008 906 4063 allata
924 4008 1015 4074 fuisse,
1034 4023 1095 4064 enm
1113 4023 1179 4063 vero
1195 4008 1272 4064 haud
1291 4013 1369 4066 volu*

287 4091 331 4146 uti
350 4090 460 4158 qnidam
479 4088 714 4154 existimavemnt,
734 4095 874 4156 umquam
892 4104 969 4144 snam
982 4089 1135 4156 opinionem
1147 4105 1302 4158 proponere
1321 4091 1339 4145 d
1399 4091 1404 4102 '

287 4187 350 4226 nem
369 4171 402 4225 de
420 4169 552 4224 dilatione
570 4168 684 4224 visionis
696 4169 755 4226 Dei.
774 4199 809 4210 —
828 4169 883 4224 cfr.
903 4169 936 4224 de
954 4169 1005 4224 hac
1023 4169 1182 4237 quaestione
1199 4169 1369 4226 mentum
1387 4173 1401 4224 d

288 4251 448 4307 Novissima
466 4266 513 4304 uu.
533 4250 585 4307 172
603 4265 659 4317 sqq.
1403 4185 1415 4384 l

1414 4539 1415 4576 l
