2964 4838
551 445 643 498 Sixtus
662 443 710 498 IV.
1138 451 1191 503 tat

73 591 185 654 fratres
210 593 334 676 primae
359 601 468 674 partes
490 587 659 652 tenebant.
689 588 747 652 lsti
773 609 862 670 vero,
887 611 928 653 ac
952 594 1097 656 maxime
1121 596 1191 679 qui-

73 689 144 754 dem
161 689 372 772 Laurentius,
397 690 512 773 inique
528 695 689 772 potestate
702 708 762 750 sua
774 686 1008 770 abutebantur,
1033 699 1066 754 et
1078 701 1191 756 contra

71 808 104 850 se
126 787 320 871 pracsertim
344 788 533 852 excitarunt
548 784 789 850 nobilissimam
807 785 1002 852 Pazaiorum
1019 788 1190 871 familiam,

71 885 157 971 quod
182 885 377 951 dominandi
403 883 561 969 cupidine
586 885 666 949 moti
685 883 879 948 muneribus
896 884 1039 969 publicis
1056 888 1192 952 Pazzios

70 983 293 1049 excludebant
327 986 461 1069 suisque
487 981 622 1068 juribus
657 980 845 1068 privabant.
902 983 1063 1049 Hostilem
1095 1007 1191 1071 porro

69 1083 193 1166 sejam
218 1080 400 1146 identidem
431 1081 621 1146 ostenderat
643 1079 845 1144 Laurentius
874 1102 1002 1146 summo
1027 1081 1191 1167 Pontifici,

70 1189 100 1242 et
123 1180 237 1264 inique
262 1177 358 1243 Sedis
383 1177 596 1263 Apostolioae
621 1188 654 1240 et
676 1175 848 1242 Ecclesiae
872 1177 1012 1244 laeserat
1029 1181 1117 1266 jura,
1147 1184 1192 1245 ita

69 1288 104 1340 ut
126 1275 242 1342 Sixtus
265 1277 314 1340 IV
347 1276 445 1361 plane
475 1277 695 1361 perspiceret,
736 1298 756 1339 a
794 1277 865 1340 viro
897 1277 957 1342 isto
988 1278 1129 1363 superbo
1160 1290 1193 1343 et

69 1375 163 1438 vafro
186 1374 334 1460 pericula
359 1395 426 1438 non
450 1376 572 1458 exigua
595 1393 709 1436 sacrae
726 1371 803 1437 Sedi
820 1382 853 1436 et
867 1372 984 1438 Italiae
1008 1377 1191 1441 imminere.

71 1509 107 1520 -
141 1473 191 1538 Eo
223 1483 370 1558 temporo
404 1475 503 1556 igitur
536 1472 732 1534 Paneiorum
768 1481 882 1535 contra
905 1471 1073 1537 Medioeos
1105 1474 1192 1540 lacta

67 1581 115 1634 est
139 1572 335 1656 conjuratio,
361 1572 415 1634 eui
440 1571 541 1635 etiam
567 1569 792 1652 Hieronymus
808 1569 941 1635 Riarius
964 1591 1084 1652 comes,
1110 1571 1192 1636 Imo-

66 1669 116 1733 lae
141 1668 307 1750 dominus,
325 1667 411 1734 sixti
428 1667 600 1733 Pontifiois
624 1683 737 1751 nepos,
763 1677 796 1730 et
814 1667 1011 1732 Franciscus
1023 1666 1192 1734 Salviatus

66 1767 340 1852 archiepiscopus
363 1766 505 1832 Pisanus
529 1763 761 1830 adhaeserunt.
797 1765 999 1829 Laurentius
1023 1766 1193 1831 Mediceus

65 1869 155 1930 enirn
174 1869 210 1932 in
222 1866 371 1930 Riarium
396 1887 432 1930 se
456 1863 645 1928 ostenderat
657 1861 820 1942 hostilem,
846 1863 892 1926 ita
906 1873 941 1926 ut
953 1861 1008 1926 hic
1022 1875 1192 1945 metueret,

66 1988 106 2030 ne
131 1964 274 2029 Imolam
298 1964 394 2050 cujus
417 1961 618 2047 possessioni
651 1959 706 2022 ille
738 1959 903 2038 inhiabat,
936 1961 1001 2026 sibi
1032 1965 1191 2048 eriperet3

64 2063 254 2129 Salviatum
280 2083 358 2126 vero
384 2059 608 2146 impediverat
631 2059 843 2140 Laurentius,
868 2061 1046 2144 quominus
1070 2060 1193 2145 episco

64 2173 146 2247 patu
169 2161 291 2226 Pisano
316 2162 486 2245 potiretur.
528 2155 675 2222 Consilia
699 2167 860 2243 concepta
884 2159 1046 2243 conjurati
1072 2162 1191 2246 exequi

65 2261 128 2324 nisi
163 2268 240 2323 sunt
271 2257 325 2322 die
349 2257 412 2322 260
434 2255 577 2341 Aprilis,
612 2275 714 2340 quum
744 2255 945 2319 Laurentius
976 2265 1009 2319 et
1037 2256 1193 2322 Julianus

64 2356 221 2437 Medicei,
245 2376 413 2420 unacum
438 2351 742 2438 RaphaeleRiario,
767 2352 940 2416 Pontificis
963 2364 1082 2440 nepote
1106 2364 1192 2419 octo·

62 2453 177 2518 decim
201 2475 365 2518 annorum
389 2467 539 2516 recenter
562 2450 605 2515 ad
627 2449 825 2534 dignitatem
842 2449 1029 2517 Cardinalis
1053 2452 1192 2533 elevato,

63 2553 96 2616 in
124 2550 266 2616 ecclesia
290 2551 327 2617 B.
353 2549 480 2614 Mariae
504 2548 654 2632 Virginis
679 2549 875 2613 interessent
898 2551 1018 2614 missae
1043 2550 1191 2616 solemni.

64 2648 194 2714 Caesus
224 2659 273 2714 est
303 2672 323 2712 a
354 2647 535 2732 conjuratis
563 2645 719 2712 Julianus
743 2644 924 2728 Mediccus,
955 2649 1064 2712 minor
1092 2660 1190 2730 natu,

62 2748 269 2812 Laurentius
296 2767 383 2828 vero,
408 2755 489 2810 natu
513 2745 627 2830 major,
659 2742 779 2808 leviter
803 2746 836 2809 in
856 2744 974 2829 jugulo
999 2746 1192 2812 vulneratus

61 2845 154 2930 fugit
185 2846 218 2908 in
249 2846 451 2924 sacrarium,
491 2864 531 2906 ac
562 2864 641 2906 mox
672 2865 691 2906 a
722 2841 920 2928 sequacibus
959 2846 1027 2908 suis
1066 2842 1192 2908 auxilio

63 2941 281 3006 venientibus
298 2940 417 3006 ‘salvus
441 2941 604 3006 deductus
628 2950 678 3004 est
701 2941 736 3004 in
760 2939 921 3025 palatium
938 2963 1044 3008 suum.
1079 2941 1190 3022 Quum

61 3061 163 3125 porro
189 3039 366 3104 multitudo
390 3061 457 3104 non
481 3061 515 3102 se
534 3039 693 3123 jungeret
716 3039 907 3123 conjuratis,
938 3038 1027 3104 facili
1060 3042 1191 3124 negotio

62 3137 97 3202 hi
123 3139 267 3220 repressi
292 3149 378 3202 sunt.

158 3235 211 3300 26.
243 3235 387 3300 Medicei
412 3257 491 3299 vero
508 3233 638 3298 Paaziis
662 3234 892 3319 praevalentes
916 3235 1097 3300 terribilem
1123 3239 1192 3301 vin·
1209 3240 1363 3342 ”fidlg‘ss’fflffi

63 3333 191 3398 dictam
224 3345 445 3419 sumpserunt.
496 3333 637 3412 Riarius,
671 3331 859 3397 Cardinalis
889 3332 1018 3416 legatus
1041 3356 1081 3396 ac
1105 3335 1191 3400 sixti
1230 3308 1339 3342 ’ΠΜ

64 3453 181 3517 nepos,
197 3431 240 3495 ob
250 3433 471 3517 suspicionem
485 3431 640 3516 injustam
656 3431 715 3493 vix
723 3451 838 3494 necem
853 3432 977 3514 effugit,
994 3443 1028 3494 et
1040 3454 1058 3494 e
1071 3430 1192 3518 templo

62 3531 98 3594 in
124 3529 312 3594 custodiam
337 3529 456 3594 ductus
480 3538 546 3610 est,
572 3527 741 3593 Salviatus
757 3527 1192 3613 archiepiscopusPisanuS,

64 3649 144 3692 cum
177 3627 331 3692 omnibus
363 3629 448 3708 suis,
487 3625 639 3690 sontibus
668 3636 702 3690 et
732 3625 934 3704 insontibus,
973 3625 1096 3712 aliique
1130 3629 1191 3692 viri

63 3724 195 3790 nobiles
219 3725 262 3790 ad
279 3726 392 3790 curiae
412 3725 574 3790 fenestras
597 3722 764 3808 extemplo
787 3722 906 3810 laqueo
930 3727 1081 3810 suspensi
1106 3738 1191 3792 sunt.

63 3822 164 3888 Multi
185 3824 285 3886 etiam
301 3822 489 3888 sacerdotes
512 3832 546 3886 et
569 3821 783 3886 ecclesiastici
803 3823 865 3884 viri
883 3820 1014 3905 gladiis,
1038 3823 1192 3906 fustibus,

62 3921 185 4007 laqueo
209 3921 374 3986 interfecti
398 3921 541 3986 fuerunt.
589 3920 703 3986 Sixtus
720 3920 768 3983 IV
793 3933 914 4001 autem,
940 3942 1042 4006 quum
1066 3931 1194 3987 tantam

63 4020 237 4104 injuriam,
257 4019 364 4084 ordini
399 4018 623 4084 ecclesiastico
656 4019 784 4104 ipsique
813 4017 891 4083 Sedi
917 4019 1127 4104 Apostolicae
1158 4021 1193 4084 in

63 4118 193 4200 Legata
219 4139 277 4182 suo
302 4121 373 4183 sine
398 4117 465 4182 ulla
489 4116 610 4202 judicii
637 4116 742 4180 forma
775 4115 900 4181 illatam
932 4116 1125 4200 audivisset,
1158 4120 1192 4182 in

63 4214 236 4278 Mediceos
260 4225 293 4278 et
308 4214 518 4279 Florentinos
542 4236 655 4279 eorum
681 4214 860 4301 complices
883 4215 1072 4297 anathema,
1097 4219 1194 4282 inter-
