2858 4834
376 429 462 485 Gesta
480 429 567 496 quoad
586 429 740 497 Imperium.
1074 427 1127 482 239

44 576 134 658 perium
155 574 306 650 uideatur,
331 575 507 638 consentire
534 575 569 636 im
593 573 728 636 alterum
751 572 932 655 (Ottonern)
953 593 1013 635 nos
1036 594 1127 658 opor·
1282 660 1284 668 .

46 673 102 752 nti)
134 671 279 735 Rationes
304 693 383 735 vero
408 693 467 735 cur
482 669 674 756 Philippum
700 671 839 756 rejiciat,
865 669 1023 736 Ottonem
1045 691 1125 734 vero
1234 664 1238 670 ¹

44 771 174 854 suscipiat,
196 771 385 833 accuratius
408 768 546 833 evolvit.
681 781 684 788 “
1031 796 1034 804 ’

108 885 150 948 15.
194 883 305 964 Quum
339 883 503 970 ejusmodi
537 883 848 949 determinationem
879 881 1050 947 Pontificis
1081 903 1127 946 re-

44 981 188 1060 scivissent,
219 1004 286 1047 non
318 983 417 1067 pauci
449 980 617 1067 praesules
642 979 812 1061 Germani,
848 981 1010 1066 (episcopi
1039 981 1129 1044 enim

43 1077 142 1160 plurimi
163 1078 318 1164 Philippo
342 1078 593 1165 adhaerebant),
619 1079 742 1165 aliique
760 1081 927 1165 principes
949 1078 1026 1142 laici
1050 1077 1129 1142 libe·

42 1177 115 1238 riores
146 1187 175 1240 et
202 1178 357 1241 ardentes
389 1177 433 1242 ad
457 1179 691 1242 Innocentium
715 1177 767 1241 111
798 1176 962 1240 dederunt
993 1175 1128 1258 litteras,

41 1273 131 1356 quibus
151 1269 406 1361 conqueruntur,
430 1275 624 1361 Philippum
649 1275 691 1339 de
714 1276 859 1360 Imperio
884 1274 1061 1360 dejectum,
1086 1275 1129 1338 lc·

41 1383 124 1449 gutum
150 1394 225 1437 vero
250 1374 432 1456 Pontificis,
465 1373 614 1460 adeoque
638 1376 748 1459 ipsum
771 1374 1005 1437 Innocentium
1036 1372 1130 1438 inde·

42 1465 88 1530 bito
120 1471 208 1536 modo
247 1493 282 1535 se
321 1473 506 1536 immiscere
546 1473 687 1554 negotiis
719 1473 813 1554 regni
844 1468 1128 1557 Germanorum.²)

42 1563 196 1652 Principum
227 1579 424 1654 argumenta
457 1568 672 1644 validissimis
704 1569 889 1633 rationibus
919 1577 1002 1658 tunc
1031 1567 1301 1670 inno-vffffiffl·

41 1665 135 1727 sentim
148 1665 196 1730 111
219 1668 380 1731 refutavit
403 1666 481 1731 data
504 1667 548 1731 ad
560 1666 793 1732 Eberhardum
810 1667 985 1751 Zaringiae
1007 1667 1126 1732 ducem
1184 1684 1251 1724 tom·

39 1763 200 1839 gravissima
213 1765 364 1851 epistola,
389 1765 485 1850 cujus
500 1787 577 1850 pars
594 1766 716 1829 inserta
730 1775 781 1828 est
796 1764 817 1829 J
820 1767 871 1828 uri
895 1767 1066 1847 canonico,
1092 1777 1128 1830 ut

40 1855 189 1927 ltecretalis
208 1861 466 1944 Venerabilem.³)
513 1862 684 1950 Principia
709 1863 750 1927 de
774 1864 969 1927 auctoritate
985 1863 1128 1928 Romani
1225 1917 1229 1922 .

40 1951 176 2024 l'ontificis
198 1959 309 2047 quoad
333 1961 515 2046 Imperium
540 1970 572 2024 et
594 1982 733 2045 regnum
758 1959 968 2042 Germaniae,
1000 1960 1126 2028 ibidem

39 2049 161 2121 Pontifex
175 2058 262 2123 clare
279 2060 424 2144 exponit,
449 2057 538 2122 unde
559 2058 722 2144 ejusmodi
738 2057 922 2122 Decretalis
945 2060 1123 2145 specialem

19 2156 219 2248 >attentionem
245 2166 399 2222 meretur.

19 2255 21 2346 l
106 2270 150 2334 16.
193 2271 389 2358 Principum
422 2273 664 2359 querimoniam
695 2270 842 2335 breviter
871 2270 963 2337 hisce
987 2273 1130 2338 indicat:

40 2365 103 2429 luter
128 2383 248 2436 caetera
283 2395 366 2450 uero,
398 2395 478 2457 qaae
510 2371 589 2436 dicti
616 2372 786 2458 principes.
805 2395 867 2457 per
890 2371 1015 2434 easdem
1040 2373 1133 2439 mobis

41 2460 136 2528 litterae
158 2470 356 2547 intimae-ant,
379 2471 437 2533 hcc
453 2471 631 2556 praecipue
654 2468 825 2557 objectione
849 2479 921 2532 eunt
942 2472 1003 2548 uei,
1028 2470 1132 2535 dicen·

43 2569 80 2639 itt,
104 2567 180 2648 quod
209 2567 400 2632 uenerabilis
422 2567 534 2654 frater
563 2577 670 2630 moster
699 2567 926 2630 Praenestinus
955 2570 1132 2654 episcopus,

41 2657 210 2740 epistolicae
234 2657 329 2730 Sedis
352 2664 483 2750 legatus,
508 2676 564 2728 ant
588 2663 730 2728 electoris
752 2665 857 2750 pessit,
886 2675 942 2728 aut
964 2667 1132 2751 copnitoris

37 2777 183 2836 perronam
231 2762 272 2827 δι’
300 2763 451 2840 electoris,
481 2764 516 2826 in
540 2761 681 2826 alienam
703 2784 830 2826 messem
859 2764 990 2827 miserat
1008 2763 1133 2849 falcem

42 2875 114 2933 uum,
135 2870 163 2922 et
185 2859 331 2926 electioni
353 2883 385 2925 ee
408 2863 563 2946 imperent,
589 2861 776 2946 principum
799 2861 1007 2946 deropaverat
1029 2864 1132 2948 dipsi-

42 2953 100 3030 Μὴ·
120 2957 145 3019 ei
165 2961 345 3045 comiteris,
369 2959 495 3023 adseme
519 2955 623 3022 altera
639 2960 796 3044 partium,
819 2959 943 3022 uidetur
963 2982 1134 3046 perperam

38 3057 206 3134 procreasse,
230 3081 299 3122 cnm
322 3059 423 3121 citata
445 3079 510 3120 non
524 3056 640 3142 fuerit
664 3067 694 3120 et
717 3055 788 3119 ideo
811 3080 876 3120 non
899 3057 1041 3121 debuerit
1063 3081 1132 3128 con-

43 3157 126 3214 tumnc
140 3155 295 3242 judicari.
343 3155 560 3240 Respondeas
583 3154 626 3218 ad
643 3153 730 3218 banc
754 3153 974 3239 objectionem
999 3158 1132 3220 statuit:

44 3245 68 3303 1⁰
85 3247 139 3312 Per
159 3275 192 3316 se
216 3252 333 3318 electio
357 3253 456 3339 plane
480 3251 585 3317 libera
610 3254 660 3326 sui
685 3255 772 3337 regis
796 3246 953 3316 contenit
976 3255 1144 3339 principi-¹

43 3336 86 3404 bns
105 3343 308 3416 Germaniae.
337 3389 381 3398 —
413 3351 451 3415 2⁰
474 3349 587 3414 Etiam
617 3359 792 3435 postquam
816 3349 997 3435 Imperium
1029 3372 1133 3436 regno

43 3435 211 3512 Germaniae
239 3471 299 3534 per
320 3448 499 3515 Pontifices
523 3468 714 3512 connexum
742 3458 799 3528 est,
831 3457 944 3512 tamen
974 3448 1077 3513 libere
1101 3457 1134 3513 et

44 3535 274 3626 independenter
308 3569 329 3611 a
348 3537 512 3610 Pontifice
543 3567 696 3630 proceres
719 3545 852 3630 ,eligunt
874 3568 984 3630 regem
1010 3550 1044 3610 in
1068 3548 1132 3611 Im·

44 3650 194 3715 perstarem
218 3642 492 3729 promovendum.
520 3681 560 3690 --
592 3641 705 3706 Veram
727 3665 795 3721 noe,
827 3643 943 3707 scribit
966 3645 1132 3723 Pontifex,

45 3797 223 3816 ''³-·—-———

98 3889 115 3957 ι)
131 3891 231 3962 Regias
251 3892 370 3960 Imperii,
389 3907 429 3960 ep.
450 3893 498 3960 333
518 3909 560 3960 ep.
580 3890 669 3946 Balut,
691 3891 708 3946 l.
728 3907 749 3946 c.
769 3907 793 3959 p.
814 3891 874 3946 703.

98 3967 232 4042 'iterna
250 3972 361 4040 Imperii
380 3988 421 4041 ep.
441 3973 490 4040 6l;
510 3989 553 4040 ap.
572 3972 662 4025 Balnt.
682 3971 699 4024 l.
718 3987 738 4024 c.
760 3987 784 4040 p.
805 3971 864 4025 715.
1136 4007 1139 4013 .

98 4047 116 4107 't
131 4050 230 4110 Decret.
251 4053 364 4122 Gregcr.
384 4051 414 4106 L.
433 4053 455 4106 I.
475 4052 529 4106 Tit.
550 4052 597 4108 VI.
623 4053 663 4106 De
681 4050 857 4106 electionibus
876 4065 897 4104 c.
917 4049 959 4104 34.
982 4049 1134 4116 —Incipit

49 4119 175 4186 mentia
195 4131 400 4200 „venerabilem
418 4131 532 4188 fratrem
551 4137 673 4186 nostrum
692 4130 928 4199 Scltzbnrgensem
946 4130 1133 4197 Episcopum,

49 4198 134 4274 inteqm
149 4227 241 4268 nomen
260 4211 350 4268 habet
378 4211 412 4266 V.
431 4211 538 4280 Regist.
558 4212 625 4280 Imm
645 4226 686 4278 ep.
706 4212 759 4278 693
778 4225 820 4279 ap
839 4209 930 4264 Balnt.
949 4209 966 4262 l.
986 4225 1006 4266 c.
1028 4226 1053 4278 p.
1074 4209 1133 4263 rm
