2900 4836
275 421 329 475 380
401 421 513 478 XXXV.
534 421 573 475 De
592 417 692 475 Concil.
711 417 861 473 Basileensi
881 433 912 471 ao
930 418 963 471 de
981 418 1087 486 Synodo
1106 419 1269 474 Florentiae

126 573 202 604 ‘¹⁰¹¹'
226 577 360 650 ¹¹⁶·quae
384 574 498 628 contra
523 561 709 628 Concilium
736 561 965 626 Florentinum
996 573 1028 626 et
1056 563 1128 647 ejus
1150 563 1282 628 decreta
1305 561 1390 626 evul-

190 640 236 670 'm'
273 671 370 746 gatae
394 662 529 726 fuerunt
552 659 594 724 ab
610 659 821 740 adversariis,
847 658 1083 744 expendemus.
1107 699 1150 708 —
1171 661 1281 725 Prima
1297 663 1394 746 igitur

274 759 374 822 sessio
399 757 556 823 solemnis
579 778 638 841 pro
663 759 795 842 negotio
821 755 954 820 unionis
978 756 1093 822 habita
1110 757 1391 823 001111081Οο0-

274 854 342 920 bris
364 878 395 922 a.
421 855 518 936 1438,
552 878 592 920 ac
616 853 694 919 dein
719 854 881 940 ejusmodi
914 855 1076 920 sessiones
1100 855 1272 920 Ferrariae
1297 859 1392 920 conti·

273 960 395 1016 nuatae
418 953 554 1017 fuerunt
577 974 682 1039 usque
706 953 749 1016 ad
774 951 863 1016 diem
881 951 963 1017 10¹¹²n
983 952 1138 1017 tannarii
1163 977 1193 1017 a.
1212 955 1309 1034 1439,
1334 975 1394 1040 quo

274 1049 329 1114 die
358 1052 459 1116 sessio
490 1051 621 1115 decima
645 1061 740 1114 sexta
762 1048 878 1114 habite
908 1061 966 1116 est.
1014 1049 1194 1115 Grassante
1225 1051 1395 1116 Ferrariae

272 1147 472 1234 pestilentia,
498 1147 686 1213 Concilium
711 1145 907 1212 translatum
932 1147 995 1213 fuit
1019 1146 1062 1211 ab
1086 1147 1239 1236 Eugenio
1265 1148 1395 1214 Floren-

271 1247 364 1328 tiam,
404 1245 460 1310 ubi
491 1245 638 1333 reliquae
669 1267 790 1310 novem
821 1247 983 1310 sessiones
1016 1245 1152 1310 habitae
1184 1257 1264 1312 sunt
1295 1271 1316 1311 a
1347 1248 1396 1312 die

271 1343 332 1406 26⁰
350 1342 524 1408 Februarii
550 1367 654 1430 usque
677 1343 720 1408 ad
741 1342 931 1408 (11011124ίιῃι
946 1343 1069 1423 Martii,
1095 1344 1184 1409 unde
1208 1345 1313 1410 etiam
1337 1345 1395 1410 hoc

271 1437 460 1506 Concilium
491 1441 591 1528 vulgo
625 1441 853 1506 Florentinum
888 1439 1021 1507 dicitur.
1053 1479 1097 1488 ·-
1129 1443 1308 1507 Acerrime
1339 1445 1398 1508 fuit

270 1537 452 1624 disputatio
485 1538 525 1604 de
556 1541 766 1628 processione
798 1537 942 1626 Spiritus
980 1539 1095 1606 sancti.
1152 1541 1265 1627 Atque
1306 1543 1396 1606 initio

269 1635 402 1720 Graeci,
427 1637 549 1723 quibus
561 1658 792 1721 aggressorum
805 1646 915 1722 partes
928 1657 1104 1702 concessae
1115 1637 1263 1718 fuerunt,
1290 1639 1397 1725 dispu-

269 1743 340 1796 tare
364 1735 522 1800 nolebant
546 1737 610 1799 nisi
636 1735 676 1798 de
700 1734 927 1799 additamento
944 1733 1100 1820 Filioque,
1124 1746 1158 1800 et
1168 1745 1303 1802 tantum
1330 1751 1398 1824 post

270 1829 391 1896 multas
407 1833 628 1898 discussiones
646 1845 678 1896 et
694 1833 867 1914 sessiones,
883 1853 987 1918 quum
1000 1831 1125 1915 Latini,
1149 1834 1282 1902 licitam
1299 1837 1396 1900 fuisse

266 1927 474 1994 additionem
506 1931 689 2016 graviaque
720 1931 791 2015 ejus
822 1933 947 1994 motiva
978 1931 1051 1994 fuse
1081 1932 1318 2016 ostendissent,
1350 1955 1396 1998 ac·

267 2028 478 2112 quieverunt,
505 2041 541 2092 ut
564 2029 605 2093 de
629 2031 700 2114 ipso
727 2029 881 2112 dogmate
905 2028 1155 2114 disceptaretur.
1192 2031 1226 2096 Is
1251 2032 1396 2118 denique

267 2125 532 2211 disputationum
556 2130 666 2192 exitus
689 2126 762 2208 luit,
795 2138 831 2190 ut
854 2125 974 2191 Graeci
1007 2139 1081 2213 post
1105 2127 1226 2193 multas
1252 2129 1394 2196 difficul-

267 2234 352 2290 tates
376 2236 540 2311 postremo
566 2227 699 2310 passim,
724 2225 1116 2310 praeeunteBessarione
1139 2225 1395 2312 archiepiscopo

265 2321 427 2406 Nicaeno,
451 2325 487 2387 in
500 2326 657 2388 unionem
670 2345 746 2387 cum
761 2323 891 2387 Latinis
904 2324 1142 2388 consenserint.
1152 2361 1196 2372 --
1206 2325 1276 2390 Die
1290 2325 1393 2394 3010-

268 2421 315 2484 nii
355 2442 384 2488 a.
418 2421 504 2486 1439
544 2424 782 2486 convenientes
812 2423 847 2485 in
878 2420 978 2485 aedes
1013 2421 1224 2507 patriarchae
1258 2422 1394 2488 CPtani.

264 2539 382 2582 omnes
399 2531 537 2606 excepto
553 2521 666 2584 Marco
682 2517 853 2604 Ephesino
869 2530 901 2583 et
916 2517 1102 2604 Sophronio
1118 2519 1393 2588 Anchialonensi.

268 2617 303 2680 in
334 2638 435 2680 unam
466 2620 599 2682 iverunt
629 2619 843 2699 sententiam,
883 2615 1010 2682 scilicet
1044 2618 1205 2703 Spiritum
1240 2629 1392 2686 sanctum

265 2714 445 2798 procedere
469 2737 511 2778 ex
535 2714 631 2779 Patre
656 2726 688 2780 et
703 2714 788 2779 Filio
813 2737 872 2800 per
894 2717 1029 2780 unicam
1053 2716 1270 2801 spirationem
1297 2727 1332 2782 et
1355 2715 1394 2780 ab

267 2815 366 2876 unico
390 2815 565 2899 principio.
613 2813 711 2878 Hane
734 2813 813 2877 fidei
837 2813 1075 2900 professionem
1100 2813 1154 2878 die
1179 2813 1217 2878 8⁰
1241 2813 1392 2898 ejusdem

267 2911 390 2974 mensis
406 2909 597 2975 obmlerunt
615 2912 765 2996 Eugenio
782 2911 841 2992 lV,
866 2913 924 2997 qui
947 2933 1021 2974 eam
1045 2911 1202 2996 probavit
1226 2923 1260 2974 et
1285 2925 1393 2995 postu·

264 3006 358 3089 lavit,
385 3019 421 3072 ut
443 3008 528 3074 aliae
553 3012 797 3074 controversiae
818 3009 859 3073 de
875 3011 1075 3095 purgatorio,
1100 3009 1141 3072 de
1159 3010 1393 3096 1100οΕ00110-
1447 3031 1448 3048 ¹

265 3105 378 3169 ristieo
403 3117 435 3170 et
459 3107 500 3172 de
524 3111 669 3193 primatu
693 3108 835 3171 Romani
861 3106 1032 3172 Pontificio
1054 3105 1319 3174 absolverentur.

354 3205 408 3269 42.
440 3205 564 3270 Unioni
589 3205 826 3271 accelerandae
850 3208 950 3271 etiam
975 3205 1057 3291 quid
1074 3204 1216 3272 contulit
1231 3207 1391 3290 professio

263 3301 355 3383 fidei,
388 3325 487 3388 qnam
511 3313 589 3369 ante
614 3315 751 3368 mortem
776 3323 870 3368 suam
895 3304 1062 3390 Josephus
1087 3303 1278 3389 patriarcha
1303 3305 1390 3370 feeit.

266 3399 331 3464 Hic
362 3400 552 3486 patriarcha
583 3402 634 3465 vir
667 3411 738 3465 erat
761 3401 870 3466 bonae
894 3401 1015 3466 indolis
1038 3409 1071 3466 et
1094 3403 1209 3467 unioni
1234 3401 1388 3474 favebat;
1446 3413 1447 3450 ἓ

262 3496 355 3561 haud
380 3509 490 3564 tamen
515 3497 711 3564 ostendebat
734 3521 893 3586 magnum
916 3501 1020 3564 animi
1044 3501 1205 3584 vigorem,
1237 3499 1388 3564 multum·

261 3617 329 3681 que
353 3596 512 3662 sollicitus
535 3598 653 3678 fuerat,
679 3619 719 3662 ne
737 3597 843 3662 honor
867 3599 929 3684 ipsi
944 3597 1076 3664 debitus
1091 3596 1283 3661 detrimenti
1308 3597 1384 3684 quid

264 3705 442 3779 pateretur.
497 3696 582 3760 Fere
616 3717 747 3780 semper
782 3695 933 3760 infirmus
969 3695 1059 3760 domi
1095 3693 1319 3776 detinebatur,
1356 3710 1387 3758 et

262 3813 402 3879 vespere
435 3793 500 3858 diei
533 3794 564 3857 9¹
591 3792 686 3858 Junii
718 3793 827 3858 subito
859 3793 1037 3860 defunctus
1069 3802 1128 3857 est
1176 3789 1243 3856 Sed
1273 3795 1386 3878 paucis

259 3899 340 3953 ante
365 3901 502 3956 mortem
527 3889 617 3956 horis
632 3893 766 3978 propria
784 3913 884 3956 manu
901 3893 1079 3977 scripserat
1101 3889 1189 3954 hano
1215 3889 1293 3956 fidei
1317 3912 1383 3978 pro

259 3986 457 4070 sessionem,
497 3999 533 4052 ut
569 3989 686 4054 eadem
725 3989 920 4075 Imperatori
968 3989 1170 4054 traderetur:
1216 3987 1381 4076 Joseplua,

261 4085 464 4149 miseratione
502 4087 614 4151 diuina
652 4088 906 4174 archiepiscopus
940 4086 1234 4174 Constantinopolis
1241 4137 1251 4166 ,
1289 4111 1382 4154 nome

261 4183 393 4266 Romae,
418 4193 448 4247 et
470 4187 681 4250 oecumenicae
704 4185 902 4250 Patriurclto.
944 4185 1102 4260 Quoniam
1124 4187 1170 4250 ad
1182 4186 1284 4270 finem
1302 4189 1380 4251 citae
