2814 4840
287 461 320 515 14
546 460 632 516 XXX.
653 460 692 514 De
712 460 876 516 Pontificatn
895 460 1028 516 Bonifatii
1049 460 1127 515 VIII.

286 602 468 686 minabant,
493 626 555 670 nee
579 605 659 690 ipsis
674 613 806 689 gratum
830 625 900 692 esse
916 605 1034 689 potuit,
1058 605 1148 691 quod
1173 605 1234 670 sub
1257 604 1387 670 emiolia

286 701 397 768 Caroli
421 703 567 786 regiain
592 701 745 767 conclavi
769 704 927 766 coarctati
952 713 1071 768 essent.
1126 703 1217 768 Hinc
1240 703 1386 766 conscien-

285 801 352 864 tiae
382 821 462 864 suae
493 801 657 886 imprimis
688 800 925 865 consuluerunt
956 823 996 865 ae
1028 811 1105 866 vota
1135 799 1336 866 contulerunt
1359 801 1389 862 in

286 919 373 978 eum,
398 899 453 983 qui
470 897 645 962 manifeste
669 899 756 963 inter
780 909 926 962 caeteros
950 898 1120 964 eminebat
1142 909 1176 963 et
1199 921 1277 984 pras
1299 909 1389 962 eaete-

286 996 332 1058 ris
355 1005 489 1080 propter
521 1005 634 1060 notam
667 997 738 1081 ejus
770 999 803 1086 in
834 998 976 1082 negotiis
1009 998 1162 1082 peritiam
1195 995 1328 1062 idoneus
1355 995 1406 1088 adq

286 1090 457 1158 Ecclesiae
480 1092 680 1178 gubernium
705 1093 893 1160 videbatur.
944 1095 1097 1160 Tradunt
1129 1097 1230 1159 etiam
1260 1089 1406 1160 historicil

216 1238 224 1253 ,
287 1188 375 1255 illius
391 1193 558 1276 temporis,
586 1190 807 1257 Coelestinum
826 1192 1017 1258 obsecrasse
1034 1192 1229 1259 Cardinales
1243 1215 1302 1279 per
1315 1214 1406 1258 morai

286 1289 408 1369 omnia,
433 1298 469 1352 ut
492 1289 556 1354 sibi
579 1291 777 1376 quantocius
801 1289 996 1356 Pontificem
1020 1283 1256 1376 subrogarent3
1280 1313 1318 1356 ac
1339 1297 1406 1358 nonl

288 1387 451 1450 immerito
476 1387 681 1472 conjicimus,
706 1386 749 1452 ab
774 1409 811 1454 eo
836 1389 1041 1455 Bonifatium
1071 1388 1274 1475 quibusdam
1297 1387 1394 1452 lauda·

196 1475 201 1486 ’
287 1494 357 1548 tum
382 1495 415 1547 et
437 1485 705 1550 commendatum
728 1485 873 1560 fuisse.¹l

820 1914 879 1978 11.

290 2069 353 2134 De
363 2071 505 2138 initiis
512 2072 998 2152 PomiflcatuaBonifotft
1014 2073 1178 2140 Vfflco
1189 2076 1401 2158 deorioiuc

332 2177 506 2243 desemel
519 2178 631 2242 trater
645 2179 789 2257 ipsum
803 2183 842 2242 ct
857 2178 1107 2260 Philippum
1119 2181 1364 2248 Pruotrusn.

381 2355 430 2420 15.
465 2353 655 2440 Antequam
679 2354 837 2419 Bonifatii
861 2365 954 2438 gesta
977 2377 1228 2443 prosequamur,
1255 2357 1321 2422 duo
1344 2357 1402 2420 ani·

168 2446 196 2476 ⁰¹¹
213 2446 235 2476 ⁸·
290 2451 497 2516 madvertere
507 2450 662 2538 juvabit:
692 2453 726 2516 1⁰
741 2453 816 2517 Non
833 2452 868 2516 id
884 2455 918 2518 in
934 2456 1163 2540 quaestionem
1179 2456 1284 2536 venit,
1302 2465 1406 2538 utrumq

289 2549 476 2614 Bonifatius
492 2549 576 2614 VIII
600 2549 700 2613 fucrit
723 2549 879 2615 Pontifex
902 2551 1193 2636 imperfectiouum
1218 2554 1337 2618 naevis
1362 2567 1406 2642 cal

289 2669 374 2729 rens,
400 2657 432 2712 et
455 2649 638 2734 sapientiae
654 2650 904 2735 sanctitatisque
929 2648 1115 2734 singularis.
1164 2647 1200 2714 Si
1224 2652 1301 2736 quis
1326 2651 1406 2752 eninp

289 2747 457 2811 existimat
481 2747 583 2810 variis
596 2746 911 2831 imperfectionibus,
941 2769 969 2813 e.
984 2769 1015 2832 g.
1034 2750 1136 2812 nimio
1160 2749 1266 2826 animi
1291 2749 1406 2812 ardori*

289 2865 365 2908 eum
389 2844 491 2909 fuisse
514 2842 707 2926 obnoxium,
733 2857 765 2908 et
788 2845 952 2930 quaedam
969 2847 1079 2910 minus
1095 2859 1281 2932 opportune
1308 2847 1406 2940 dispoq

290 2944 402 3024 suisee,
437 2943 500 3007 hac
525 2942 566 3006 de
591 2963 625 3006 re
649 2963 716 3008 non
739 2942 954 3028 liIIgabimus.
1008 2943 1074 3010 Sed
1106 2946 1258 3028 arguitur
1282 2943 1406 3038 Bonifaq

289 3042 354 3104 tius
378 3041 541 3104 eriminum
563 3041 715 3128 pravium,
740 3051 838 3127 atque
860 3039 943 3106 haec
959 3044 1127 3108 accusatio
1153 3063 1196 3106 ex
1219 3061 1406 3134 monumcuq

290 3141 332 3202 tis
362 3160 468 3225 nuper
500 3137 598 3201 editis
628 3138 692 3202 hoo
722 3148 868 3224 tempore
902 3140 1023 3204 iterum
1056 3141 1201 3226 speciem
1232 3139 1406 3226 quamdanl

290 3238 458 3323 accepisse
482 3236 624 3301 videtur.
671 3233 740 3300 Sub
766 3235 829 3300 hoc
853 3238 955 3322 igitur
982 3248 1133 3323 respectu
1158 3239 1229 3301 vita
1251 3233 1406 3324 Bonifatii

291 3333 515 3398 examinanda
538 3344 596 3414 est,
621 3354 660 3396 ae
684 3332 888 3413 videbimus,
914 3336 1031 3398 merito
1055 3334 1127 3420 ejus
1152 3336 1348 3399 memoriam
1379 3329 1406 3418 ul

290 3432 385 3518 probi
410 3454 450 3496 ac
473 3431 612 3512 honesti,
638 3432 703 3495 imo
728 3431 869 3516 insignis
892 3432 1072 3512 pontificia,
1103 3431 1282 3496 vindicari.
1322 3431 1406 3512 Praei

291 3540 380 3594 terea
404 3551 482 3594 vero
507 3531 671 3610 asseritur,
704 3529 910 3596 Bonifatium
944 3551 1066 3616 magna
1095 3552 1172 3594 cum
1196 3529 1359 3596 violentia
1381 3531 1406 3612 aa

292 3629 510 3692 immiscuisse
545 3625 644 3691 rebus
676 3627 914 3713 temporalibus
950 3629 1140 3716 principum
1174 3649 1213 3692 ac
1247 3619 1406 3714 principii

292 3725 390 3812 plane
414 3726 496 3790 falsa
519 3747 589 3789 ease
613 3737 774 3791 secutum.
814 3725 933 3807 Quoad
958 3727 1021 3792 hoo
1044 3724 1228 3813 apparebit,
1253 3721 1406 3816 Bonifatii

293 3825 459 3910 principia
474 3844 539 3886 non
554 3823 620 3888 alia
634 3823 747 3904 fuisse,
771 3847 872 3910 quam
889 3823 1040 3911 Gregorii
1059 3823 1135 3904 vll,
1160 3821 1349 3888 Alexandri
1366 3817 1406 3912 lll

294 3997 505 4006 —————·-

368 4085 389 4156 ¹)
408 4083 478 4137 Vide
502 4079 635 4147 Beynald.
654 4097 679 4136 a.
701 4081 778 4136 1294.
798 4111 832 4124 -
851 4081 1063 4136 Praenuntiassa
1088 4097 1109 4136 s.
1129 4079 1319 4136 Coelastinnm
1338 4081 1406 4136 mati

293 4165 363 4220 fatie
384 4161 579 4234 pontificatum,
597 4159 695 4218 scribit
718 4163 810 4219 Jacob.
830 4161 1008 4230 stephanides
1034 4159 1200 4224 Cardinalia
1223 4159 1307 4229 idque
1332 4177 1360 4216 se
1383 4161 1406 4214 el

293 4245 378 4314 ipsius
396 4245 531 4301 Bonifatii
550 4244 717 4313 aliorumque
735 4259 781 4298 ora
799 4243 940 4312 accepisse.
