2858 4834
370 463 411 516 De
429 479 449 516 s.
469 463 586 516 Thomas
605 464 743 530 rnertyrio.
1068 467 1118 517 201

103 607 153 670 46.
176 605 273 671 Solvit
288 605 377 690 dein,
393 605 447 670 die
466 607 502 670 1⁰
519 577 723 688 Decembris,
747 605 823 672 vele
838 606 1118 694 archiepiscopus,

29 723 54 768 ιι
74 703 196 768 insidias
216 705 478 769 adversariorum
505 704 658 769 devitans
673 714 834 792 quantum
853 714 992 791 poteret,
1016 705 1118 793 sppli-

1160 608 1261 648 Redttnr

1137 681 1155 710 s.
1166 669 1274 712 stom

28 807 81 866 enit
100 803 142 868 sd
163 824 296 888 pervum
320 811 453 889 portum
469 801 648 885 Ssndwioi,
673 805 822 888 quonian
837 802 893 866 ille
913 813 1026 889 portus
1046 828 1121 868 suus
1216 859 1222 867 .

27 913 86 970 net.
109 912 137 963 et
155 901 287 964 bonoim
316 901 428 966 suido
451 903 555 988 ipsius
578 901 774 966 laetarentur
797 902 975 983 adrentur¹)
1010 902 1122 967 Variis

27 999 135 1084 quidem
151 997 306 1064 molestiis
329 998 372 1063 eb
388 998 589 1064 adversariis
613 1011 763 1082 vexatus,
789 1009 899 1063 tamen
924 999 978 1064 die
1001 1001 1040 1064 5⁰
1056 1002 1121 1065 De·

25 1097 141 1160 oenbris
165 1096 353 1162 solemniter
370 1095 585 1161 Cantuariem
610 1099 787 1180 ingressus,
813 1119 934 1182 magna
959 1119 1034 1162 eum
1058 1098 1121 1162 lae·

26 1197 79 1258 ritis
107 1219 126 1260 s
156 1193 243 1258 clero
275 1206 307 1259 et
335 1217 355 1258 e
385 1193 539 1259 fidelibus
564 1205 715 1280 receptus
748 1205 805 1260 est.
853 1197 1021 1282 Postquam
1051 1219 1121 1260 uero

23 1293 57 1352 od
74 1293 225 1356 ostream
248 1305 391 1357 nostrum
412 1295 561 1370 venimus,
596 1291 711 1356 scribit
734 1317 758 1359 s.
784 1293 931 1358 Thomas
954 1295 996 1358 ad
1013 1295 1123 1359 Ponti·

23 1391 104 1460 fian.
127 1392 337 1456 incontinenti
359 1415 417 1456 nos
441 1391 591 1455 adierunt
614 1391 769 1476 officiales
784 1394 875 1477 repis,
900 1391 1123 1456 denuntiantes

22 1512 50 1548 er
65 1501 148 1574 parte
172 1491 287 1576 ipsius,
320 1491 401 1554 sieut
428 1513 480 1553 eos
503 1491 648 1554 dominus
672 1489 881 1554 Eboraeensis
912 1502 941 1553 et
965 1491 1122 1555 Londoni·

23 1589 85 1648 ιιιίι
104 1599 131 1651 et
154 1586 402 1652 Sorisberiensis
425 1589 565 1674 episcopi
598 1586 860 1672 informaverant,
892 1599 926 1652 ut
957 1591 1123 1674 suspensos

22 1687 159 1772 episcopos
184 1697 213 1748 et
238 1687 521 1751 excommunicatos
544 1685 782 1766 absolveremus,
807 1686 883 1770 quia
906 1687 990 1772 quod
1012 1697 1123 1750 contra

21 1807 59 1842 eos
69 1782 191 1866 famem
205 1783 332 1870 fuerat,
367 1786 402 1847 in.
425 1785 579 1874 injuriam
601 1787 684 1868 repis
707 1783 908 1848 redundabat
931 1797 960 1848 et
982 1787 1018 1860 in
1041 1807 1122 1848 ener-

19 1882 114 1944 a'onem
129 1883 388 1946 namneticum
402 1882 501 1968 reponi,
521 1884 749 1967 promittentes,
763 1883 927 1968 episcopos
935 1884 1123 1968 prouinciae

20 1989 124 2041 nostrae
150 1991 227 2065 post
256 1978 486 2044 absolutionem
516 1989 662 2043 uenturos
686 2002 750 2043 esse
775 1980 818 2042 ad
840 2003 907 2058 nos,
940 1990 970 2043 et
989 1983 1058 2069 juri
1080 2003 1121 2060 se,

18 2074 87 2137 sileo
108 2077 223 2140 bonore
247 2079 345 2163 repsi,
378 2075 508 2141 libenter
536 2078 713 2163 parituros.
764 2079 833 2141 Nos
865 2089 969 2141 nutem
996 2100 1123 2164 respon·

18 2171 111 2252 dinus,
141 2199 206 2238 non
242 2197 307 2238 esse
323 2176 447 2264 judicis
470 2175 646 2261 inferioris,
676 2186 711 2238 ut
740 2178 914 2262 superioris
938 2179 1122 2240 sententiam

17 2271 108 2350 nolent,
132 2285 162 2337 et
178 2273 263 2358 quod
279 2273 362 2336 nulli
376 2275 533 2337 boninum
557 2273 629 2336 licet
644 2274 815 2356 infirmare,
839 2275 922 2358 quod
937 2272 1123 2360 Apostolica

17 2369 94 2432 >ides
121 2371 302 2434 decreverit.
354 2371 438 2444 Quia
471 2382 575 2434 tamen
607 2370 660 2435 illi
694 2373 867 2436 instantius
899 2371 1121 2458 perur9ebant,

17 2479 37 2522 a
67 2469 285 2545 minabantur,
324 2470 482 2533 dominun
516 2491 634 2556 nepem,
673 2472 738 2533 nisi
764 2472 809 2533 eis
847 2471 1122 2555 adquiesceremus,

18 2566 79 2628 niro
100 2579 128 2628 et
152 2567 312 2653 stupenda
328 2568 505 2652 facturum,
530 2568 669 2631 dixsimus
693 2569 748 2644 eis,
772 2567 856 2652 quod
878 2570 908 2631 si
923 2568 1121 2632 Londone'en·

17 2665 49 2722 n's
67 2675 92 2724 rt
116 2663 364 2728 Sarsiberioasr's
388 2667 529 2750 episcopi
548 2669 700 2753 pararent
722 2687 827 2728 coram
849 2665 940 2730 nobis
963 2668 998 2730 in
1008 2666 1122 2750 forma

18 2759 165 2842 dolosius,
191 2784 223 2826 se
249 2773 349 2826 oestro
375 2763 524 2826 mandato
546 2766 723 2850 parituros,
754 2787 811 2826 roos
831 2787 892 2848 pro
911 2787 994 2851 paee
1017 2765 1119 2827 Eccle-

16 2859 66 2918 siae
85 2871 113 2922 et
134 2862 315 2924 reverentia
338 2860 458 2925 domini
480 2862 562 2947 repis
586 2885 654 2925 cam
677 2859 808 2925 consilio
832 2863 934 2948 ipsius
956 2874 987 2925 et
1001 2861 1123 2925 domini

22 2953 217 3023 b'intonensis
241 2970 271 3022 et
294 2957 430 3022 aliorum
446 2959 592 3045 fratrum
615 2971 803 3040 nostrornm,
828 2959 1048 3048 subjiceremus
1065 2981 1121 3045 pe-

18 3055 106 3134 nott,
130 3069 159 3120 et
175 3057 360 3144 faceremus
384 3058 538 3142 quidquid
562 3056 654 3122 sabea
679 3057 854 3120 reverentia
878 3069 993 3134 vestra,
1018 3067 1048 3120 et
1070 3079 1121 3122 eos

19 3164 144 3238 torquem
159 3155 291 3240 fratres
306 3158 341 3218 in.
359 3152 482 3219 Cbrnsto
507 3157 687 3218 ‹rarissimos
705 3155 918 3238 deliperemus,
943 3158 1022 3218 etin
1038 3159 1124 3220 omni

20 3254 237 3316 caisnetudine
261 3263 291 3314 et
313 3250 487 3315 ttumilitate
512 3263 728 3316 tractaremus.
765 3251 857 3326 Quod
876 3277 944 3316 cum
968 3255 1139 3342 episcopie

21 3561 86 3616 tnta
103 3565 254 3634 Rogerinrn
275 3563 308 3616 de
327 3563 486 3617 Pontinieco
512 3563 625 3616 nuntius
644 3569 699 3616 tres
719 3563 855 3630 episcopos
876 3562 998 3614 Dovcrne
1017 3561 1123 3614 invenit

21 3643 88 3710 iti-pe
104 3646 143 3700 eis
161 3645 274 3698 litteras
293 3642 416 3698 tradidit
445 3643 598 3712 „Cognovit
617 3642 762 3707 (ineman
781 3641 851 3708 quod
871 3654 926 3694 tres
945 3639 986 3694 illi
1005 3641 1122 3708 episcopi

22 3725 73 3788 noo
91 3723 267 3780 veteremi
286 3723 465 3777 occurrissent
483 3722 593 3791 ejusque
612 3723 845 3791 praestolarentur
870 3721 1033 3775 adventum:
1066 3719 1123 3788 ipse

23 3817 68 3857 nro
90 3807 168 3860 citius
194 3805 284 3857 nocito
311 3817 394 3871 puero
413 3803 520 3857 nomine
539 3802 665 3868 Osbemo,
690 3803 805 3856 tradidit
823 3802 848 3856 ei
868 3801 897 3854 in
915 3816 997 3854 menn
1016 3800 1123 3854 litterar

22 3881 98 3938 uniri
116 3887 217 3954 Pepse,
236 3883 411 3951 praecipiens.
430 3889 463 3936 ut
480 3883 605 3938 celeriter
618 3885 686 3938 inari
699 3883 816 3938 transito
830 3881 937 3936 litteras
949 3880 1022 3949 ipses
1036 3881 1123 3934 tribus

25 3965 142 4026 tnodietis
169 3963 303 4034 episcopis
331 3963 402 4030 epod
421 3963 554 4018 Doverem
582 3963 740 4018 constitutis
768 3961 931 4032 porrigeret.
967 3961 1041 4028 Ques
1064 3977 1123 4014 aun

25 4045 113 4113 ‘osopi
131 4046 300 4114 accepissent
318 4051 347 4098 et
365 4060 398 4098 en
411 4050 504 4099 tenore
517 4061 610 4099 earnm
622 4061 651 4100 se
665 4045 908 4100 excommunicatos
922 4043 1122 4112 cognovissent,

28 4121 171 4182 ranconi
189 4126 281 4180 animo
299 4125 466 4178 consternati
485 4127 587 4178 reversi
606 4131 695 4180 suntu
735 4127 816 4190 (iilos,
836 4124 903 4178 viu
922 4122 943 4176 1.
965 4122 1023 4178 158.
1102 4156 1109 4168 ·

82 4253 97 4320 ι)
112 4253 182 4306 duit
201 4248 332 4318 Stephen.
351 4247 426 4303 Giles
445 4249 467 4303 1.
487 4248 547 4303 281.
