2850 4834
343 431 384 485 De
402 431 477 485 lucta
495 431 627 486 [ludovici
645 432 758 486 Bavari.
1082 435 1134 489 201

29 576 106 636 ravit
131 575 237 659 igitur,
277 595 379 659 quum
411 574 607 639 Ludovicus
639 575 803 640 haeresim
837 585 1034 661 protegeret,
1073 599 1135 642 nec

27 672 268 737 satisfactionem
299 671 445 758 aliquam
478 674 715 758 praestitisset,
755 673 1025 738 conciliationem
1059 695 1135 739 cum

27 772 91 854 ipso
112 771 183 834 iniri
206 791 272 834 non
298 791 403 855 posse,
434 791 624 857 novamque
654 773 741 856 regis
773 769 968 835 electionem
1000 771 1134 858 requiri.

27 867 103 932 Cum
124 877 211 932 tanta
235 890 275 932 ac
298 866 380 932 talia
403 869 545 932 crimina
569 870 641 954 ipse
665 871 699 933 in
726 869 909 933 Ecclesiam
935 869 1136 935 catholicam
1160 864 1294 978 Νῶᾞο

25 977 54 1028 ct
75 963 187 1030 Sadem
202 964 430 1051 Apostolicam
455 965 580 1030 nefario
604 988 688 1031 ausu
712 969 941 1050 commisisset,
967 979 1004 1032 nt
1027 970 1137 1054 poeni·

25 1065 151 1128 mutiam
184 1085 279 1129 suam
313 1085 427 1128 veram
459 1063 665 1144 ostenderet,
705 1067 927 1131 necessarium
958 1067 1138 1133 videbatur

24 1163 201 1227 renuntiare
225 1160 389 1247 imperiali
414 1161 580 1246 dignitati,
612 1183 712 1248 quam
744 1175 859 1228 contra
890 1168 1002 1230 omnia
1033 1166 1138 1251 ponti·

26 1261 95 1324 ficia
115 1259 246 1324 decreta
269 1270 302 1323 et
326 1269 447 1323 cuncta
472 1259 559 1344 juris
586 1261 753 1345 principia
777 1262 1003 1328 conservabat.
1052 1264 1138 1328 Tan·

24 1356 93 1420 dem
108 1356 300 1422 Ludovicus
316 1378 418 1442 quum
434 1355 605 1421 Ecclesiae
619 1359 761 1442 gratiam
776 1357 919 1445 adipisci
934 1383 974 1424 ac
990 1361 1138 1426 fidelium

25 1457 244 1520 communitati
257 1457 384 1520 restitui
399 1454 599 1541 desperaret,
618 1458 682 1520 nisi
694 1457 827 1542 jactura
844 1461 985 1544 correpti
1002 1460 1139 1546 Imperii

26 1557 191 1640 praeterita
213 1555 364 1619 facinora
388 1556 550 1640 expiaret,
569 1555 642 1640 jam
667 1555 710 1618 de
732 1557 868 1640 Imperii
893 1559 1140 1622 renuntiatione

25 1655 183 1737 cogitavit,
208 1675 248 1717 ac
265 1652 460 1717 Pontificem
476 1651 540 1716 hac
556 1653 597 1717 de
613 1675 648 1716 rc
668 1655 842 1718 certiorem
858 1654 1015 1722 reddidit.
1047 1655 1140 1719 Sum·

25 1763 106 1835 ptam
142 1763 254 1815 antem
294 1773 368 1816 cam
408 1750 607 1815 concordiae
645 1753 807 1816 rationem
839 1753 939 1816 refert
967 1774 1043 1816 cum
1067 1752 1142 1817 aliis

26 1847 224 1914 Ptolomaeus
248 1849 420 1930 Lucensis,
446 1859 483 1912 ut
505 1849 701 1914 Ludovicus
725 1850 857 1914 cederet
872 1851 1026 1937 Imperio,
1052 1850 1141 1938 quod

25 1947 53 2009 in
76 1947 257 2012 Henricum
287 1947 428 2012 alterum
452 1948 617 2012 Bavariae
646 1947 765 2012 ducem
795 1951 962 2032 sanguine
993 1949 1041 2014 illi
1066 1970 1142 2013 con·

20 2047 260 2127 junctissimum
295 2045 562 2111 transferendum
603 2045 703 2126 foret,
743 2057 779 2110 ut
817 2047 1000 2132 imperialis
1037 2046 1143 2111 honos

26 2144 54 2206 in
75 2143 340 2229 praeclarissima
364 2145 465 2229 stirpe
490 2144 622 2208 Bavara
654 2147 859 2210 retineretur.
870 2143 893 2231 ¹)
940 2144 1006 2209 Sed
1032 2144 1144 2230 displi-

26 2245 85 2306 cuit
113 2244 178 2306 ista
209 2263 318 2306 rerum
351 2241 524 2327 dispositio
557 2242 694 2326 regibus
724 2243 918 2326 Hungariae
943 2255 976 2308 et
1000 2242 1144 2328 Apuliae

25 2362 57 2402 ac
78 2339 280 2405 Germaniae
305 2338 510 2420 civitatibus,
543 2339 711 2425 traditque
744 2339 899 2406 Albertus
930 2342 1143 2425 Argentinns,

25 2441 113 2503 ctiam
147 2439 257 2524 ipsum
287 2437 499 2502 Ludovicum
533 2441 653 2502 iterum
684 2450 829 2503 mutasse
861 2449 1004 2502 mentem
1038 2459 1143 2520 suam,

26 2559 115 2620 quum
149 2536 290 2616 audiret,
326 2535 512 2600 Bohemum
542 2548 575 2600 et
606 2536 789 2600 Henricum
809 2538 965 2622 jactasse,
1000 2537 1144 2600 invitum

26 2633 229 2698 Ludovicum
256 2637 289 2698 in
314 2634 466 2699 ordinem
490 2656 525 2699 ee
549 2633 741 2698 redacturos
758 2657 838 2700 esse.
877 2635 1020 2718 Negotia
1044 2635 1146 2718 igitur

26 2744 182 2814 protracta
211 2743 298 2814 sunt,
334 2733 440 2796 donee
469 2732 618 2797 Joaunes
641 2731 755 2814 XXII,
794 2734 1047 2816 nonagesimum
1072 2733 1145 2817 jam

24 2851 132 2912 gerens
148 2832 235 2894 vitae
260 2853 396 2913 annum,
422 2853 464 2894 ex
489 2831 552 2894 hoc
576 2830 707 2894 saeculo
732 2830 907 2894 discedens
930 2853 961 2895 a.
981 2831 1067 2895 1334
1091 2830 1145 2894 die

25 2928 55 2989 4⁰
85 2927 284 2992 Decembris
316 2930 349 2992 in
381 2951 464 3014 pace
495 2930 632 3016 quievit.
668 2966 707 2974 -
746 2928 874 3008 Quodsi
906 2929 991 2992 ratio
1021 2928 1145 3012 agendi

24 3026 160 3091 loannis
192 3029 228 3091 in
256 3027 313 3091 lite
345 3049 421 3091 cum
452 3027 626 3091 Ludovico
651 3027 782 3090 Bavaro
817 3026 1043 3112 perpenditur,
1078 3025 1145 3091 dici

24 3125 153 3210 quidem
177 3135 295 3211 potest,
329 3127 376 3188 uti
397 3115 472 3211 jam
494 3125 710 3202 advertimus,
742 3127 1036 3188 commorationem
1061 3124 1145 3188 Pon-

25 3223 112 3287 tificis
147 3225 181 3286 iu
216 3221 327 3288 Gallia
359 3222 581 3287 difficiliorem
612 3223 798 3287 reddidisse
831 3221 1147 3302 reconciliationem,

26 3345 56 3384 sc
78 3321 276 3386 Pontificem
310 3323 425 3386 stricta
450 3323 538 3407 juris
569 3323 735 3407 principia
766 3343 836 3385 esse
861 3331 1029 3393 secutum:
1064 3319 1148 3384 nihil

26 3429 126 3484 tamen
153 3421 326 3484 invenitur
349 3419 438 3484 unde
470 3421 542 3504 ipse
578 3421 694 3483 merito
725 3421 874 3484 accusari
907 3421 1025 3504 possit,
1059 3417 1149 3503 quod

26 3537 133 3599 paoem
169 3539 247 3582 cum
277 3518 453 3582 Ludovico
486 3519 571 3582 inire
599 3518 752 3595 noluerit,
792 3517 846 3581 vel
882 3517 1002 3581 idonea
1037 3515 1149 3580 media

26 3615 216 3699 neglexerit.

101 3717 158 3780 51.
190 3713 264 3778 Hoc
287 3713 359 3778 loco
383 3723 607 3798 opportunum
631 3713 694 3775 crit
717 3711 903 3793 advertere,
929 3714 964 3776 in
989 3711 1148 3774 diuturna

26 3809 72 3874 illa
92 3813 185 3877 lucta
209 3813 296 3876 iuter
310 3810 524 3875 Ludovicum
543 3811 709 3874 llavarum
735 3819 768 3872 et
790 3829 941 3873 summos
955 3807 1147 3888 Pontifices,

29 3912 205 3974 niaximum
229 3909 396 3973 influxum
420 3907 578 3972 habuisse
602 3907 736 3972 diverse
753 3909 919 3993 principia
941 3929 982 3971 ac
1005 3905 1150 3970 theoriae

28 4005 197 4094 del-indole
221 4008 358 4092 Imperii
384 4007 522 4093 ejusque
547 4005 665 4070 habitu
689 4005 732 4070 ad
757 4003 945 4069 Ecclesiam
962 4003 1150 4089 Sedemque

32 4149 231 4160 -..-...-..—-——

90 4221 111 4293 ¹)
133 4221 224 4289 Bayn.
245 4235 269 4274 a.
291 4219 369 4274 1334.
389 4234 416 4273 n.
436 4220 478 4273 23.
