2836 4848
346 452 387 507 De
405 453 524 508 Concilio
542 453 720 510 Lateranensi
739 455 787 508 tv.
1074 453 1127 508 889

30 593 157 679 frequens
179 617 293 660 sacrae
317 595 548 662 Eucharistiae
571 599 781 684 participatio
806 598 884 661 satis
909 598 943 661 in
968 620 1030 662 usu
1053 593 1125 662 fuit.

29 693 179 758 1111850
203 693 351 777 synodus
368 694 570 760 Turonensis
589 697 691 782 jussit
706 695 820 761 fideles
843 694 960 760 saltem
984 704 1035 759 ter
1049 717 1123 782 quo·

28 793 64 853 ris
82 812 163 854 anno
186 791 231 854 ad
255 813 382 856 sacram
408 795 676 860 communionem
701 793 869 858 accedere.
909 792 993 856 Inde
1017 815 1037 856 1
1061 815 1128 857 111.

27 890 81 954 etilo
102 889 230 954 decimo
254 912 351 976 porro
375 891 580 977 frequentior
610 892 770 958 laicorum
795 891 983 957 communio
1016 889 1127 954 admo.

26 986 86 1050 dnm
106 989 283 1052 imminuta
307 999 365 1069 ost,
394 1012 563 1077 quumque
587 1002 720 1077 propter
743 991 928 1076 iniquitatis
951 986 1125 1054 abundan-

25 1087 84 1148 tiam
106 1085 339 1170 refrigescente
368 1091 504 1154 caritate
537 1091 726 1172 multorum,
754 1090 825 1175 jam
849 1098 961 1173 torpor
992 1088 1125 1152 111111-

24 1193 113 1246 nestus
136 1186 243 1268 magis
274 1187 446 1271 magisque
476 1187 704 1269 invalesceret,
736 1189 903 1272 sapienter
936 1183 1122 1249 Concilium

24 1278 223 1346 lateranense
247 1281 379 1348 decreto
404 1307 463 1349 suo
487 1288 612 1366 statuit,
637 1295 674 1350 ut
696 1287 809 1350 stricta
833 1282 1035 1367 obligatione
1058 1305 1124 1347 om·

23 1399 65 1440 uos
90 1389 280 1444 tenerentur
311 1381 426 1446 saltem
458 1383 559 1448 semel
589 1385 624 1448 in
653 1405 755 1465 anno,
789 1393 935 1474 tempore
964 1379 1122 1467 paschali,

22 1497 125 1540 acram
148 1479 420 1544 communionem
446 1481 660 1567 suscipere.²)

89 1573 138 1640 88.
179 1575 234 1640 De
259 1579 448 1663 praecipuis
471 1577 657 1644 Innocentii
681 1579 734 1642 III
762 1579 863 1662 gestis
887 1577 1125 1658 disseruimus3
1194 1602 1239 1631 nro

21 1691 50 1731 ex
70 1671 159 1738 dictis
183 1684 297 1738 autem
331 1674 506 1760 colligitur,
539 1685 664 1762 quanto
694 1675 794 1740 fuerit
825 1674 924 1760 hujus
954 1673 1126 1738 Pontificis

21 1767 44 1830 in
63 1769 206 1836 Ecclesia
230 1771 448 1856 gubernanda
471 1773 613 1856 solertia,
638 1773 745 1859 qualis
760 1772 872 1837 fervor
894 1775 930 1836 in
954 1771 1123 1836 dilatando

19 1887 97 1948 regno
113 1867 239 1934 Christi
256 1871 290 1934 in
304 1873 410 1952 terris,
437 1882 562 1956 quante
585 1870 771 1937 sollicitudo
795 1892 855 1957 pro
880 1869 986 1934 salute
1011 1869 1125 1955 populi

19 1963 176 2050 christiani,
203 1978 330 2054 quanta
350 1971 384 2032 in
401 1979 504 2034 totam
521 1972 723 2052 societatem,
748 1970 782 2033 in
800 1989 894 2052 reges
910 1977 943 2031 et
958 1968 1126 2053 principes

18 2067 181 2129 auctoritas.
225 2065 290 2131 Sed
315 2077 527 2152 praematura
551 2077 657 2134 morte
680 2066 836 2132 Pontifex
859 2065 954 2130 brevi
978 2075 1053 2151 post
1076 2087 1123 2128 ce·

18 2155 155 2226 lebratum
182 2161 371 2228 Concilium
387 2164 613 2230 Lateranense
629 2163 788 2251 abreptus
804 2175 863 2228 est.
905 2163 1020 2244 Quum
1036 2165 1124 2227 enim

19 2271 127 2342 propter
149 2262 409 2326 subventionem
439 2272 546 2327 terrae
570 2273 714 2344 sanctae,
739 2265 826 2327 inter
850 2263 953 2344 Pisas,
977 2261 1124 2325 Januen·

18 2375 54 2418 sce
77 2369 106 2422 et
127 2358 372 2443 Longobardos
404 2359 572 2426 discordes
607 2383 724 2447 pacem
757 2360 1003 2440 conciliaturus,
1031 2357 1125 2423 Pisas

18 2455 157 2534 proficisci
182 2457 385 2541 intenderet,
409 2461 444 2524 in
468 2460 587 2524 itinere
612 2461 812 2523 constitutus
840 2457 929 2544 apud
953 2458 1125 2522 Perusiam

18 2547 87 2615 febre
109 2565 281 2640 correptus
306 2566 365 2636 est,
390 2566 423 2620 et
446 2557 501 2620 die
528 2557 588 2622 16⁰
607 2556 690 2622 Julii
715 2558 794 2621 anni
821 2557 906 2621 1216
929 2554 972 2620 ad
996 2554 1125 2624 coelum

19 2651 160 2730 nigrmit.
210 2651 278 2733 Qui
302 2656 458 2719 universo
483 2655 554 2719 orbi
571 2656 750 2721 christiano
775 2656 891 2740 ingens
915 2655 966 2718 sui
991 2652 1116 2717 deside·

18 2747 81 2811 riom
103 2749 256 2838 reliquit3
289 2754 481 2817 meritorum
514 2763 625 2817 antem
657 2753 728 2838 ejus
756 2752 860 2837 glorie
892 2773 931 2816 ac
962 2751 1122 2814 memoria

18 2845 186 2924 perdurabit
210 2852 374 2936 usquein
398 2849 604 2916 saeculorum
626 2851 767 2932 finem.²)
794 2887 831 2898 —
859 2849 957 2930 Quod
982 2849 1025 2914 ad
1049 2848 1120 2934 ejus
1162 2931 1171 2950 ⁹

100 3013 153 3020 ιι..
179 3015 203 3020 --

73 3101 88 3154 'r
104 3100 204 3154 Mirum
224 3105 274 3166 111,
292 3115 326 3155 11
344 3100 521 3155 aetateetiam
549 3101 577 3154 in
606 3100 743 3154 ordinibus
772 3098 908 3168 religiosis
935 3099 1024 3153 minus
1064 3097 1118 3150 ire·

17 3189 117 3238 tuentem
136 3181 224 3235 tuisse
241 3197 334 3236 sacrae
352 3181 533 3236 eucharistiae
551 3197 636 3236 nsum.
673 3183 698 3235 A
717 3180 793 3234 laicis
818 3195 883 3234 vero
901 3179 943 3233 vel
963 3178 1051 3246 ipsum
1070 3177 1114 3232 ds·

16 3266 96 3312 tutum
113 3261 230 3316 Consilii
247 3261 440 3316 Latersnensis
457 3261 544 3317 medio
563 3277 630 3316 sero
649 3261 720 3316 haud
738 3262 806 3316 satis
831 3260 1003 3314 observatum
1021 3257 1115 3322 inime,

16 3336 131 3408 alligitur
147 3357 182 3397 ex
195 3341 288 3397 verbis
296 3341 419 3396 Durandi
437 3343 483 3410 qni
496 3341 606 3410 scripsit
617 3342 729 3396 ineunte
741 3340 848 3395 saeculo
858 3339 938 3395 XIV:
960 3339 1115 3406 ,Postremo

17 3429 63 3470 tero
73 3423 266 3491 refrigescente
277 3423 421 3477 devotione
432 3423 587 3488 multorum,
600 3421 702 3476 statuit
714 3421 890 3476 Innocentius
903 3420 954 3486 Ill,
973 3427 1006 3474 nt
1017 3419 1115 3474 saltem

17 3500 78 3552 end
93 3501 119 3555 in
137 3520 220 3569 anno,
238 3502 343 3558 scilicet
361 3502 390 3556 in
409 3502 536 3569 paschate
555 3502 646 3558 fideles
665 3501 868 3566 communicent,
888 3507 917 3555 et
936 3499 1023 3554 adhuc
1041 3493 1124 3568 ponci

18 3575 195 3640 ureninntnr.“
229 3581 277 3638 tv.
302 3581 374 3636 Dist.
403 3583 444 3636 12.
471 3597 515 3648 qu.
535 3581 561 3636 3.
597 3582 638 3637 111
656 3581 705 3636 boo
723 3589 893 3650 argumento,
924 3581 994 3649 qnod
1012 3584 1119 3647 spectat

18 3655 171 3724 frequentiam
195 3662 389 3718 communionis
408 3663 493 3716 variis
516 3662 638 3727 saeculis,
670 3661 775 3716 erudito
802 3663 865 3731 agit
882 3660 1047 3731 Dalgairus:
1078 3659 1120 3713 La

19 3738 85 3796 *unte
100 3743 267 3798 communion
286 3749 346 3808 eto,
366 3744 465 3812 (versio
479 3743 585 3798 Gallica
603 3744 682 3798 Paris
697 3743 784 3808 18681,
802 3743 876 3798 Tom.
897 3743 918 3800 I.
939 3742 986 3796 Ch.
1006 3741 1054 3799 Vl.
1075 3739 1124 3795 Hi·

19 3821 80 3876 stoire
96 3824 126 3878 de
143 3825 171 3879 11
191 3824 378 3882 communion.

71 3921 145 3986 ‘lile
162 3922 269 3978 visione
292 3939 313 3977 s.
332 3923 487 3991 Lndgardis
513 3939 530 3974 1
547 3921 650 3976 Thomu
669 3921 878 3990 Osntiprotensc
902 3921 931 3976 in
957 3920 1033 3975 illius
1058 3919 1118 3974 vita

20 3999 92 4060 stan,
116 4019 167 4071 qna
194 4004 368 4072 conspexerit
387 4003 575 4058 Innocentium
593 4001 635 4056 111
663 4001 816 4071 purgatorii
844 4001 937 4069 poeuis
965 4001 1107 4056 detentum

21 4078 69 4132 tide.
90 4083 109 4136 si
133 4084 230 4153 placet,
249 4084 376 4138 Rainaldi
397 4084 516 4138 Annales
541 4083 574 4136 sd
598 4098 622 4138 1.
647 4083 714 4136 tate
738 4097 783 4139 nn.
806 4084 837 4136 ll
857 4095 913 4148 sqq.
934 4081 1048 4136 Illusnm
1066 4080 1117 4133 buo

21 4157 167 4220 inussisse
184 4165 247 4232 piae
265 4165 305 4219 illi
326 4163 440 4226 mulieri,
460 4164 568 4217 innota
586 4162 684 4216 ibidem
704 4161 850 4216 additslll.
864 4161 953 4216 Monsi
971 4161 1116 4216 ostendere

22 4249 75 4292 nm
90 4251 134 4297 est.
