2868 4844
302 488 355 543 308
581 485 707 543 XXXIV.
732 486 772 540 De
791 485 910 539 Concilio
928 485 1141 544 constantiensi.

302 653 400 720 quem
423 631 586 696 habemus
610 640 646 694 ut
669 651 785 693 verum
802 629 1007 712 Pontificem,
1032 629 1256 695 characterem
1282 629 1403 696 Consilii

301 730 464 815 generalis
493 727 654 793 tributum
683 749 770 802 essc;
805 726 863 792 sed
894 736 968 813 post
998 726 1246 793 abdicationem
1271 727 1404 812 Gregorii

296 828 368 913 jam
393 827 567 891 deficiente
585 823 711 911 Capite,
737 825 959 890 celebratione
983 828 1236 890 oecumenicum
1262 848 1323 890 non
1339 841 1405 891 erat.

300 928 379 992 Post
402 925 596 990 electionem
621 945 698 988 vero
717 925 851 988 Martini
870 923 899 986 V
925 945 1002 987 vere
1026 927 1278 989 oecumenicum
1295 927 1360 1004 suit
1382 938 1407 986 et

300 1023 545 1090 conclusionem
570 1025 668 1087 etiam
693 1045 733 1086 ac
757 1023 1041 1086 confirmationem
1059 1023 1200 1088 Consilii
1217 1025 1406 1088 oecumenici

300 1122 428 1189 habuit.

836 1563 895 1625 11.

381 1721 445 1784 De
468 1719 644 1785 aceruis
666 1719 871 1786 Sassinate
893 1723 1070 1798 quartae
1092 1725 1131 1782 ct
1153 1721 1338 1800 nauatae.

392 1906 443 1972 22.
483 1905 626 1969 Decreta
650 1926 735 1989 quae
760 1907 793 1968 in
819 1903 960 1969 Consilii
986 1903 1253 1972 Constantiensis
1278 1911 1409 1972 sessione

243 1986 264 2014 ⁵'
303 2014 420 2089 quarta
437 2013 469 2066 et
484 2003 601 2088 quinta
625 2003 759 2066 condita
774 2002 876 2083 fuere,
903 2013 1015 2088 postea
1032 2025 1187 2087 magnam
1201 2007 1322 2092 adepta.
1345 2017 1407 2068 sum
1432 2047 1433 2058 η

301 2101 536 2182 celebritatem,
569 2122 611 2163 ex
635 2103 920 2190 argumentatione
945 2122 1057 2164 eorum
1082 2103 1138 2187 qui
1164 2104 1406 2168 contendebant.

300 2198 485 2263 Concilium
517 2197 672 2282 generale
703 2220 772 2262 esse
807 2219 906 2284 supra
940 2199 1126 2264 Romanum
1159 2200 1354 2266 Pontificem
1384 2215 1407 2262 et

298 2295 389 2361 hunc
426 2299 455 2360 ei
495 2295 676 2380 subjacere.
728 2295 766 2358 In
801 2295 1024 2360 declaratione
1061 2319 1147 2383 quae
1182 2299 1306 2363 dicitur
1332 2299 1407 2364 Cleri

298 2393 463 2460 Gallicani
495 2417 524 2458 a.
562 2393 646 2458 1682
680 2393 886 2458 statuebatur
922 2393 993 2458 Ast.
1018 2393 1068 2458 II:
1104 2395 1157 2460 Sic
1187 2409 1291 2461 autem
1321 2401 1408 2461 inesse

298 2491 501 2580 Apostolicae
516 2491 592 2556 Sedi
608 2516 644 2555 ac
660 2491 748 2554 Petri
759 2489 996 2570 successoribus,
1026 2489 1145 2558 Christi
1159 2496 1302 2576 amasiis,
1319 2517 1407 2559 seran

298 2585 514 2678 spiritualium
533 2589 664 2678 plenam
681 2599 882 2675 potestatem,
915 2601 950 2653 at
978 2591 1072 2654 simul
1095 2591 1226 2656 ualeant
1251 2603 1340 2679 utque
1363 2595 1407 2654 im·

297 2701 382 2753 mota
405 2689 579 2753 coassistaat
610 2699 739 2751 sauctae
773 2690 985 2751 oecumenicae
1009 2687 1132 2776 Quadi
1158 2687 1410 2756 Constantianus.

297 2812 318 2850 a
342 2785 421 2851 Sede
446 2785 631 2872 Apostolica
656 2783 869 2870 comprobata,
900 2786 1029 2871 ipsoque
1053 2788 1270 2852 Romanos-um
1294 2787 1408 2853 Pantil-

296 2909 365 2949 cam
394 2909 431 2950 uc
459 2886 554 2948 totius
581 2883 742 2946 Ecclesiae
773 2907 832 2946 usu
862 2884 1061 2967 confimaata,
1094 2897 1187 2971 atque
1219 2886 1259 2950 ab
1292 2886 1432 2980 ecclesio¹

300 2981 476 3048 Gallicana
493 2991 652 3069 petasatus
674 2981 827 3066 reli9ioae
850 2981 1008 3046 custodita
1031 2983 1158 3048 demeto
1180 2985 1219 3048 de
1233 2987 1409 3050 armonica
1431 2991 1432 3008 ¹

300 3081 511 3147 Caecilianam
533 3079 737 3166 generalium,
761 3103 840 3166 quaa
864 3084 1001 3145 sessione
1025 3095 1139 3167 quartu
1163 3095 1194 3146 et
1215 3087 1327 3170 acuatu
1347 3105 1432 3150 ‹toa-¹

296 3181 446 3258 ineatur,
476 3202 532 3242 uec
559 3177 697 3265 probari
725 3201 746 3241 a
774 3176 949 3242 Gallicana
981 3179 1121 3260 ccclesia,
1155 3184 1210 3266 qui
1240 3205 1343 3247 aarum
1365 3181 1407 3242 dr·
1431 3225 1432 3232 κ

296 3287 457 3359 cratonum,
481 3275 701 3362 quuaiclubiae
725 3277 790 3340 siat
813 3277 1015 3341 auctoritatis
1038 3299 1075 3342 ac
1099 3280 1204 3344 minam
1227 3279 1410 3367 approbato.

294 3375 392 3439 robur
420 3376 616 3460 infaiuyuut,
657 3385 713 3438 aut
752 3373 796 3438 ad
826 3375 926 3438 salum
959 3377 1135 3442 schismatis
1173 3388 1296 3464 tempus
1329 3377 1408 3440 dicta

295 3473 488 3559 detorquent.
537 3473 582 3537 Ut
612 3473 713 3556 igitur
743 3471 785 3535 de
816 3471 867 3536 bis
899 3473 1040 3538 decretis
1063 3475 1232 3560 judicium
1264 3477 1408 3540 ieramus.

293 3573 438 3656 primum
464 3569 595 3634 decreta
619 3571 691 3655 ipsa
715 3591 947 3655 proponemus,
973 3571 1049 3636 dein
1075 3595 1117 3636 an
1133 3575 1312 3638 auctoritas
1335 3573 1412 3658 ipsis

295 3669 374 3732 insit
397 3667 676 3732 examinabimus.

383 3767 437 3832 23.
485 3765 595 3847 Quum
635 3767 782 3830 loannes
820 3766 941 3831 XXIII
992 3767 1187 3832 Constantia
1225 3769 1411 3853 aufugisset.

294 3867 437 3929 sessione
470 3865 576 3946 tasilo,
614 3865 662 3927 uti
696 3863 852 3946 vidimus,
891 3864 1096 3930 declaratum
1128 3867 1208 3949 fuit,
1244 3867 1407 3953 Synodnm

294 3963 510 4027 nihilominus
544 3962 802 4026 continuandam
836 3985 916 4028 esse.
972 3963 1125 4029 Sessione
1156 3975 1266 4030 sutem
1297 3983 1408 4050 quarta

294 4071 327 4126 et
350 4063 466 4147 quinta
490 4059 664 4124 interulis
688 4059 770 4124 haec
795 4060 884 4126 edita
908 4061 1000 4128 luere
1025 4063 1178 4128 decreta:
1203 4065 1431 4146 Haecsancta

294 4159 442 4248 Synodm
468 4157 731 4236 Constantianus,
763 4160 908 4245 neutrale
935 4157 1108 4226 Concilisam
1129 4161 1259 4246 faciens
1276 4183 1340 4246 pro
1365 4185 1407 4224 er·

294 4258 483 4343 stirpatioae
498 4257 601 4342 iamim
612 4258 788 4320 schismatis
804 4268 833 4320 et
848 4259 963 4322 scaione
978 4269 1007 4322 ct
1021 4258 1245 4344 resonantiam
1255 4257 1404 4322 Ecclesia
1430 4257 1431 4338 }
