2814 4848
298 465 352 519 436
495 465 624 519 XXVIII.
644 465 683 519 De
702 469 778 518 stetu
797 464 935 518 societatis
954 464 1045 519 christ.
1064 482 1134 522 saec.
1154 467 1231 522 XIII.

300 608 484 694 dissipavit.
531 609 630 672 Anno
658 609 743 672 1234
767 608 960 672 Ludovicus
981 608 1031 673 IX
1055 633 1192 675 uxorem
1217 613 1307 676 drrxit
1327 615 1393 676 llar-

298 709 450 792 garitam,
476 709 605 770 comitis
628 707 828 770 Provinciae
851 705 965 788 filiam,
990 717 1089 792 atque
1115 710 1193 773 inde
1216 710 1258 774 ab
1281 735 1307 775 a.
1327 711 1398 774 12311

299 808 391 891 regui
415 806 690 889 gubernationem
708 807 862 891 suscepit,
887 807 1040 890 quamvis
1056 807 1127 892 ejus
1144 821 1248 872 mater
1263 832 1398 894 magron

299 914 510 968 conservaret
541 905 576 968 iu
606 926 658 967 res
688 901 839 988 publicas
870 903 1047 968 inflexum.
1107 906 1250 990 Pietate,
1279 909 1398 993 justitia

298 1001 596 1066 administrationis
631 1001 808 1087 prudentIa
843 1024 882 1064 ac
918 1000 1037 1064 bellica
1071 1001 1266 1069 fortitudine
1301 999 1398 1070 clarus}

298 1098 492 1163 Ludovicus
515 1100 567 1164 IX
595 1109 664 1162 tum
689 1097 777 1184 apud
803 1119 953 1179 coaevos,
985 1109 1054 1162 turn
1079 1101 1168 1186 aliud
1194 1117 1343 1187 postenrs,
1364 1107 1398 1176 iu«,

299 1199 392 1281 signe
424 1219 545 1262 nomen
579 1198 829 1282 sanctitatisque
859 1197 996 1279 gloriam
1030 1201 1227 1284 acquisivit,
1263 1206 1398 1292 regnique,

298 1297 508 1382 prosperitati
534 1318 573 1358 ac
597 1294 767 1380 religionis
795 1295 957 1380 profectui
987 1297 1230 1381 sapientissime-
1264 1301 1398 1400 providit

387 1395 441 1459 59.
475 1390 742 1456 Commemorare
766 1391 821 1455 hic
840 1391 977 1479 juvabit
999 1395 1228 1479 expeditiones
1260 1402 1388 1462 cruciata

223 1547 229 1559 .
298 1492 341 1557 ab
375 1495 446 1577 ipso
476 1501 654 1575 susceptas.
720 1490 831 1570 Quum
864 1491 1021 1556 videlicet
1050 1515 1074 1556 s.
1109 1493 1304 1560 Ludovicus
1333 1521 1386 1560 ann

300 1593 386 1656 1244
411 1614 453 1655 ex
475 1590 670 1674 gravissImo
696 1588 809 1652 morbo
825 1588 1056 1672 convaluisset,
1082 1615 1175 1656 sacro
1201 1593 1287 1659 bello
1312 1621 1342 1659 sc
1364 1597 1380 1658 d

297 1691 401 1771 vovit,
427 1699 458 1752 et
481 1711 500 1751 a
524 1688 703 1751 Parisiensi
728 1688 882 1771 episcopo
907 1691 1036 1772 accepit
1060 1691 1168 1754 crucis
1193 1695 1333 1777 insigne.
1362 1698 1383 1756 ,1

297 1811 421 1852 annum
452 1808 557 1871 usque
585 1785 668 1849 1248
698 1787 781 1869 regii
806 1787 874 1848 voti
903 1789 1132 1850 executionem
1165 1789 1387 1856 domesticonn

298 1889 502 1970 negotiorum
528 1885 707 1948 necessitas
724 1883 926 1955 retardavit„
962 1884 1025 1947 His
1041 1906 1118 1949 vero
1143 1888 1204 1951 rite
1219 1893 1395 1976 compositis¹

297 2007 326 2048 a.
355 1985 439 2048 1248
463 1983 599 2046 Parisiis
633 1980 783 2043 discessit
813 2003 888 2044 cum
920 1983 1061 2067 conjuge
1092 1983 1287 2070 Margarita,
1318 1983 1398 2062 tribul

298 2081 463 2161 fratribus,
495 2079 648 2160 Roberto,
681 2078 798 2144 Carolo
823 2089 855 2142 et
878 2079 1064 2164 Alphoas0,
1096 2105 1136 2145 ac
1166 2106 1343 2152 numeroso
1366 2077 1398 2160 nl

296 2163 411 2244 biliam
440 2180 608 2258 comitatu,
632 2179 726 2262 regni
751 2181 981 2262 procuratione
1006 2183 1101 2243 matri
1126 2182 1276 2248 Blancae
1301 2171 1398 2264 relicnl

299 2277 410 2358 Quum
435 2286 651 2341 auctumnum
685 2287 718 2338 et
747 2275 890 2339 hiemem
923 2278 956 2339 in
987 2275 1096 2363 Cypro
1129 2281 1236 2345 insula
1275 2265 1398 2354 consnnl

297 2377 423 2461 panset,
449 2397 524 2438 cum
550 2397 608 2438 sua
632 2373 775 2458 denique
800 2373 902 2436 classe
926 2377 960 2438 in
986 2375 1177 2461 Aegyptum
1202 2381 1348 2446 feliciter
1369 2371 1398 2462 dd

296 2475 392 2554 latus,
416 2475 608 2538 Damiatam
635 2473 723 2535 circa
746 2471 973 2536 Pentecostem
998 2476 1076 2536 anni
1105 2477 1190 2538 1241)
1215 2463 1398 2565 expugnarl

296 2583 329 2635 et
352 2573 537 2657 occupavit.
595 2571 684 2633 Hiuc
709 2591 821 2633 menso
845 2570 1027 2634 Novembri
1062 2595 1208 2654 movens,
1240 2580 1326 2641 satis
1355 2559 1398 2644 rel

294 2692 450 2756 prospere
473 2671 573 2754 gessit
596 2669 731 2732 Cairum
757 2669 934 2752 petiturus3
960 2670 1017 2733 sed
1042 2692 1142 2755 quum
1168 2675 1330 2758 pestifera
1354 2649 1398 2740 luel

293 2770 327 2832 in
353 2769 467 2832 castris
492 2776 562 2831 orta
586 2776 618 2830 et
641 2767 805 2830 exercitus
829 2767 917 2831 illius
940 2767 983 2831 ab
1008 2767 1158 2834 hostibus
1183 2771 1339 2858 undiquc
1363 2763 1398 2850 cil

295 2876 492 2930 cumventus
523 2874 555 2928 et
578 2887 692 2928 caesus
721 2865 848 2943 fuisset,
883 2867 952 2949 ipse
983 2888 1057 2930 cum
1091 2867 1221 2932 duobus
1253 2863 1398 2934 fratribul

295 2964 452 3053 (Roberto
487 2963 608 3046 caeso)
645 2985 665 3025 a
696 2963 870 3027 Saracenis
905 2963 959 3026 die
990 2965 1028 3026 5⁰
1060 2965 1186 3049 Aprilis
1219 2971 1305 3032 anni
1343 2957 1398 3032 mil

297 3073 413 3148 captus
437 3073 494 3126 est.
542 3060 596 3124 Ad
620 3059 848 3124 redimendam
878 3063 1043 3146 propriam
1075 3060 1263 3130 libertatem
1291 3053 1398 3136 DamiI

299 3171 365 3224 tam
389 3161 559 3224 restituere
583 3157 720 3222 adactus
744 3168 800 3238 est,
827 3180 884 3242 pro
901 3157 1036 3243 reliquis
1053 3162 1194 3244 captivis
1210 3163 1335 3246 iugens
1358 3155 1398 3248 prl

298 3260 381 3320 tium
415 3257 526 3338 solvit,
558 3279 598 3320 ac
626 3257 708 3319 inito
741 3257 915 3318 armistitio
941 3256 1128 3336 decennali,
1160 3258 1323 3324 dimissus
1355 3257 1398 3328 ful

299 3355 430 3420 Deinde
459 3356 589 3418 transiit
617 3356 650 3417 in
680 3353 918 3434 Palaestinam,
950 3353 1006 3417 ubi
1032 3353 1130 3418 rebus
1155 3353 1398 3434 Christianornt

299 3463 478 3538 utcumque
512 3452 692 3534 consuluit,
725 3451 846 3528 donec,
879 3453 1011 3535 cognita
1042 3463 1145 3516 morte
1170 3441 1304 3537 matris,
1341 3453 1398 3522 and

302 3553 386 3615 1254
410 3554 443 3615 in
468 3549 610 3615 Galliam
635 3551 743 3613 rediit.
768 3587 809 3596 —
835 3549 959 3612 Verum
978 3551 1045 3612 voti
1063 3552 1112 3613 sui
1135 3549 1338 3634 religionem
1357 3553 1398 3617 nel

299 3650 378 3714 dum
392 3649 572 3712 exsolvisse
588 3647 651 3710 sibi
668 3649 770 3727 visus,
786 3668 873 3710 anno
891 3647 975 3710 1267
992 3669 1066 3710 cum
1081 3647 1187 3712 tribus
1198 3649 1278 3714 filiis
1293 3671 1398 3718 crucct

299 3769 431 3811 emanu
447 3747 592 3812 Simonis
609 3743 796 3809 Cardiualis
807 3743 908 3828 legati
921 3746 1075 3829 suscepit,
1093 3757 1124 3808 ct
1140 3769 1169 3812 a.
1184 3749 1273 3812 1270
1289 3751 1326 3813 in
1344 3750 1398 3812 rit'l

299 3867 459 3909 camcum
485 3845 588 3930 copiis
602 3852 808 3906 transvectus
830 3853 887 3923 est,
912 3842 1079 3906 Tunetum
1103 3857 1374 3929 expugnaturus.
1394 3863 1398 3910 1

298 3942 376 4006 inde
389 3946 423 4006 in
435 3953 555 4005 terram
569 3953 717 4006 sanctam
734 3941 895 4004 transiret.
922 3941 1011 4004 Atin
1028 3953 1123 4025 portu
1136 3941 1319 4008 Tunetunc
1336 3943 1398 4010 mul

298 4039 419 4104 milites
435 4049 467 4104 et
482 4040 552 4124 ipse
567 4061 626 4102 rex
642 4038 756 4102 eodem
774 4059 862 4102 anno
881 4038 967 4102 1210
983 4038 1171 4122 pestilentia
1195 4040 1322 4106 sublati
1343 4063 1398 4116 suu

297 4138 467 4224 Philippus
490 4138 547 4200 III
568 4136 734 4201 Ludovici
768 4135 855 4200 filius
879 4147 911 4199 et
934 4157 1111 4220 successor,
1143 4137 1302 4225 illiusque
1328 4141 1398 4204 frat

299 4233 434 4299 Carolus
458 4257 518 4299 rex
541 4233 685 4318 Siciliae,
710 4233 831 4300 Tuneti
856 4233 1062 4298 obsidionem
1087 4237 1347 4316 continuarunt3
1373 4253 1398 4302 st
