3000 4838
275 495 292 550 8
463 495 566 550 XXHI.
585 495 626 550 De
644 501 720 551 statu
738 494 838 550 Euclea
857 494 942 563 priori
960 493 1047 549 medio
1065 509 1134 550 saec.
1153 492 1215 548 XII.

276 636 440 703 inferioris
463 637 700 724 Lotharingiae
724 639 804 705 dux.
851 637 1087 724 Gallipolitano
1111 637 1193 701 freto
1217 636 1399 723 transjecto

275 737 435 800 Nicaeam
451 735 630 820 Bithyniae
654 737 771 802 urbem
795 739 981 822 prinoipem
1004 755 1091 800 anno
1118 735 1202 800 1097
1228 755 1397 819 expugna-

275 844 404 898 verunt
451 833 535 906 Inde
563 856 622 920 per
643 834 760 899 Asiam
788 837 950 898 minorem
973 835 1009 898 in
1032 832 1164 918 Syriam
1187 832 1397 920 proficiscen·

276 943 342 1014 tes,
374 953 461 997 anno
488 931 810 998 lOOS-Antiocbiam
837 941 1012 1018 ceperunt',
1049 933 1149 1017 quam
1181 952 1256 995 oum
1288 939 1398 995 tractu

275 1051 334 1096 suo
364 1028 583 1095 Bohemundo
617 1030 760 1116 Apuliae
793 1031 870 1094 duci
908 1029 1142 1116 possidendam
1176 1027 1400 1094 tradiderunt.

276 1129 362 1193 Tum
386 1126 547 1191 Edessam
571 1129 752 1192 Armeniae
782 1127 898 1192 urbem
922 1136 1137 1212 occuparunt,
1170 1127 1271 1211 cujus·
1294 1125 1397 1190 domi·

277 1246 356 1289 num
385 1235 540 1288 crearunt
566 1223 769 1289 Balduinum
802 1223 978 1290 Godefridi
1011 1223 1146 1288 fratrem
1183 1243 1399 1309 germanum

276 1322 412 1387 tandem
435 1343 521 1386 anno
549 1321 634 1387 1099
658 1322 922 1406 Hierosolymam
947 1322 1165 1386 inditionem
1189 1342 1281 1384 suam
1306 1320 1399 1385 rede·

276 1429 405 1505 gerunt,
444 1441 510 1504 qua
545 1420 580 1484 in
615 1419 698 1483 urbe
731 1422 810 1484 novi
834 1422 927 1504 regni
952 1418 1246 1504 Hierosolymitani
1284 1417 1399 1482 sedem

277 1517 489 1598 collocarunt,
518 1527 551 1581 et
574 1514 793 1582 Godefridum
817 1539 929 1601 regem
953 1518 1205 1582 constituerunt.
1236 1553 1278 1564 -—
1313 1513 1398 1581 Sub·

278 1613 491 1701 sequentibus
515 1615 615 1678 etiam
638 1615 735 1678 annis
758 1616 853 1679 varia
883 1616 944 1679 sub
973 1616 1075 1679 variis
1099 1614 1240 1679 ducibus
1263 1614 1403 1700 agmina

278 1715 312 1777 in
336 1711 507 1778 Orientem
530 1710 752 1793 advenerunt,
787 1721 819 1776 et
842 1733 981 1796 regnum
1005 1711 1268 1777 Christianorum
1293 1711 1404 1796 magis

276 1811 444 1874 firmatum
468 1819 526 1874 est
574 1809 772 1874 Hierarchia
795 1831 926 1895 quoque
956 1809 1180 1875 ecclesiastica
1203 1811 1237 1874 in
1263 1809 1326 1875 illis
1350 1831 1399 1873 re-

276 1906 432 1993 gionibus
455 1907 629 1973 Saracenis
653 1910 773 1993 ereptis
797 1907 955 1995 disposita
978 1908 1050 1974 fuit.
1088 1908 1270 1973 Daibertus
1293 1906 1400 1972 archi-

278 2009 453 2092 episcopus
468 2005 610 2070 Pisanus
633 2007 830 2070 constitutus
854 2016 903 2071 est
925 2008 1051 2092 primus
1074 2005 1263 2092 patriarcba
1283 2006 1403 2068 Hiero*

279 2103 496 2189 solymitauus
525 2102 657 2186 latinus,
687 2102 878 2168 Bernardus
906 2106 1079 2190 episcopus
1104 2104 1340 2168 Ambracensis
1364 2104 1403 2166 in

279 2203 392 2288 Epiro,
417 2211 547 2264 creatus
571 2200 760 2286 patriarcha
783 2201 1024 2284 Antiochenus.

370 2300 422 2364 10.
468 2297 647 2384 Expeditio
682 2300 790 2384 prima
834 2302 981 2364 cruciata
1018 2299 1120 2364 veluti
1156 2297 1325 2384 exemplar
1360 2317 1405 2361 ac

278 2399 362 2462 ratio
386 2397 449 2460 fuit
471 2395 621 2476 aliarum,
654 2418 740 2482 quae
764 2397 905 2462 decursu
938 2398 1077 2464 duorum
1101 2399 1170 2462 fere
1194 2395 1406 2462 saeculorum

279 2497 371 2560 vario
402 2515 555 2559 successu
586 2494 629 2559 ad
661 2495 906 2560 defendendam
930 2497 1066 2561 Terram
1091 2507 1239 2560 sanctam
1263 2519 1284 2558 a
1308 2492 1406 2558 Chri·

279 2593 394 2656 stianis
419 2601 647 2678 recuperatam
670 2603 842 2678 susceptae
872 2592 975 2658 fuere.
1022 2593 1223 2679 Singillatim
1251 2615 1307 2658 eas
1330 2614 1404 2678 pro-

279 2692 371 2776 sequi
397 2711 462 2755 non
487 2699 596 2755 vacat.
621 2727 664 2738 —
688 2689 755 2755 Sed
779 2711 1037 2756 commemorare
1055 2693 1165 2778 juvat,
1197 2690 1284 2756 bella-
1307 2712 1409 2755 sacra

280 2789 379 2853 etiam
404 2789 612 2852 occasionem
636 2787 748 2870 fuisse,
774 2797 810 2852 ut
832 2789 968 2854 Ordines
992 2802 1148 2876 equestres
1171 2789 1406 2872 conderentur,

279 2907 420 2973 quorum
443 2887 614 2972 praecipui
637 2884 772 2950 fuerunt
795 2897 861 2951 tres
886 2887 931 2951 illi
957 2889 1120 2952 notissimi
1147 2885 1408 2974 Hospitaliorum

279 3005 304 3049 s.
329 2985 480 3063 loannis,
517 2981 770 3070 Templarioram
793 2996 826 3048 et
852 2986 1102 3050 Teutonicorum.
1151 2987 1317 3051 Ordinum
1347 2983 1406 3048 ho·

278 3103 353 3146 rum
384 3083 545 3146 institutio
577 3081 641 3145 fuit
671 3081 851 3147 admodum
883 3085 939 3169 pia
970 3097 1003 3148 et
1031 3086 1162 3170 utrique
1187 3081 1404 3170 reipublicae,

279 3178 371 3244 civili
396 3188 428 3242 et
451 3178 694 3243 ecclesiasticae
719 3178 913 3264 utilissima3
938 3181 996 3246 diu
1011 3183 1111 3246 etiam
1129 3181 1226 3246 valde
1250 3181 1409 3248 salutaris

280 3277 427 3342 influxus
458 3299 499 3341 ex
530 3276 593 3341 hac
623 3279 829 3343 institutione
863 3278 1049 3343 dimanavit
1083 3282 1117 3344 in
1154 3301 1327 3366 procerum
1363 3301 1406 3344 ao

280 3375 442 3442 nobilium
473 3374 673 3439 familiarum
704 3397 810 3440 mores
844 3399 884 3441 ac
916 3379 1084 3462 pietatem.
1134 3377 1200 3458 Qui
1224 3379 1314 3442 enim
1337 3375 1409 3442 illis

281 3472 465 3540 Ordinibus
496 3495 530 3536 se
561 3471 805 3560 adjungebant,
841 3476 1019 3561 praecipue
1053 3492 1148 3540 erant
1176 3476 1408 3542 adolescentes

280 3595 322 3636 ex
345 3569 480 3635 familiis
504 3570 671 3636 nobilibus
695 3573 768 3636 orti.
816 3574 882 3651 Oui
916 3595 1017 3658 quum
1052 3596 1093 3636 ex
1125 3575 1330 3640 saeculorum
1356 3576 1405 3639 in-

281 3668 354 3735 dole
389 3671 490 3733 armis
524 3678 556 3732 et
591 3667 689 3734 luctis
720 3682 962 3751 assuescerent,
999 3692 1119 3756 magno
1152 3674 1185 3736 in
1211 3673 1406 3738 discrimine

281 3775 384 3848 erant,
409 3789 451 3830 ne
475 3767 508 3830 in
526 3766 669 3831 ferocem
693 3768 897 3854 impietatem
922 3781 1021 3854 atque
1045 3771 1079 3834 in
1097 3768 1309 3835 libidinosam
1335 3794 1404 3836 sae·

280 3864 398 3928 vitiam
423 3885 529 3928 mores
553 3886 666 3928 eorum
692 3865 939 3949 degenerarent.
987 3867 1065 3932 dam
1082 3869 1257 3934 veredum
1281 3889 1406 3952 magno

281 3982 418 4026 numero
443 3960 627 4027 Ordinibus
651 3962 715 4028 illis
738 3985 773 4027 se
797 3961 1026 4046 accingebant,
1057 3986 1128 4028 sese
1151 3965 1407 4051 adstringebaut

281 4081 412 4145 quoque
438 4060 522 4123 votis
545 4059 708 4146 religiosis
731 4063 862 4146 piisque
886 4063 1053 4126 exercitiis
1077 4064 1138 4128 sub
1163 4065 1329 4128 communi
1355 4087 1402 4126 re·

281 4155 358 4241 gula
390 4156 526 4222 Ordinis
558 4157 616 4222 fini
650 4158 909 4223 accommodata.
956 4159 1008 4224 Ita
1041 4160 1141 4245 igitur
1171 4160 1305 4248 plurimi
1337 4161 1402 4225 viri

282 4254 409 4320 nobiles
448 4253 621 4320 ordinibus
660 4254 724 4320 illis
763 4255 937 4341 adscripti,
977 4259 1138 4323 virtutum
1175 4247 1404 4344 bonorumque
