3000 4838
442 478 481 533 De
499 478 715 547 expeditionibus
734 479 869 534 cruciatis.
1200 480 1218 534 3

122 617 210 685 dost.
233 621 270 685 B.
294 621 321 688 I.
346 621 379 686 S.
405 625 470 686 885
485 621 528 707 ff.
558 623 596 688 Β.
621 623 680 690 ΙΙΙ.
707 622 740 688 S.
765 626 840 688 252.
866 625 943 702 284,
983 623 1040 688 ubi
1072 633 1105 688 et
1133 623 1216 688 alios

119 720 271 804 scriptores
305 721 458 784 invenies
493 720 665 785 indicatos.
723 723 842 786 Varios
875 742 1006 807 quoque
1042 724 1218 808 scriptores

120 817 274 880 citabimus
299 819 369 903 ipso
395 817 645 883 Dissertationis
669 819 821 884 decursu.

639 1125 675 1188 1.

331 1257 397 1320 De
420 1258 750 1336 repraesentans
774 1258 988 1324 erectores.

187 1417 217 1480 4.
245 1416 347 1480 Haud
371 1414 518 1499 singulos
542 1415 677 1501 quidem
703 1414 863 1480 bellorum
888 1437 1054 1480 sacrorum
1080 1427 1218 1482 eventus

114 1537 287 1600 percurrere
310 1511 469 1578 hocloco
492 1512 589 1578 nobis
620 1515 823 1598 propositum
855 1523 917 1594 est3
948 1513 1007 1577 sed
1039 1514 1081 1579 de
1105 1535 1218 1579 eorum

114 1614 278 1694 sermione,
303 1621 432 1692 natura,
451 1611 591 1697 justitia,
616 1613 719 1692 exitu,
744 1610 916 1693 fructibus,
940 1612 1086 1694 generali
1109 1616 1218 1697 potius

113 1713 223 1775 ratione
254 1731 339 1796 quae
367 1711 546 1773 convenire
571 1709 729 1772 videntur
751 1709 1066 1775 animadvertemus.
1091 1749 1134 1758 -
1157 1711 1217 1776 Pa·
1234 1766 1379 1808 mom„

112 1808 255 1874 laestinae
278 1819 400 1872 terram
425 1806 560 1893 ejusque
578 1807 656 1871 'loca
680 1828 782 1888 sacra,
808 1807 886 1870 inde
902 1829 922 1870 a
938 1809 1054 1892 primis
1078 1810 1217 1874 saeculis
1250 1830 1360 1870 ansino.

112 1911 242 1972 maxime
279 1909 314 1971 in
351 1907 564 1970 veneratione
602 1904 716 1969 habita
752 1927 831 1986 esse,
871 1927 912 1969 ac
934 1905 1124 1991 frequenter
1146 1909 1219 1993 pias

111 2007 378 2090 peregrinationes
402 2026 422 2068 a
446 2001 644 2070 Christianis
667 2013 737 2066 tum
762 2002 908 2069 Orientis
931 2012 1002 2067 tum
1026 2004 1220 2071 Occidentis

109 2125 141 2168 co
162 2127 229 2168 esse
252 2114 432 2188 susceptas,
456 2123 553 2166 nemo
578 2104 707 2188 estqui
732 2103 871 2186 ignorat.
916 2101 981 2167 Sed
1006 2101 1137 2167 saeculo
1161 2125 1219 2167 un-

109 2199 225 2266 decimo
261 2223 300 2265 eo
331 2202 437 2286 magis
467 2200 579 2264 fervor
609 2199 723 2285 populi
755 2199 926 2264 christiani
955 2200 1165 2265 excitabatur
1188 2210 1220 2265 et

109 2299 245 2364 fidelium
268 2299 373 2364 animi
397 2298 439 2362 ad
465 2321 519 2362 eas
542 2300 695 2382 regiones
718 2319 789 2362 sese
810 2296 994 2378 vertebant,
1020 2299 1107 2384 quod
1127 2298 1219 2362 audi-

111 2407 179 2480 rent,
202 2396 277 2462 ioca
300 2419 394 2460 sacra
417 2406 449 2460 et
472 2407 687 2461 monumenta
710 2395 826 2460 salutis
845 2417 865 2460 a
882 2396 1056 2461 Saracenis
1080 2396 1218 2461 infideli·

109 2491 160 2559 bus
181 2495 372 2581 turpissime
395 2493 563 2580 profanari
587 2516 627 2558 ac
651 2493 779 2576 violari,
813 2505 912 2580 atque
936 2493 1056 2557 duritie
1080 2495 1218 2558 immani

105 2603 168 2657 turn
197 2591 323 2658 incolas
354 2601 425 2656 tum
457 2594 649 2678 peregrinos
680 2594 815 2656 tractari
848 2601 881 2656 et
904 2593 1057 2678 opprimi.
1106 2593 1218 2674 Quum

105 2689 328 2776 Hierosolyma
351 2711 438 2754 auno
462 2689 526 2754 637
551 2689 726 2756 Saracenis
758 2690 842 2754 duce
866 2689 988 2756 Omaro
1020 2689 1142 2754 tradita
1172 2713 1219 2753 es-

104 2798 159 2872 set,
194 2791 230 2854 in
252 2789 360 2875 pactis
384 2787 519 2874 quidem
551 2777 710 2852 statutum
741 2787 862 2869 fuerat,
893 2796 931 2851 ut
954 2787 1219 2853 Christianorum

104 2888 167 2952 rito
199 2887 295 2952 salva
329 2894 415 2951 esset
448 2887 578 2972 ipsique
616 2885 704 2950 bona
734 2907 793 2950 sua
837 2895 869 2950 et
903 2884 1059 2951 ecclesias
1091 2905 1219 2951 conser-

104 2995 231 3066 varent3
270 2993 306 3048 at
337 3005 404 3048 non
437 2983 682 3048 concedebatur
714 2982 850 3048 libertas
880 2983 1080 3047 aedificandi
1113 3007 1220 3048 novas

103 3082 266 3164 ecclesias,
292 3092 325 3146 et
348 3093 419 3146 tum
442 3080 559 3145 incolis
582 3090 653 3145 tum
677 3083 861 3166 peregrinis
885 3080 988 3144 durae
1013 3081 1220 3147 conditiones
1307 3075 1308 3078 ¹

103 3181 363 3267 imponebantur.
410 3178 476 3246 Sed
500 3178 715 3265 subsequenti
739 3189 887 3265 tempore
911 3188 944 3243 et
966 3182 1112 3244 maxime
1141 3179 1219 3244 inde

101 3280 141 3344 ab
162 3302 249 3344 anno
275 3279 350 3361 969,
376 3277 508 3364 quando
536 3278 632 3342 Mota
655 3276 779 3342 chalifa
804 3279 1006 3362 Aegyptum,
1031 3277 1162 3362 Syriam
1188 3289 1221 3342 et

102 3375 319 3442 Palaestinam
344 3397 423 3440 suae
447 3375 665 3440 dominationi
690 3375 842 3461 subjecit,
876 3384 974 3460 pacta
998 3374 1054 3440 illa
1078 3378 1220 3440 contrita

101 3487 183 3556 sunt,
207 3486 240 3538 et
263 3477 402 3538 summis
425 3473 659 3538 vexationibus
683 3484 715 3538 et
740 3473 868 3559 injuriis
892 3471 1072 3537 Christiani
1098 3475 1218 3542 affecti.

101 3572 187 3638 Hinc
214 3573 286 3660 jam
311 3571 470 3637 Silvester
499 3571 533 3635 II
562 3593 649 3636 anno
683 3571 769 3636 1000
794 3570 999 3636 Christianos
1028 3570 1220 3637 Occidentis

102 3681 213 3735 conus
244 3669 427 3735 Saracenos
467 3671 630 3733 evocavit.
687 3668 826 3735 Saeculo
856 3667 908 3732 XI
942 3666 1020 3732 licet
1051 3667 1219 3732 interdum

103 3771 286 3833 mitesceret
317 3768 519 3854 persecutio,
552 3776 665 3832 tamen
695 3769 878 3850 generatim
903 3765 1001 3831 valde
1024 3767 1127 3829 tristis
1151 3778 1221 3829 erat

105 3867 244 3931 conditio
261 3865 526 3930 Christianorum
543 3875 576 3929 et
592 3865 880 3950 peregrinantibus
904 3886 1026 3948 magna
1049 3862 1220 3928 obstacula

105 3963 310 4046 parabantur.
357 3962 456 4028 Anno
482 3963 568 4028 1073
602 3963 703 4027 Turci
728 3961 1005 4027 Seldschucenses
1035 3961 1097 4025 sub
1132 3963 1219 4047 prin·

108 4061 177 4144 cipe
204 4061 314 4127 Melek
344 4060 453 4127 Schah
485 4061 709 4126 Palaestinam
741 4068 990 4146 expugnarunt,
1031 4067 1064 4123 et
1098 4059 1220 4123 exinde

111 4155 264 4224 dirissima
282 4161 450 4246 oppressio
467 4166 501 4222 et
515 4161 667 4243 tyrannis
692 4161 727 4223 in
743 4157 949 4224 Christianos
973 4167 1006 4222 et
1028 4159 1220 4242 peregrinos

113 4273 173 4319 non
194 4259 341 4322 cessavit.

1028 4363 1060 4416 l*
