2850 4834
146 900 276 949 Explicatis

165 965 248 1000 rituum

300 463 350 514 144
513 459 613 516 XXXI.
635 459 673 514 De
692 458 840 513 abolitione
859 457 967 512 Ordinis
986 457 1200 525 Templariouuu

299 604 520 670 incredulitati
546 613 578 667 et
601 603 753 688 turpibus
770 601 997 688 voluptatibus
1020 623 1055 666 ae
1080 602 1243 684 dedidere,
1265 604 1331 666 fieri
1358 627 1404 690 po·

299 705 401 767 titisse
425 703 665 782 existimamus,
690 711 727 764 ut
750 703 833 764 ritus
857 699 902 763 illi
929 701 1023 786 impii
1048 711 1080 764 et
1103 711 1214 787 turpes
1237 703 1405 766 introduce·

299 811 422 882 rentur,
457 803 583 864 etiamsi
610 802 774 882 integrum
800 798 968 884 quoddam
992 809 1138 882 systema
1161 797 1356 865 haereticum
1379 805 1406 864 iu

300 912 367 964 toto
392 898 518 964 Ordine
542 921 608 962 nen
633 919 667 961 se
691 899 856 962 formaret.
894 896 1067 981 Ejusmodi
1093 897 1211 962 ritibus
1234 911 1266 962 ut
1289 900 1407 984 symbo-

300 998 340 1062 lis
364 997 562 1083 quibusdam
588 995 839 1080 exprimebatur
854 994 1025 1060 tendentia
1042 995 1223 1076 incredula,
1247 1019 1309 1082 qua
1327 997 1409 1060 Clari·

300 1098 490 1160 stianismus
517 1095 588 1179 jain
621 1093 807 1158 habebatur
838 1106 874 1156 ut
904 1095 1092 1179 superstitio
1126 1115 1223 1176 vana,
1257 1095 1409 1180 aimulqu·¹

299 1194 470 1258 tendentia
494 1193 750 1270 antinouristica,
783 1213 868 1277 quae
896 1191 1094 1276 turpitudini
1119 1215 1159 1255 ac
1184 1193 1342 1278 voluptati
1366 1193 1409 1256 lra-

299 1292 403 1356 benas
434 1289 578 1354 laxabat.
628 1289 694 1366 Qui
720 1285 880 1354 Ordinem
911 1288 1186 1372 ingrediebantur
1215 1289 1265 1354 bia
1291 1291 1408 1355 ritibus.

300 1393 379 1476 quin
409 1409 521 1452 eorurn
554 1388 830 1470 significationem
863 1397 895 1450 et
924 1388 1173 1471 perversitatem
1199 1391 1330 1473 penitus
1353 1411 1402 1474 per

300 1489 473 1572 spicercnt‚
508 1485 750 1549 addicebantur
774 1484 864 1548 bisce
888 1485 1077 1562 tendentiis,
1107 1485 1270 1572 simulque
1293 1488 1410 1550 actiha

299 1585 364 1649 illis
388 1583 623 1648 inverecundis
646 1583 687 1646 ad
713 1605 846 1646 caecam
871 1583 1038 1668 quandam
1064 1584 1286 1649 obedientiam
1305 1585 1409 1650 Ordini

301 1682 588 1767 mancipabantur.
624 1681 709 1745 Nam
735 1682 790 1745 tali
816 1704 850 1745 re
876 1693 1063 1767 perpetrata
1087 1682 1290 1748 videbantur
1315 1707 1409 1749 necce-

300 1785 396 1845 sitate
429 1779 573 1865 quadam
599 1779 719 1844 Ordini
753 1780 917 1858 adstricti,
952 1779 1198 1867 terroribusque
1222 1782 1360 1868 adjectis
1381 1785 1410 1844 si·

300 1881 438 1944 lentiurn
462 1901 501 1942 ac
526 1879 701 1942 submissio
727 1877 877 1942 absoluta
902 1878 965 1942 illis
990 1879 1230 1945 inculcabatur.

389 2077 442 2140 bt.
491 2073 743 2139 Advertendurn
770 2095 864 2159 porro
890 2087 947 2155 est,
975 2075 1081 2138 irradio
1107 2096 1191 2140 aevo
1217 2078 1364 2140 maxime
1385 2079 1408 2138 ia

301 2197 362 2237 usu
387 2173 497 2254 fuisse,
531 2181 567 2234 ut
597 2172 767 2236 doctrinae
791 2184 824 2235 et
847 2194 953 2236 mores
977 2171 1136 2256 symbolis
1162 2175 1265 2236 variis
1296 2174 1410 2237 ritibus·

301 2295 365 2358 que
393 2273 665 2356 exprimerentur.
713 2271 752 2334 ln
781 2269 932 2334 Ecclesia
963 2273 1152 2334 invenimus
1186 2293 1317 2336 summo
1350 2293 1408 2335 cun

302 2369 475 2456 splendore
508 2371 589 2432 ritus
620 2379 652 2432 et
682 2391 761 2432 usus
784 2378 914 2432 sanctos
938 2391 977 2432 ac
1001 2369 1209 2433 venerandos
1241 2369 1410 2434 adhibitos:

300 2469 358 2534 scd
378 2469 449 2554 jatu
474 2467 591 2532 affines
615 2465 704 2530 hisce
730 2468 911 2550 reperimus
934 2468 1017 2530 ritus
1040 2466 1200 2551 quosdam
1225 2470 1410 2552 incongrua

302 2579 334 2632 et
363 2566 516 2646 ludicros,
551 2587 632 2649 quos
662 2567 841 2628 auctoritas
874 2564 1099 2628 ecclesiastica
1123 2587 1189 2630 non
1214 2567 1281 2630 nisi
1308 2589 1409 2644 maana

301 2685 375 2728 cum
403 2663 597 2727 difficultate
622 2674 734 2747 postea
759 2664 964 2747 supprimere
988 2661 1137 2748 potuit.¹)
1169 2663 1285 2743 Quum
1305 2688 1345 2728 ex
1360 2687 1421 2754 uua

302 2773 394 2848 parte
409 2762 555 2826 ardentis
572 2761 649 2824 fidei
668 2759 949 2824 manifestationes
964 2761 1152 2846 frequentes
1162 2775 1276 2826 essent
1287 2777 1319 2828 ct
1331 2763 1421 2836 disci-3

301 2861 393 2946 plina
408 2859 517 2942 rigida
527 2860 629 2922 variis
645 2861 678 2922 in
692 2857 827 2922 familiis
845 2857 1151 2942 religiosisvigeret,
1168 2881 1212 2922 ex
1220 2859 1409 2946 alterapartr

302 2957 391 3022 haud
424 2979 497 3020 raro
526 2959 730 3020 occurrimus
764 2955 948 3020 malesanae
976 2955 1111 3020 cuidam
1142 2957 1353 3026 tendentiae.
1384 2970 1409 3018 ut

300 3067 440 3122 naturae
478 3065 651 3140 corruptae
690 3057 781 3119 nisus
812 3054 1028 3118 inverecundi
1070 3076 1109 3118 ac
1142 3065 1259 3140 turpes
1299 3077 1409 3141 quoqu·

302 3154 452 3219 valerent
468 3165 500 3218 et
516 3156 791 3238 exprimerentur.
825 3153 876 3215 Ita
892 3174 919 3218 e.
929 3174 961 3236 g.
979 3153 1012 3216 in
1029 3151 1138 3216 Gallia
1154 3155 1408 3238 repraesentatio·

301 3276 360 3318 nes
385 3253 586 3316 dramaticae
610 3251 784 3336 populares
808 3249 1012 3331 (diableries)
1036 3251 1159 3336 passim
1178 3251 1407 3335 degenerabat:

302 3353 337 3416 iu
361 3350 456 3414 ludos
479 3359 600 3435 turpes,
626 3353 659 3413 in
685 3347 806 3435 quibus
830 3347 953 3412 similes
970 3350 1051 3412 ritus
1078 3350 1301 3416 inverecundi
1330 3353 1407 3412 sicut

300 3447 391 3533 apud
416 3448 621 3533 Ternplarios
650 3445 870 3530 occurrenti)
921 3446 1004 3512 Usus
1029 3467 1119 3528 vere,
1153 3446 1276 3511 ritibus
1310 3447 1398 3512 iurcri

303 3547 422 3610 cundia
445 3545 487 3610 ad
512 3546 679 3610 silentium
705 3543 875 3629 obligandi
891 3543 981 3629 apud
998 3545 1108 3608 varias
1124 3547 1301 3610 societates
1326 3541 1406 3610 mcii.

305 3763 515 3772 ..—-—

334 3983 343 4036 l
361 3904 397 4036 δ’)
416 3902 626 3971 Hucpertinent
644 3915 684 3964 ca,
704 3915 771 3967 qaae
790 3900 818 3954 in
837 3899 915 3954 iestis
933 3899 1003 3954 asini
1016 3905 1044 3953 et
1057 3899 1204 3954 stultorum
1217 3900 1318 3956 ludicre
1331 3891 1420 3968 pern-J

303 3999 359 4038 sue
377 3991 434 4040 aut.
1419 4027 1420 4032 ,

377 4082 398 4148 ⁸²)
418 4079 451 4135 V.
471 4079 506 4134 M.
527 4079 656 4143 Clamant,
682 4079 803 4133 Histoire
821 4079 868 4132 des
886 4077 957 4132 fetes
976 4075 1069 4131 civiles
1088 4083 1117 4130 et
1134 4075 1304 4146 religieussa
1327 4089 1405 4140 aare·

300 4161 413 4216 aneians
432 4167 462 4216 et
481 4161 619 4214 modernas
644 4159 677 4215 de
696 4160 722 4214 la
740 4159 855 4213 Flandre
874 4165 903 4213 at
922 4156 983 4211 d'nn
1002 4157 1090 4227 mand
1115 4155 1228 4211 nombre
1246 4157 1280 4212 da
1298 4155 1365 4210 ville*
1382 4167 1405 4203 a

301 4242 414 4296 France.
452 4241 670 4296 avesnes184b.
706 4239 781 4294 Tem.
799 4237 838 4294 11.
875 4237 921 4292 Cb.
943 4239 985 4295 15.
