2868 4844
459 449 545 502 Initia
563 449 723 502 schismatis.
1099 453 1152 508 259

45 595 149 677 incepit
171 614 343 656 sermonem
357 592 482 676 facere,
506 595 594 680 cujum
618 593 718 655 ιΙιενηα
733 593 823 678 fnit:
846 594 935 679 „Epo
952 617 1019 658 sum
1039 605 1153 680 pastor

45 690 161 768 luren‘ss
186 713 276 774 queem
290 691 394 752 minus
408 699 497 753 cante
520 713 575 752 nec
599 714 663 754 non
686 693 781 754 etiam
804 692 907 756 minus
929 702 1041 756 ornate
1056 692 1150 778 fecit,

44 791 147 872 inquo
171 789 266 852 etiam
289 811 390 851 mores
417 787 639 853 Cardinalium
663 799 692 850 et
711 789 931 873 praelatorum
964 790 1082 876 incepit
1104 815 1151 854 rc·

42 885 193 971 ducenae,
217 886 300 970 quod
316 886 382 971 ipsi
397 907 488 969 aopi-e
505 885 652 948 tulerunt.
681 941 686 951 .
705 941 710 952 .
729 935 736 950 .
763 887 904 950 Fuerunt
917 889 1151 972 increpationes

42 981 107 1044 illae
129 985 365 1069 intempestiuae
393 983 572 1068 fomentum
604 985 781 1048 schismatis
809 985 1029 1070 subsequentis.
1079 984 1151 1052 Col-

40 1079 140 1144 leotori
164 1081 331 1145 fructuum
357 1079 517 1146 Gamerae
540 1080 751 1166 Apostolicae
775 1083 927 1146 offerenti
951 1081 1148 1148 summulam

40 1181 154 1242 ratione
178 1180 229 1242 sui
254 1177 355 1242 officii
379 1179 574 1265 respondens
599 1183 664 1244 ait:
689 1181 825 1244 Pecunia
849 1191 904 1244 tua
929 1191 1026 1244 tecum
1049 1182 1150 1244 sitin

34 1277 238 1360 perditionem
267 1301 304 1340 oc
334 1275 425 1340 illam
451 1279 589 1363 recipere
620 1301 684 1342 non
712 1281 843 1343 marco-it.
892 1277 1020 1342 Similia
1050 1277 1150 1342 multa

39 1374 159 1438 insolita
182 1385 212 1437 et
235 1373 368 1438 alumna
390 1375 429 1438 de
452 1373 504 1438 die
527 1377 563 1438 in
586 1375 668 1438 diem
684 1377 824 1462 faciens,
852 1397 912 1461 per
942 1399 1021 1461 quoe
1044 1397 1149 1461 poene

38 1474 164 1535 ananiam
186 1475 328 1558 ipsorum
347 1470 569 1536 Cardinalinm
592 1485 622 1536 et
642 1471 860 1558 praelatorum
876 1486 987 1538 contr-a
1002 1496 1033 1536 se
1049 1474 1149 1557 mupis

38 1571 228 1632 iracundiam
252 1569 461 1654 concinnast)
494 1569 573 1634 Mox
590 1573 689 1634 etiam
715 1571 830 1647 edixit,
855 1570 918 1635 sibi
943 1572 1147 1656 propositum

36 1689 99 1730 esse
122 1677 168 1730 tot
191 1688 303 1731 creare
320 1665 515 1732 Cardinaies
531 1667 697 1733 Romanos
721 1681 753 1734 et
775 1668 886 1750 Italos,
911 1679 948 1732 ut
970 1668 1147 1732 ultramon-

36 1780 178 1828 tanorum
203 1785 379 1828 numerum
395 1767 448 1830 isti
466 1766 675 1830 excederent.
707 1767 797 1830 Hinc
813 1765 1145 1852 praeponderantiam

36 1863 206 1944 Gallorum,
239 1884 339 1948 quam
369 1885 427 1948 per
452 1863 570 1928 multos
601 1887 706 1928 annos
729 1865 925 1946 habuerant,
953 1865 1025 1950 jam
1051 1863 1147 1926 vehe

36 1972 151 2024 menter
175 1960 354 2046 periclitari
380 1960 572 2026 Cardinaies
596 1962 766 2028 videbant.

112 2060 166 2123 20.
214 2058 319 2122 Multa
350 2058 415 2122 alie
445 2060 598 2144 exempla
622 2061 864 2146 imprudentiae
891 2061 1017 2125 Urbani
1042 2059 1316 2125 Theo-‘'erdlaelium

34 2155 156 2220 <loricas
180 2155 290 2221 etalii
316 2157 473 2238 referunt,
498 2169 530 2221 et
549 2157 752 2240 Cardinnles,
778 2180 860 2244 quos
884 2158 995 2222 verbis
1018 2159 1147 2222 acerbis
1187 2137 1286 2177 averno.

32 2253 213 2338 frequenter
235 2253 391 2336 vexabat,
417 2276 493 2318 eum
519 2258 740 2320 communiter
765 2267 800 2320 ut
824 2253 964 2320 delirum
990 2255 1146 2321 babuisse

32 2352 91 2434 ipse
114 2351 274 2439 asserit.²)
324 2351 403 2432 Qua
428 2354 461 2416 in
486 2375 522 2416 re
546 2363 632 2416 certe
656 2353 736 2418 falso
755 2353 966 2439 judicabant,
991 2365 1023 2418 et
1045 2365 1146 2420 atten-

32 2449 167 2514 dendum
194 2449 257 2513 hac
281 2452 315 2513 in
340 2473 375 2514 re
400 2462 552 2530 sensam,
568 2451 761 2536 agraribus
777 2454 926 2537 personis
943 2452 1079 2518 Urbano
1096 2453 1145 2518 VI

31 2547 164 2611 addictis
195 2547 278 2611 alias
309 2570 441 2633 quoque
473 2548 614 2613 indicari
643 2552 798 2630 rationes,
834 2573 893 2614 cur
921 2550 1100 2616 abalienati
1124 2575 1144 2616 a

31 2643 181 2710 Pontifiee
213 2646 337 2709 fuerint
376 2645 579 2712 Cardinales.
636 2647 688 2711 De
726 2648 818 2711 hisce
856 2651 901 2712 ita
932 2649 1142 2733 Raynaldus:

32 2743 258 2806 „abalienatos
281 2766 300 2806 a
324 2743 484 2808 Pontifice
507 2743 610 2810 fuisse
627 2745 856 2810 Cardinalium
880 2748 1018 2828 animos,
1043 2757 1142 2833 atque

29 2841 208 2924 Anagniam
233 2841 275 2904 ad
300 2842 458 2926 agitanda
482 2845 515 2907 in
541 2865 616 2907 eum
641 2844 875 2908 conventicula
894 2843 1032 2929 abiisse,
1065 2866 1141 2908 cum

32 2935 175 3003 i'rbanus
200 2939 368 3002 nonnullis
391 2940 619 3006 sanctionibus
635 2943 772 3006 nimiam
792 2941 1018 3007 Cardinalium
1042 2943 1141 3009 licen·

27 3037 95 3100 tiam
131 3040 342 3118 coercuisset,
382 3049 521 3102 testatur
551 3039 696 3106 Thomas
737 3041 929 3124 designatus
965 3044 1140 3128 episcopus

27 3132 211 3215 Lucerinus,
244 3135 284 3198 de
316 3158 380 3220 quo
412 3146 544 3201 exstent
572 3135 726 3223 publicae
750 3139 901 3203 tabulae:
937 3141 1014 3204 Item
1037 3142 1140 3226 inquit

25 3231 184 3317 ‹lilipenter
206 3235 430 3319 interropatus,
458 3236 694 3322 quodpropter
724 3237 849 3322 aliquas
879 3261 954 3302 suas
982 3235 1138 3304 Constitu-

27 3331 124 3406 tiones,
140 3354 219 3416 qnos
235 3330 362 3415 fecerat
379 3333 481 3396 dictus
497 3333 642 3398 dominus
657 3347 764 3398 noster
782 3335 881 3420 Papa,
898 3360 976 3420 quae
994 3337 1139 3424 lipobant

25 3427 99 3508 ipsos
118 3425 320 3506 Cordinales,
345 3442 550 3516 conceperunt
574 3431 680 3494 odium
704 3445 814 3498 contro
838 3434 955 3498 dictum
978 3435 1138 3500 dominnm

26 3535 154 3590 nostrum
185 3527 327 3612 Papam,
358 3529 441 3592 unde
473 3541 562 3594 conte
596 3541 625 3594 et
658 3543 760 3596 astute
790 3533 946 3596 aduerunt
976 3533 1137 3598 licentiam

23 3622 123 3688 lubere
148 3649 169 3688 a
192 3625 275 3690 dicto
288 3628 415 3692 domino
430 3638 537 3692 nostro
549 3629 652 3715 Papa,
669 3640 698 3692 et
712 3653 744 3693 so
754 3631 792 3694 de
809 3631 889 3696 Urbe
902 3631 947 3694 od
954 3631 1137 3718 Anapnium

25 3723 213 3788 transtulere.
262 3724 445 3790 Confirmat
472 3725 554 3790 baec
579 3727 768 3792 Cardinalis
792 3729 971 3794 Ravennae
995 3729 1134 3810 (Pilens‘)

24 3817 51 3880 in
76 3821 191 3885 litteris
222 3821 265 3886 ad
290 3821 462 3888 Gallorum
487 3825 639 3908 regem.³)
687 3825 739 3891 Ob
764 3827 936 3912 ademptas
959 3830 1135 3912 pensiones

25 3981 225 3993 -—-·-—-..—....

86 4070 105 4134 ¹)
124 4069 223 4127 Theod.
244 4069 277 4124 de
297 4070 382 4136 Niem,
402 4071 434 4126 L.
454 4071 477 4126 Ι.
497 4089 517 4128 o.
538 4071 562 4124 5.

84 4151 104 4216 a)
124 4151 191 4208 ibid,
211 4168 233 4205 o.
250 4153 274 4206 7.

85 4231 106 4298 ³)
126 4227 245 4285 Exstant
264 4247 307 4298 ap.
327 4231 460 4299 Raynald.
480 4248 504 4284 a.
527 4233 594 4286 1379
614 4249 639 4286 n.
660 4235 702 4288 51.
