2858 4834
373 409 411 461 lle
430 409 518 462 initiis
537 411 744 463 controversiae.
1071 412 1119 463 179

45 549 126 634 spelit
156 563 183 612 el
219 552 440 648 reprobatril.¹)
487 555 525 616 In
558 556 626 617 vita
660 577 685 618 s.
716 553 864 618 Thomae
903 577 922 616 a
953 552 1118 618 Gulielmo

45 649 229 712 l'antuariensi
268 651 472 735 conscripta,
521 651 614 736 cujus
654 658 785 715 tantum'
823 663 998 736 supersunt
1036 655 1119 736 frag-

44 759 119 808 nsnts
153 749 198 828 (in
228 747 305 810 Vita
347 749 618 834 quadripartita)
657 748 798 813 habetur
827 751 891 813 ita:
933 751 1022 815 Unde
1053 776 1119 815 caus

41 845 166 929 pr‘scopus
187 844 423 928 (Ebroicensis)
448 847 493 910 acl
514 871 623 932 pacem
646 851 791 928 instaret,
816 858 846 909 et
868 851 1120 948 archiepiscopus

42 941 161 1006 ledesiue
181 945 359 1028 profectum
382 945 590 1022 deciderffaret
615 949 669 1031 qui
691 948 758 1008 siue
772 970 851 1031 pace
862 949 1032 1032 provenire
1057 971 1119 1011 aori.

37 1051 137 1120 prisce,
160 1045 253 1105 mittit
276 1043 321 1106 ad
337 1045 515 1106 Romanum
533 1044 722 1126 Pontificem
748 1055 1027 1131 tauquamropaus
1050 1069 1118 1109 corr-

39 1137 249 1202 suludiuesl
210 1137 249 1202 ill
250 1163 285 1202 aa
321 1139 510 1224 confirmari.
537 1191 544 1204 .
572 1192 578 1205 .
605 1195 611 1206 .
639 1143 799 1204 Nimirum
822 1145 953 1232 majoris
984 1143 1118 1206 arbitrio

38 1233 178 1322 rlipuilff
161 1239 244 1300 (ruod
262 1264 356 1324 per
347 1262 378 1300 se
405 1263 466 1304 uon
485 1242 712 1326 praesumpsit,
737 1251 807 1303 uta
824 1264 854 1304 se
870 1241 995 1326 culpem
1020 1252 1118 1303 trous

32 1331 113 1411 t'rrrst,
141 1347 169 1398 et
199 1336 327 1400 domiuo
359 1361 414 1401 suo
438 1338 659 1422 satisfaceret;
689 1339 743 1402 sed
767 1337 852 1401 beati
876 1339 984 1423 Papae
1008 1339 1119 1425 relipio

37 1431 215 1497 irarnceniri
238 1458 301 1498 rum
320 1438 436 1521 protasii,
461 1438 515 1521 qui
536 1460 620 1521 repis
643 1447 672 1498 st
695 1435 942 1522 archipraesulis
965 1448 1118 1499 certamen

37 1549 62 1581 r
78 1529 170 1592 ordine
194 1535 347 1616 caprasii.
353 1535 379 1614 ²)

96 1701 140 1765 25
185 1701 241 1765 Ex
265 1700 356 1765 bisce
381 1703 491 1788 itaque
516 1701 625 1814 colligi
650 1703 791 1784 videtur,
826 1726 850 1767 s.
874 1702 1038 1767 Thomam
1061 1703 1118 1767 ad·
1129 1701 1279 1813 plefflf:

36 1791 78 1855 buc
95 1795 256 1883 aliquanto
269 1811 425 1885 tempore,
450 1803 604 1886 quamvis
629 1801 782 1882 invitum,
807 1799 987 1866 inhaesisse
1003 1823 1118 1887 appro-

36 1888 127 1958 bationi
165 1899 445 1962 consuetudinum
494 1899 601 1963 factae
637 1853 874 1964 Clarendonae.
928 1899 993 1964 Sed
1025 1901 1117 1964 brevi

34 2003 83 2070 rest
102 1999 199 2080 magis
225 1999 396 2082 magisque
421 1999 633 2084 perspiciens,
659 1999 837 2083 suppositis
860 1997 924 2062 illis
949 2008 1119 2063 consuetu·

34 2088 136 2155 dinibus
158 2095 366 2179 pessumdari
382 2094 567 2159 libertatem
586 2094 756 2159 Ecclesiae
781 2117 990 2181 canonesque
1005 2098 1119 2175 everti,

35 2207 57 2246 u·
74 2202 235 2277 postquam
261 2193 348 2257 vidit
371 2215 412 2256 ex
437 2192 554 2256 litteris
577 2193 758 2275 Pontificia,
784 2193 872 2257 hunc
896 2193 981 2258 nolle
1006 2195 1120 2258 contir-

35 2303 95 2349 usre
116 2292 257 2370 easdem,
282 2293 361 2354 facti
386 2293 435 2356 sui
461 2313 517 2355 seu
537 2292 669 2376 juratae
686 2293 912 2377 promissionis
937 2314 1013 2355 eum
1037 2292 1119 2356 adeo

34 2388 175 2470 poenituit,
207 2401 246 2453 nt
275 2413 294 2453 a
325 2391 425 2453 missa
456 2388 656 2453 celebranda
689 2390 923 2454 abstinendum
958 2392 1121 2454 censuerit

34 2501 214 2573 severamque
258 2488 320 2551 sibi
360 2489 554 2574 imposuerit
595 2488 843 2574 poenitentiam.
897 2488 928 2551 A
962 2489 1121 2553 Pontifice

32 2597 99 2657 promo
125 2605 181 2668 per
204 2589 360 2649 nuntium
386 2589 522 2650 missum
547 2587 642 2672 petiit
666 2587 798 2649 veniam
824 2596 856 2650 et
879 2583 1120 2650 absolutionem

30 2683 237 2770 canonicatus)
275 2684 467 2748 Alexander
483 2684 532 2747 Ill
545 2692 700 2748 'sanctum
716 2684 901 2770 praesulem
921 2705 979 2770 per
994 2682 1120 2748 litteras

30 2773 80 2840 dd.
94 2783 239 2866 lAprilis
253 2783 338 2846 1164
351 2781 537 2846 consolatus
546 2792 604 2862 est,
618 2782 750 2867 culpam
760 2784 865 2866 magis
876 2804 917 2845 ex
928 2780 1129 2868 obreptione·

30 2893 102 2952 quan
124 2902 140 2942 e
164 2879 253 2944 mala
276 2880 446 2945 voluntate
471 2883 679 2945 commissam
705 2883 886 2960 excusavit,
924 2889 956 2943 et
989 2883 1120 2944 canoni-

30 2994 81 3036 cam
101 2977 338 3044 absolutionem
363 2978 500 3062 largitus
524 2989 581 3043 est.
628 2978 812 3064 Scripserat
830 2978 986 3043 Pontifex
1009 2979 1119 3060 etiam,

83 3261 98 3323 Ι)
116 3265 161 3330 Ap.
181 3263 266 3328 Gilea,
287 3263 368 3317 Vitae
387 3263 417 3318 T.
438 3264 458 3317 I.
480 3279 503 3330 p.
523 3263 566 3316 32.
588 3293 621 3302 -
642 3263 684 3316 Ex
703 3263 803 3316 litteris
823 3263 969 3316 Alexandri
988 3264 1039 3328 111,
1058 3279 1120 3332 sup·

31 3339 94 3398 asta
109 3342 220 3398 lectione
239 3360 320 3410 quam
338 3344 467 3408 dedimus,
495 3343 601 3397 eruitur
627 3344 805 3408 econtrario,
833 3343 950 3398 Thomas
978 3344 1120 3412 epistolam

32 3429 62 3476 {rr
76 3420 132 3476 lues
149 3425 261 3478 nuntios
281 3424 353 3492 regis
372 3426 480 3478 missam
498 3423 590 3477 luisse.
617 3423 758 3478 Eduardus
772 3423 848 3477 Grim
867 3423 1033 3493 legationem
1052 3422 1121 3477 hanc

31 3495 92 3551 alen
101 3503 231 3570 accidisse,
251 3509 393 3572 postquem
402 3503 535 3558 Henricus
548 3504 685 3572 cognovit,
698 3503 856 3558 Pontificem
875 3503 945 3559 nolle
964 3507 1121 3558 confirmare

31 3585 204 3639 eonsuetudines
223 3587 323 3638 eritas
355 3585 458 3637 Auctor
476 3583 621 3638 manifeste
639 3584 683 3637 hic
700 3587 782 3648 errat,
801 3584 871 3638 unde
884 3585 967 3638 etiam
986 3584 1120 3650 quaestio·

33 3669 74 3710 aa
93 3663 120 3716 de
136 3666 254 3720 Romae
277 3665 392 3733 epistola
410 3665 482 3718 hand
501 3665 680 3732 peremptorie
699 3679 834 3718 censerem
852 3680 886 3718 ex
905 3664 962 3732 ipso
981 3679 1057 3732 posse
1076 3663 1120 3716 de·

34 3737 90 3794 miri.

83 3839 188 3904 'illitas
207 3851 227 3898 t.
248 3845 285 3899 ll.
305 3861 330 3914 p.
354 3848 394 3899 lo,
421 3872 453 3883 -
479 3843 571 3897 Etiam
590 3842 634 3897 hic
652 3849 746 3896 auctor
764 3841 851 3896 minus
873 3847 999 3896 accurate
1018 3847 1119 3904 namt,

34 3925 100 3974 estes
115 3925 204 3978 nasos
223 3940 282 3978 esse
301 3925 411 3978 nuntios
430 3924 465 3978 sd
477 3923 651 3978 obtinendam
669 3923 834 3990 legationem
853 3939 900 3990 pro
922 3922 1121 3990 archiepiscopo

35 3991 169 4058 turrem

84 4097 202 4164 ²l1abbe
221 4105 255 4157 X.
274 4119 297 4156 c.
319 4101 396 4156 1194.

963 4199 1010 4252 12*
