2858 4834
381 453 420 506 De
438 452 527 506 initiis
545 452 762 507 controversiae·
1077 452 1128 506 169

35 605 116 680 caput,
153 594 242 682 quod
275 605 346 659 erat
379 587 515 660 minoris
548 597 717 676 momenti,
758 595 915 660 videntur
939 597 1048 660 minus
1080 619 1127 660 re-

34 715 177 776 pugnasse,
213 692 371 757 videlicet
403 703 440 757 ut
470 695 505 758 in
536 693 695 760 tribunali
729 692 951 758 ecclesiastico
975 693 1127 759 officialis

32 793 95 874 regis
120 811 275 876 praesens
306 803 400 856 esset.
446 793 497 856 Ita
527 794 617 856 enim
652 813 719 857 non
749 791 1001 856 renuntiabatur
1029 792 1127 877 juris·

32 887 140 954 dictioni
171 901 357 975 exemptae,
389 889 445 954 sed
478 899 607 955 tantum
640 892 709 974 regi
746 889 968 976 praebebatur
998 892 1127 955 occasio

32 999 56 1047 ut
79 986 205 1066 rideret,
238 987 329 1052 baud
360 989 463 1052 nimia
496 987 703 1072 indulgentia
730 987 864 1073 judices
888 987 1127 1052 ecclesiasticos

31 1085 72 1145 uri.
112 1084 274 1165 Quamvis
307 1087 375 1170 regi
409 1085 624 1150 vehementer
647 1084 846 1170 displiceret,
873 1084 961 1171 quod
986 1084 1127 1171 postula·

29 1196 81 1244 tun
106 1183 172 1268 ejus
203 1183 374 1268 praesules
408 1205 473 1248 non
498 1194 720 1268 acceptarent,
754 1205 813 1268 pro
844 1195 991 1269 tempore
1015 1195 1127 1248 tamen

31 1279 224 1345 dissimulavit
258 1281 519 1366 indignationem
553 1305 646 1346 suam
675 1281 717 1346 de
741 1281 803 1345 hoc
827 1283 945 1366 capite.
993 1281 1069 1361 Qua
1092 1283 1127 1348 in

29 1399 53 1438 u·
71 1379 197 1443 artificio
224 1379 369 1466 quodam
395 1403 473 1444 usus
497 1390 555 1444 est.
604 1382 695 1444 Dum
725 1381 813 1444 enim
849 1381 942 1443 inre
967 1378 1125 1464 peculiari

29 1475 119 1538 cedere
141 1477 331 1556 ridebatur,
366 1476 410 1542 ad
433 1479 660 1564 quaestionem
685 1476 872 1562 generalem
897 1499 931 1539 se
956 1479 1064 1558 vertit,
1090 1487 1126 1542 ut

31 1593 57 1632 sa
73 1571 207 1659 eliquata
232 1597 275 1639 ex
300 1577 461 1641 sententia
485 1599 554 1658 sua,
579 1597 617 1640 eo
638 1576 769 1640 facilius
784 1596 920 1659 scopum
937 1577 1122 1659 attingeret
1143 1591 1253 1639 <uum-2¹0
1269 1594 1298 1634 aa

33 1665 103 1734 Pstiit
123 1674 225 1756 igitur
249 1672 293 1736 ab
318 1675 491 1760 episcopis,
526 1685 562 1736 ut
585 1673 701 1738 saltem
727 1672 943 1752 declararent,
981 1695 1014 1736 se
1039 1656 1296 1759 velleffl‘ffl,

30 1765 174 1834 observare
199 1783 234 1834 et
259 1774 365 1834 'vereri
389 1773 629 1836 consuetudines
653 1773 766 1850 auitas,
792 1773 812 1836 i.
830 1793 857 1836 e.
878 1771 956 1856 jura
980 1773 1066 1854 regie
1089 1775 1125 1836 in

29 1887 64 1928 res
82 1867 318 1933 ecclesiasticas
342 1871 582 1934 consuetudine
615 1869 814 1951 introducta,
851 1889 915 1955 quo
940 1867 1034 1933 titulo
1059 1868 1125 1954 pal·

27 1957 79 2026 lini
100 1977 250 2050 poterant
274 1989 503 2054 quaecumque
526 1970 681 2054 princeps
705 1967 767 2032 sibi
801 1966 983 2051 usurpabat
1007 1968 1040 2030 in
1065 1967 1126 2031 Ec·

31 2059 132 2127 =lesiam
152 2065 242 2151 jura,
268 2086 306 2128 eo
331 2065 417 2151 quod
444 2064 622 2152 aliquando
640 2066 910 2152 praedecessores
925 2065 1029 2150 ipsius
1045 2064 1125 2129 talia

32 2155 72 2222 nbi
91 2174 337 2247 arrogaverunt.

95 2315 139 2377 18.
187 2311 314 2378 Habita
340 2335 414 2376 cnm
440 2315 604 2400 episcopis
628 2315 690 2378 ista
714 2314 754 2378 de
780 2317 972 2400 quaestione
1004 2311 1125 2376 delibe-

31 2409 135 2491 ratione,
167 2411 317 2476 Thomas
349 2433 425 2475 cum
450 2410 587 2498 reliquis
611 2411 767 2498 praelatis
801 2412 972 2497 respondit
1004 2433 1125 2496 magna

30 2525 81 2568 tun
99 2509 282 2592 prudentia,
309 2531 342 2572 se
359 2508 443 2573 velle
458 2508 532 2573 illas
549 2509 807 2574 consuetudines
824 2509 1012 2589 observare,
1036 2507 1124 2573 aoloo

30 2603 146 2668 nimirum
168 2607 282 2670 ordine
307 2608 393 2685 suo¹i
427 2619 457 2670 et
481 2612 557 2696 jure
586 2607 753 2672 Ecclesiae.
802 2607 875 2671 Hac
899 2609 1026 2670 ratione
1050 2629 1124 2693 cap·

29 2699 104 2764 nesae
126 2707 322 2790 quaestioni,
347 2705 602 2770 indeterminata
619 2705 773 2792 quadam,
795 2706 852 2769 scd
868 2704 1125 2790 prudentissima

30 2801 203 2867 restrictione
226 2802 478 2888 responderunt.
526 2803 621 2869 Unus
645 2806 818 2890 episcopus
836 2801 1063 2882 Cicestrensis‚
1089 2812 1125 2867 ut

30 2897 92 2978 regis
119 2902 266 2966 animum
301 2900 435 2982 leniret,
475 2901 663 2987 respondit,
701 2924 735 2965 se
767 2901 1022 2966 consuetudines
1050 2899 1123 2965 illas

30 3007 204 3063 servaturum
231 2998 315 3062 boae
332 2999 406 3082 fide.
420 2991 424 3000 ’
438 2997 504 3063 Sed
529 3021 590 3063 nec
614 3021 719 3063 unum
742 3021 805 3063 nec
829 2998 969 3063 alterum
993 3021 1124 3084 respon-

33 3109 81 3154 uum
109 3097 246 3182 principi
289 3097 353 3161 fuit
384 3105 577 3184 acceptum,
617 3109 649 3162 et
686 3097 977 3162 vehementissima
1010 3099 1058 3162 ira
1090 3101 1124 3163 in

34 3189 170 3276 episcopos
194 3195 415 3260 exardescens
439 3197 486 3259 eis
510 3195 697 3259 insalutatis
722 3195 875 3260 discessit
913 3195 966 3259 Ex
990 3195 1044 3260 illo
1070 3197 1124 3260 die

35 3287 175 3356 inimicitia
199 3303 315 3356 contra
332 3293 495 3358 Thomam
520 3293 807 3380 archiepiscopum
832 3296 918 3378 regis
942 3295 1052 3358 animo
1078 3297 1125 3359 in-

33 3383 101 3455 sedit,
130 3391 250 3476 etjam
274 3389 375 3454 altero
401 3391 454 3455 die
479 3395 588 3478 coepit
621 3414 697 3456 eum
721 3394 823 3456 variis
848 3390 1124 3476 postulationibus

35 3497 135 3549 vexare.

101 3629 143 3694 19.
190 3629 318 3711 Quodsi
348 3632 493 3716 episcopi
518 3629 661 3716 Angliae
692 3633 725 3694 in
751 3630 887 3694 dissidio
912 3639 1025 3693 exorto
1050 3651 1124 3694 con-

37 3719 121 3786 cordes
149 3727 286 3794 luissent
315 3740 348 3792 et
377 3728 525 3792 Thomae
566 3739 675 3815 partes
708 3739 897 3793 constanter
932 3730 1122 3809 tenuissent,

64 3883 134 3896 ι-..-

40 3977 120 4024 turam
136 3981 243 4031 certare
267 3976 392 4031 Nondum
411 3983 502 4030 autem
521 3991 605 4043 usqne
624 3975 965 4032 admortcmrestitistis.“
998 3975 1123 4030 Guilelm.

42 4047 186 4120 minutia,
205 4055 271 4110 Vita
290 4073 310 4110 s.
330 4055 455 4122 Thomas,
475 4073 517 4124 ap.
538 4056 613 4111 Giles
632 4056 705 4110 Tom.
725 4057 747 4112 I.
766 4073 792 4124 p.
812 4059 872 4111 210.

44 4147 106 4276 lmb
122 4150 140 4203 L
157 4168 178 4206 e
196 4153 280 4208 salvis
296 4154 409 4224 juribus,
437 4170 506 4222 quae
532 4155 620 4209 ordini
645 4170 692 4209 seu
711 4153 800 4208 statui
818 4152 963 4223 episcopali
982 4153 1124 4209 murenis-
