2868 4844
300 540 353 593 212
498 539 614 598 XXXII.
635 543 675 597 De
694 541 872 600 Pontificibus
892 543 1031 596 Avenione
1049 543 1226 597 contuor-atis

300 704 413 747 mense
444 683 581 748 Octobri
612 708 641 752 a.
669 687 755 752 1335
787 687 820 750 in
845 683 1061 752 Germaniam
1092 686 1267 768 redierunt
1303 708 1412 750 versus

301 780 599 867 Quadragesimam
624 806 654 848 a.
680 783 766 848 1336
797 785 962 849 reversuri
987 782 1125 849 adrem
1149 785 1412 870 componendam.

251 889 276 917 '⁰
301 877 367 944 Sed
391 883 490 946 etiam
514 890 593 947 tuno
618 904 705 946 nova
730 880 901 947 obstacula
916 893 987 946 orta
1004 892 1090 964 suut,
1115 885 1290 968 praecipue
1312 905 1354 945 ex
1368 903 1411 951 eo.

188 1013 233 1044 n.
302 977 391 1063 quod
415 1001 527 1043 rumor
541 980 793 1065 percrebuisset,
819 980 1030 1044 Ludovioum
1049 1003 1125 1044 eum
1143 980 1298 1046 Eduardo
1310 979 1412 1063 Angla

300 1087 441 1141 tractare
472 1077 512 1142 de
536 1076 668 1142 foedere
691 1078 837 1142 ineundo
866 1089 983 1143 contra
1005 1077 1200 1164 Philippum
1225 1079 1311 1158 VL1)
1357 1078 1413 1140 Ru·

300 1196 407 1240 mores
432 1185 541 1240 tamen
567 1177 620 1240 isti
645 1197 710 1240 non
736 1175 835 1261 plane
848 1174 980 1240 fundati
997 1177 1098 1242 fuisse
1115 1176 1280 1242 videntur.
1306 1175 1412 1240 Altero

300 1295 387 1337 anno
414 1274 498 1336 1337
531 1275 649 1336 iterum
674 1283 787 1338 actum
811 1284 861 1338 est
889 1274 930 1338 de
953 1273 1224 1339 reconciliatione
1246 1273 1411 1339 Ludovici.

294 1371 412 1453 ¹(Quum
437 1369 610 1457 Philippus
632 1372 788 1457 precibus
811 1383 949 1436 vexaret
971 1373 1169 1438 Pontificem
1193 1395 1235 1436 ne
1255 1372 1411 1436 Bavsrun

299 1471 362 1536 sibi
386 1480 576 1555 suspectum
608 1471 642 1533 in
666 1472 806 1553 gretiam
831 1469 1034 1558 admitteret,
1063 1469 1265 1535 Benedictus
1286 1468 1412 1555 epistola

299 1570 378 1634 data
401 1570 434 1632 II
458 1568 543 1633 Non.
568 1566 675 1652 April.
700 1570 786 1652 regis
809 1567 973 1653 postulate
996 1567 1126 1653 repulit,
1150 1589 1191 1631 sc
1214 1569 1284 1650 regi
1308 1589 1412 1631 causas

299 1667 342 1730 ob
366 1687 448 1751 ques
471 1664 670 1728 retardanda
693 1687 745 1730 res
777 1687 843 1729 non
874 1677 960 1730 esset
990 1667 1185 1751 exposuit.²)
1232 1665 1298 1728 Sed
1329 1664 1412 1728 brevi

299 1775 374 1851 post
397 1767 617 1848 interruptum
640 1762 705 1827 fuit
721 1765 901 1849 negotium,
926 1785 1081 1850 novaque
1098 1785 1219 1828 musae
1236 1763 1411 1849 prorogatio

300 1884 404 1949 usque
428 1861 469 1926 sd
496 1859 661 1926 Calendas
686 1860 842 1927 Octobris
865 1872 997 1927 statute.
1036 1861 1227 1928 Obscurum
1251 1873 1311 1942 est,
1336 1859 1410 1924 unde

299 1960 512 2026 difficultates
535 1961 764 2045 provenerint;
795 1970 948 2025 auctores
970 1961 1155 2045 generatim
1178 1960 1337 2038 referunt,
1364 1959 1411 2022 Bs-

300 2058 469 2124 nedictum
495 2059 633 2122 cessisse
655 2057 797 2122 influxui
813 2057 974 2144 Philippi,
998 2081 1038 2124 ac
1055 2069 1230 2144 propterea
1255 2059 1409 2122 nuntians

297 2155 415 2240 legatis
439 2153 616 2236 Ludovici,
649 2157 756 2241 ipsum
782 2155 910 2221 absolvi
936 2156 1084 2221 nondum
1114 2177 1220 2242 posse,
1259 2177 1298 2220 eo
1336 2152 1409 2240 quod

298 2254 537 2340 poenitentiam
569 2252 660 2319 haud
690 2253 884 2341 ostendat.³)
931 2252 1221 2320 Commemoratur
1253 2254 1408 2318 tamenin

297 2353 416 2418 litteris
428 2351 602 2417 Benedicti
619 2351 662 2418 ad
675 2352 887 2417 Ludovicum
900 2353 932 2419 d.
941 2353 972 2420 d.
984 2353 1070 2418 XIII
1087 2351 1157 2418 Cal.
1171 2353 1316 2437 August.
1329 2351 1408 2416 1331.
1428 2367 1429 2420 l

299 2451 522 2536 expetitione
546 2451 738 2514 nuntiorum
762 2452 1027 2536 prorogationem
1054 2451 1176 2516 iactum
1200 2471 1274 2514 esse
1297 2451 1408 2535 ipsique
1427 2445 1428 2502 l

298 2548 452 2614 Pontifici
477 2549 753 2633 interruptionem
777 2548 997 2634 displicuisse.
1028 2549 1081 2614 Ad
1096 2571 1227 2634 panem
1243 2551 1407 2614 nuntia-uu

297 2649 496 2726 instantium,
521 2671 584 2710 non
608 2646 722 2732 absque
739 2645 944 2732 displicentia
966 2657 1086 2725 nostra,
1112 2669 1205 2732 quum
1221 2645 1315 2710 nobis
1332 2667 1425 2746 super,

297 2743 555 2808 reconciliatione
572 2745 746 2830 praedicta
769 2747 872 2831 coepti
893 2745 1012 2832 negotii
1034 2742 1254 2830 interpellatio
1280 2743 1424 2830 displicet

296 2853 356 2922 ret,
380 2853 411 2907 et
433 2843 535 2929 meires
560 2843 755 2906 continuatio
778 2853 873 2926 mata
897 2852 985 2920 esset,
1004 2853 1104 2928 prout
1128 2842 1187 2906 tibi
1209 2841 1332 2926 reptes-re
1346 2839 1423 2908 dictil

297 2941 403 3003 nuntii
436 2938 619 3020 debuerunt,
658 2963 753 3026 neme
788 2941 833 3004 od
861 2942 1032 3027 prosimus
1060 2941 1130 3007 Kal.
1161 2940 1279 3026 filnes·
1313 2933 1422 3004 meruitl

302 3036 444 3101 Octobris
452 3061 516 3122 pro
532 3037 719 3102 resumenda
730 3038 951 3124 prosecutione
965 3039 1237 3104 reconciliationis
1251 3037 1404 3124 praesuta*
1420 3009 1421 3072 l

297 3193 417 3201 u-——w—
429 3193 511 3200 -—.

373 3278 394 3350 ι)
413 3279 446 3332 V.
465 3279 544 3346 epist.
555 3277 695 3333 Benedicti
714 3295 756 3348 ap.
770 3278 901 3348 Rsynsld.
921 3295 945 3332 a
961 3277 1038 3333 taut.
1057 3293 1083 3332 n.
1097 3278 1140 3332 29.
1163 3308 1191 3318 -
1214 3278 1332 3345 Quums
1354 3283 1389 3330 t·-

297 3359 411 3413 ultimus
428 3358 548 3428 Philippi
567 3359 676 3413 Pulchri
695 3359 767 3413 tilius
786 3359 897 3415 carolus
909 3358 951 3414 IV
969 3358 1089 3424 obiisset,
1107 3373 1158 3412 nec
1175 3373 1209 3412 ex
1228 3359 1304 3412 lines
1321 3358 1390 3412 direct

296 3437 511 3508 Gapetingorum
530 3439 618 3493 virilis
636 3445 789 3508 superesset
806 3439 961 3508 posteritas,
981 3438 1106 3494 mulieres
1124 3443 1218 3492 sutem
1233 3437 1342 3508 juxtsl

297 3519 412 3574 Salicum
438 3535 455 3573 s
477 3519 643 3574 successione
667 3519 882 3584 excluderentur,
907 3518 1034 3573 thronum
1053 3517 1158 3572 Galliae
1181 3519 1304 3574 ascendit
1324 3515 1381 3570 Phili

297 3615 348 3668 pus
366 3599 414 3664 VI,
433 3598 506 3653 filius
524 3599 614 3654 Caroli
632 3599 735 3654 Valesii
755 3600 850 3654 fratris
869 3599 990 3668 Phihppi
1010 3597 1126 3653 Pulchri.
1156 3599 1207 3653 Sed
1226 3599 1340 3654 Issbells
1361 3593 1388 3648 tili

297 3679 416 3748 Philippi
434 3679 551 3744 Pulchri,
567 3679 631 3748 jors
649 3681 683 3733 ad
702 3679 829 3735 thronum
847 3679 1004 3748 praetendit
1023 3695 1081 3733 esse
1099 3678 1154 3733 tillo
1172 3693 1221 3732 suo
1241 3677 1360 3734 Eduardo

296 3759 357 3828 regi
376 3759 502 3828 Anglise.
539 3761 581 3813 Er
609 3761 656 3814 illo
682 3769 802 3828 tempore
826 3760 900 3814 inter
924 3759 1016 3814 Gallos
1034 3765 1064 3813 et
1082 3761 1186 3830 Anglos
1211 3762 1338 3815 continue
1360 3755 1389 3808 tri

296 3839 431 3896 simultas.

371 3921 393 3989 ²)
412 3921 445 3977 V.
464 3921 597 3988 Rsynsld,
618 3937 642 3976 a.
664 3921 742 3978 1337.
763 3938 789 3977 u.
808 3923 832 3976 2.

371 4001 394 4069 ³)
413 3999 468 4056 Gir.
488 3999 584 4056 Hetsle
602 4001 633 4058 Τ.
653 4001 701 4057 VI.
720 4001 745 4072 g.
765 4001 825 4054 706.
856 4031 886 4040 -
918 3999 1086 4071 Dsmbergsr
1110 4001 1142 4056 T.
1162 4001 1237 4056 XIV.
1257 4017 1283 4070 p.
1301 4001 1355 4053 sss.

297 4083 402 4136 Auctor
419 4082 520 4136 tertiae
539 4081 622 4136 Vitae
640 4080 782 4135 Benedicti
795 4080 850 4134 XII
869 4079 978 4134 scribit:
1000 4079 1060 4148 ,111
1079 4077 1143 4134 Idus
1162 4080 1266 4149 Aprilis
1284 4075 1379 4148 respond

297 4159 444 4229 praedictis
463 4161 575 4228 nuntiis,
595 4161 664 4227 quod
683 4161 806 4214 dominus
825 4175 916 4214 eorum
935 4175 988 4214 non
1007 4165 1079 4214 emet
1097 4161 1248 4228 poenitens,
1273 4171 1300 4215 st
1322 4157 1383 4212 tter

297 4241 332 4294 sd
358 4255 485 4309 praeseus
513 4241 600 4310 ipsum
627 4257 682 4295 non
707 4254 785 4308 posse
807 4239 938 4294 absolvit
978 4241 1029 4306 Ap.
1047 4237 1141 4296 lent.
1161 4239 1219 4294 Vit
1252 4241 1324 4294 Pont.
1342 4237 1364 4290 Τ.
