2902 4848
322 1555 686 1678 Dissertatio
731 1557 1066 1703 trigesima
1104 1559 1347 1707 quinta.

369 1816 431 1896 Ite
461 1814 660 1897 Concilio
690 1815 935 1898 Baslleensl
964 1837 1023 1898 ac·
1047 1817 1101 1898 de
1131 1817 1310 1917 synodo

701 1931 977 2014 Florentlna.

755 2147 916 2157 ——n-ffl

121 2267 296 2328 ⁰¹⁸⁸lfftll⁰s
366 2291 394 2352 1.
442 2269 541 2350 trevi
565 2297 713 2371 tempore
737 2297 812 2372 post
836 2285 1024 2352 Concilium
1048 2288 1304 2354 Constantiense
1334 2287 1396 2350 duo

120 2352 339 2448 ΠΜΜωωᾈιΙίει
363 2395 476 2448 secuta
499 2395 577 2448 sunt
592 2381 751 2465 Concilio,
775 2383 966 2449 Basileense
981 2395 1015 2450 et
1030 2385 1271 2452 Florentinum.
1299 2385 1393 2450 Haud

274 2484 387 2568 exigui
413 2483 570 2547 momenti
595 2480 693 2546 ambo
719 2481 802 2546 haec
820 2481 970 2546 Concilia
994 2483 1130 2547 fuerunt
1153 2505 1211 2570 pro
1229 2483 1395 2547 Ecclesiae

273 2580 363 2662 fatie,
395 2580 453 2644 aed
479 2579 577 2644 valde
601 2579 748 2664 disparia
771 2590 842 2644 turn
867 2579 979 2644 indole
1003 2591 1072 2644 tum
1099 2583 1201 2645 exitu.
1248 2582 1290 2645 In
1316 2579 1393 2644 Con-

274 2677 349 2742 cilio
366 2677 548 2743 Basileensi
573 2677 718 2741 audaces
743 2677 819 2741 illae
844 2677 1070 2743 doctrinaeac
1086 2679 1289 2760 tendentiae,
1315 2699 1394 2764 quac

268 2776 339 2860 jam
365 2778 399 2839 in
425 2773 582 2840 Consiliis
604 2775 701 2840 Pisae
730 2787 763 2840 et
787 2777 1001 2841 Constantios
1033 2777 1157 2842 habitis
1190 2779 1333 2842 nimium
1364 2797 1394 2839 se

273 2874 537 2955 manifestarunt,
568 2873 702 2939 ultimos
733 2874 835 2938 veluti
869 2875 992 2940 limites
1022 2887 1246 2956 excesserunt,
1286 2877 1333 2939 ita
1364 2887 1395 2938 ut

178 2979 181 2984 ’
244 2972 418 3055 Jdignitas
456 2981 489 3034 et
526 2975 706 3037 auctoritas
745 2972 840 3037 Sedis
880 2973 1093 3058 Apostolicae
1137 2974 1173 3037 in
1212 2976 1392 3037 maximum

273 3071 452 3134 discrimen
485 3079 674 3152 vocaretur,
706 3080 739 3134 et
763 3069 918 3152 Synodus
951 3083 1117 3156 postremo
1149 3081 1335 3136 verteretur
1364 3071 1392 3134 in

214 3159 223 3174 ’
273 3167 558 3232 schismaticorum
593 3168 863 3232 conciliabulum.
911 3170 950 3232 In
976 3168 1126 3234 Concilio
1162 3191 1240 3233 vero
1263 3168 1393 3233 Florem

272 3269 341 3330 tino
366 3264 508 3330 Sanctae
521 3263 615 3330 Sedis
640 3267 800 3350 primatus
825 3275 857 3328 et
880 3268 1060 3332 auctoritas
1085 3269 1231 3332 maxime
1255 3267 1392 3353 resplen-

274 3363 430 3444 duerunt,
463 3373 495 3426 et
525 3361 660 3426 obtenta
695 3365 817 3427 unione
848 3362 1054 3428 Graecorum
1084 3364 1311 3428 faustissimus
1338 3366 1393 3429 fuir

273 3461 372 3546 hujus
409 3460 535 3546 Synodi
575 3462 695 3525 exitus.
743 3461 889 3525 Divinae
926 3472 1038 3526 autem
1077 3463 1312 3547 providentiae
1350 3476 1393 3524 est

270 3558 497 3640 tribuendum,
523 3568 555 3622 et
577 3557 812 3622 admirandum
836 3559 926 3644 apud
951 3570 1098 3624 sensatos
1122 3559 1285 3643 homines,
1311 3559 1390 3646 quod

271 3657 474 3721 schismatici
491 3653 621 3737 Graeci,
638 3665 674 3719 ut
686 3655 857 3721 Ecclesiae
873 3659 1134 3738 restituerentur,
1156 3657 1391 3742 amplissimam

271 3755 508 3841 professionem
539 3753 716 3818 ediderunt
745 3754 1041 3840 definitionemque
1065 3754 1327 3840 comprobarunt
1356 3756 1391 3818 dc

253 3853 415 3937 'primatu
430 3850 552 3937 Papae,
577 3872 675 3937 quem
695 3851 911 3934 Basileenses,
937 3875 1040 3939 quum
1066 3855 1260 3918 universam
1284 3853 1391 3919 Eccle-

271 3952 354 4014 siam
386 3951 421 4012 in
453 3971 486 4013 se
519 3951 600 4034 ipsis
629 3961 910 4035 repraesentatam
943 3951 1198 4032 contenderent,
1233 3952 1317 4016 adeo
1349 3955 1390 4015 in·

271 4046 459 4111 verecunde
489 4046 729 4132 depresserant.
776 4047 832 4112 Sic
865 4071 902 4113 eo
934 4059 1100 4135 tempore,
1137 4071 1203 4136 quo
1235 4052 1390 4136 primatus

272 4147 405 4210 incaute
429 4154 461 4208 et
483 4147 658 4209 temerarie
682 4169 702 4210 a
727 4146 838 4210 multis
862 4145 1032 4212 Ecclesiae
1057 4145 1134 4212 filiis
1157 4147 1392 4214 obscurabatur
