2828 4842
276 395 330 451 296
545 395 647 453 XXVI.
667 396 706 450 De
725 397 890 452 Pontificatu
908 395 1062 452 innocentii
1081 396 1132 452 111.

102 543 262 654 ¹³:32¹?
277 543 395 625 ingens
418 540 512 605 fieret
538 551 731 626 apparatus,
764 540 909 606 Comites
933 538 1118 605 Galliarum
1149 563 1248 606 cruce
1279 544 1393 626 signati

125 668 240 708 naara
278 641 440 704 miserunt
470 641 604 704 nuntios
631 661 707 704 suos
737 641 773 703 in
795 639 927 703 Italiam
960 638 1002 702 ad
1026 638 1156 703 Ducem
1186 649 1220 702 et
1243 640 1395 725 populum

277 735 492 818 Venetorum,
516 729 614 801 ut‘ab
639 739 686 801 eis
710 736 773 814 sibi
799 737 1022 801 conducerent
1045 738 1182 820 navigia
1205 751 1393 824 opportuna.

276 834 469 899 Tractatum
495 845 546 898 est
566 836 667 898 etiam
691 836 778 899 inter
801 857 856 899 eos
873 835 914 900 de
931 836 1089 900 societate
1105 836 1230 920 pariter
1243 835 1395 902 ineunda.

274 931 320 996 Et
342 942 517 1018 postquam
542 932 604 998 sub
629 935 727 998 certis
751 933 962 1020 pactionibus
986 944 1225 1015 convenerunt,
1257 956 1395 999 commu·

275 1032 362 1095 niter
385 1041 434 1094 est
457 1033 639 1116 provisum,
672 1040 718 1114 ut,
748 1030 876 1118 aliquot
898 1033 931 1096 in
957 1032 1089 1116 Syriam
1113 1030 1296 1110 destinatis,
1329 1055 1396 1096 cae·

275 1131 336 1193 teri
360 1129 534 1193 tenderent
557 1131 592 1192 in
615 1128 836 1214 Aegyptum,
856 1140 892 1193 ut
915 1137 1072 1215 caperent
1096 1127 1338 1194 Alexandriam
1368 1143 1400 1194 et

275 1228 434 1291 finitimas
456 1229 617 1311 regiones,
648 1229 761 1314 sicque
785 1238 872 1293 terra
896 1239 1010 1294 sancta
1039 1227 1238 1292 liberaretur
1270 1227 1406 1292 facilins

276 1325 317 1389 de
349 1323 504 1389 manibus
534 1348 751 1411 paganorum.
799 1327 866 1392 Ubi
892 1348 968 1412 ergo
994 1326 1116 1390 Franci
1140 1337 1173 1389 et
1203 1325 1324 1390 Veneti
1354 1349 1399 1389 so·

276 1425 429 1487 oietatem
454 1423 645 1509 hujusmodi
669 1425 903 1507 firmaverunt,
936 1424 1067 1509 utrique
1091 1422 1189 1487 simul
1214 1423 1256 1487 ad
1282 1423 1398 1488 Sadem

275 1519 502 1607 Apostolicam
534 1524 668 1587 nuntios
701 1522 962 1602 destinaverunt,
999 1530 1157 1608 petentes,
1193 1532 1230 1583 ut
1252 1543 1401 1585 summus

275 1619 430 1683 Pontifex
461 1622 631 1704 pactiones
655 1621 847 1706 hujusmodi
871 1622 959 1684 inter
982 1643 1016 1684 se
1039 1619 1144 1683 factas
1169 1641 1226 1705 pro
1251 1619 1399 1684 subsidio

275 1725 381 1780 terrae
405 1727 538 1781 sanctae
561 1740 620 1803 pro
645 1716 1046 1803 auctoritateApostolioa
1069 1716 1291 1784 confirmaret.
1328 1717 1401 1802 Ipse

275 1837 365 1896 vero,
397 1815 486 1901 quod
509 1816 694 1879 futurorum
726 1826 810 1880 esset
841 1817 1064 1901 praesagiens,
1096 1824 1191 1878 caute
1220 1817 1408 1901 respondit

184 1981 194 1994 „
276 1913 365 1999 quod
390 1915 627 1977 conventiones
651 1913 725 1977 illas
749 1916 795 1977 ita
819 1913 956 1977 duceret
972 1913 1225 1984 confirmandas,
1251 1923 1288 1977 ut
1312 1913 1400 1978 vide-

274 2010 353 2075 licet
383 2009 430 2076 illi
455 2009 663 2076 Christianos
695 2033 762 2076 non
793 2011 971 2092 laederent,
1003 2013 1068 2075 nisi
1091 2011 1173 2087 sorte
1202 2013 1264 2074 iter
1289 2034 1401 2075 eorum

276 2109 323 2174 illi
348 2111 500 2195 nequiter
523 2109 733 2195 impedirent,
758 2118 817 2173 aut
839 2107 904 2173 alia
929 2131 1029 2172 causa
1040 2109 1132 2195 justa
1148 2108 1201 2172 vel
1216 2113 1409 2175 necessarial

275 2207 386 2272 forsan
410 2219 606 2291 occurreret,
640 2217 774 2292 propter
806 2228 906 2292 quam
931 2206 1021 2271 aliud
1046 2229 1144 2290 agere
1167 2229 1234 2270 non
1257 2221 1402 2292 possent,

276 2304 489 2390 Apostolicae
513 2305 609 2372 Sedis
637 2303 737 2391 legati
763 2303 899 2369 consilio
925 2304 1114 2368 accedente.
1148 2303 1264 2370 Veneti
1291 2315 1401 2370 autern

276 2404 562 2468 confirmationem
586 2402 648 2467 sub
673 2402 736 2467 hoc
759 2411 872 2467 tenore
896 2404 1044 2488 recipere
1068 2401 1254 2469 noluerunt.
1308 2404 1410 2468 Unde?

276 2524 334 2587 pro
354 2511 442 2566 certo
468 2502 652 2588 conjicitur,
677 2498 784 2587 qualis
807 2501 907 2569 fuerit
931 2521 1044 2564 eorum
1068 2501 1219 2584 intentio,
1243 2524 1308 2587 par
1332 2503 1402 2566 effe·

276 2608 367 2664 ctum
391 2601 499 2686 operis
522 2609 636 2685 postea
660 2597 896 2684 declarata.“¹)

365 2697 487 2761 Narrat
515 2697 636 2762 deinde
666 2706 782 2761 auctor
808 2696 983 2773 Gestorum,
1016 2695 1181 2780 quomodo
1206 2695 1402 2762 Theobaldo

276 2793 405 2860 Comite
428 2796 596 2876 Trecensi,
629 2797 685 2881 qni
710 2796 745 2859 in
770 2794 888 2859 ducem
913 2793 1137 2878 expeditionis
1167 2792 1294 2857 electus
1326 2807 1403 2860 erat.

276 2905 485 2978 praemature
509 2915 526 2956 e
550 2894 639 2956 vivis
668 2890 811 2972 sublato,
844 2915 863 2955 a
889 2889 1074 2956 Comitibus
1097 2891 1296 2956 Bonifacius
1323 2895 1403 2957 Mar-

276 2990 351 3054 chio
369 2991 604 3055 Montisferrati
628 2990 699 3054 dux
715 2989 895 3054 christiano
913 2991 1073 3053 exercitui
1090 2991 1278 3075 praefectus
1294 2989 1401 3054 fuerit

275 3089 309 3151 Is
339 3110 442 3174 quum
473 3091 508 3152 in
532 3086 748 3152 Germaniam
778 3087 946 3173 profectus
974 3088 1185 3152 convenisset
1207 3087 1402 3174 Philippum

276 3185 420 3252 Sueviae
445 3187 573 3267 ducem,
608 3185 733 3250 ibidem
757 3185 880 3249 dicitur
903 3185 1038 3250 obviam
1063 3183 1219 3272 babuisse
1245 3184 1402 3251 Alexiunr

276 3283 530 3366 adolescentem,
561 3282 667 3347 filium
691 3283 796 3348 Isaaci
825 3283 1039 3369 imperatoris
1064 3281 1201 3363 OPtani,
1234 3305 1253 3346 a
1285 3295 1402 3369 patruo

276 3381 407 3464 Alexis,
438 3385 495 3467 qui
518 3384 670 3446 Isaacum
696 3383 731 3444 in
756 3403 922 3445 carcerem
947 3381 1140 3462 detruserat,
1172 3402 1321 3464 eregno
1346 3383 1402 3468 eje·

277 3490 377 3545 ctum.
414 3479 478 3544 Hic
503 3501 598 3566 porro
624 3482 727 3566 petiit,
752 3489 789 3544 ut
811 3502 873 3566 ope
897 3482 1143 3566 crucigerorum
1168 3482 1202 3543 in
1219 3479 1401 3566 Imperium

276 3580 512 3642 restitueretur.
564 3581 637 3662 „De
661 3600 735 3665 quo,
761 3601 863 3665 quum
889 3579 977 3643 idem
1003 3577 1150 3642 marchio
1174 3577 1217 3642 ad
1234 3601 1402 3644 summum

275 3676 471 3741 Pontificem
496 3678 697 3759 accessisset,
731 3679 840 3763 coepit
863 3699 960 3762 agere
985 3701 1004 3740 a
1028 3678 1176 3758 remotis;
1216 3675 1275 3740 sed
1302 3699 1402 3765 quum

275 3774 502 3856 intellexisset,
526 3776 631 3861 ipsius
647 3776 795 3839 animum
815 3775 940 3840 adhoc
963 3797 1030 3838 non
1055 3797 1125 3838 esse
1149 3773 1328 3856 directum,
1353 3797 1402 3838 ex·

277 3873 398 3958 peditis
421 3875 563 3956 negotiis
586 3873 628 3938 ad
653 3875 761 3937 crucis
777 3874 924 3938 officium
941 3872 1185 3958 pertinentibus
1208 3871 1252 3936 ad
1268 3877 1402 3960 propria

275 3972 469 4038 remeavit.“

353 4184 372 4250 ¹)
392 4182 485 4250 Gesta,
503 4199 530 4237 n.
549 4185 593 4238 83
