3000 4838
343 484 377 537 76
538 483 642 538 xxrn.
660 482 701 538 De
719 488 796 536 statu
814 482 914 536 Eccles.
934 480 1018 548 priori
1036 479 1123 534 medio
1141 495 1210 536 saec.
1229 479 1290 536 ΧΗ,

342 648 404 690 nec
434 625 628 691 dissimilius
651 627 772 710 Deum,
805 625 885 712 quia
914 622 1154 710 plenitudinem
1184 624 1326 710 Spiritus
1349 623 1462 689 Sancti

341 725 532 809 accepisset.
579 725 619 788 In
642 745 709 809 qua
732 723 1000 808 praesumptione
1024 720 1106 785 adeo
1130 720 1242 804 illusit,
1268 730 1305 786 ut
1327 722 1463 808 quidam

341 823 376 886 in
407 842 445 885 10
478 821 688 886 divinitatem
719 829 966 900 venerarentur,
1003 821 1038 882 in
1065 828 1194 882 tantum
1218 828 1256 882 ut
1278 817 1389 883 balnei
1414 821 1463 882 sui

342 941 463 1006 aquam
486 918 667 1005 potandam
691 917 881 983 stultissimo
905 916 1027 1003 populo
1050 939 1109 1002 pro
1124 916 1356 982 benedictione
1382 916 1464 982 divi·

342 1016 443 1099 deret,
469 1017 561 1082 velut
583 1019 744 1082 sacratius
764 1027 797 1081 et
811 1016 980 1081 efficacius
997 1025 1241 1080 sacramentum
1256 1015 1464 1110 profuturum

342 1113 438 1179 saluti
472 1116 618 1200 corporis
650 1125 682 1179 et
713 1117 855 1180 animae.
881 1164 888 1178 .
914 1164 922 1179 .
949 1165 956 1178 .
981 1113 1055 1178 Hoc
1078 1111 1122 1178 ad
1151 1135 1315 1177 summam
1340 1112 1465 1177 dixisse

342 1211 496 1293 sufficiat,
529 1235 581 1277 res
612 1213 745 1278 divinas
778 1215 812 1277 in
842 1223 970 1277 tantum
1000 1213 1132 1276 venisse
1156 1221 1394 1297 contemptum,
1434 1222 1467 1274 ut

342 1320 513 1394 reputetur
536 1313 681 1375 sanctior
704 1309 902 1396 cuicumque
925 1311 1026 1374 fuerit
1039 1309 1191 1374 Ecclesia
1215 1311 1466 1397 despectior.“¹)

342 1405 547 1491 Antverpiae
572 1405 649 1472 dein
673 1408 784 1474 adhuc
809 1409 967 1493 majorem
991 1406 1273 1492 perturbationem
1294 1409 1467 1488 excitavit,

342 1505 377 1568 in
407 1503 574 1568 luxuriam
604 1504 703 1591 plane
726 1507 867 1587 effusus,
903 1507 1085 1569 maximam
1109 1516 1220 1569 autem
1244 1526 1372 1569 morum
1398 1527 1466 1568 cor·

342 1604 529 1687 ruptionem
554 1604 589 1667 in
613 1605 676 1667 ista
699 1605 834 1667 civitate
857 1624 898 1666 ac
920 1603 1054 1686 regione
1077 1602 1222 1667 induxit.
1265 1604 1305 1667 In
1330 1603 1467 1666 cerebro

342 1721 516 1785 percussus
540 1701 610 1786 ipse
634 1700 767 1786 quidem
793 1721 880 1765 anno
909 1700 993 1764 1115
1023 1702 1207 1764 exstinctus
1231 1712 1290 1783 111,
1323 1701 1381 1764 sed
1413 1723 1467 1764 nc·

342 1797 427 1861 faria
451 1808 540 1861 secta
563 1799 714 1884 perstitit.
748 1798 846 1862 Anno
863 1799 949 1862 1124
973 1819 1051 1862 vero
1076 1821 1100 1862 s.
1117 1797 1308 1879 Norbertus,
1333 1801 1467 1862 canoni·

343 1916 456 1959 corum
481 1895 857 1960 Prasmonstratensium
882 1918 1015 1981 parens,
1048 1895 1285 1961 aBurchardo
1310 1898 1469 1982 episcopo

344 1991 577 2058 cameracensi
610 2004 747 2058 vocatus
777 1993 1013 2079 Antverpiam,
1047 2016 1101 2058 eos
1129 2016 1211 2080 qnos
1240 1993 1469 2059 Tanchelinus

344 2092 378 2154 in
409 2093 528 2155 erroris
558 2102 591 2157 et
621 2093 841 2175 perversionis
866 2093 955 2155 viam
980 2091 1167 2174 seduxerat,
1202 2092 1245 2156 ad
1269 2092 1469 2156 catholicam

343 2189 517 2252 veritatem
542 2197 574 2252 11
597 2189 801 2274 religionem,
826 2201 925 2275 atque
949 2190 992 2254 ad
1017 2200 1297 2254 sacramentorum
1321 2213 1422 2254 usum
1441 2203 1471 2253 et

344 2309 384 2349 11.
409 2286 641 2350 Eucharistiae
673 2286 797 2351 cultum
829 2287 972 2353 reduxit.
1020 2288 1093 2351 Hac
1127 2287 1168 2352 de
1192 2289 1292 2352 cairsa
1315 2290 1471 2352 canonici

345 2383 605 2470 Antverpienscs
645 2384 686 2448 de
725 2385 862 2450 consilio
886 2386 1072 2450 Burchardi
1109 2387 1255 2472 episcopi
1294 2384 1472 2450 ecclesiam

344 2503 438 2546 suam
463 2505 487 2547 1.
511 2482 685 2546 Michaelis
709 2493 944 2548 concesserunt
967 2507 991 2550 s.
1008 2482 1183 2563 norberto,
1207 2484 1265 2569 qui
1290 2485 1324 2547 in
1348 2505 1388 2547 ea
1413 2483 1472 2547 ali·

345 2590 466 2663 quote
492 2578 663 2664 discipulis
688 2584 756 2644 suis
780 2583 959 2648 constituit.

438 2679 491 2742 117.
538 2674 665 2742 Similis
692 2681 823 2762 generis
854 2682 1013 2764 impostor
1039 2679 1104 2743 fuit
1135 2701 1172 2742 10
1204 2688 1352 2764 tempore
1377 2679 1473 2742 Eudo

347 2795 404 2838 seu
428 2775 499 2838 an
522 2776 561 2838 de
585 2773 697 2858 Stella,
728 2778 785 2862 qui
818 2799 943 2840 errores
966 2779 1137 2862 proposuit
1159 2787 1227 2840 tani
1251 2797 1403 2861 vesanos,
1441 2787 1479 2841 ut

346 2881 455 2936 mente
471 2882 604 2958 captum
624 2873 693 2936 fere
710 2873 878 2938 hominem
894 2875 1036 2958 dixeris3
1061 2874 1117 2938 sed
1133 2872 1349 2938 nihilominus
1372 2875 1474 2940 turba

345 2979 542 3034 sectatorum
567 2973 707 3056 stipatus
730 2972 938 3036 Britanniam
963 2975 1124 3037 minorem
1148 2970 1295 3057 aliasque
1318 2974 1475 3056 regiones

345 3069 424 3131 satis
448 3071 637 3132 commovit.
677 3069 729 3133 De
743 3071 814 3156 ipso
831 3070 1019 3135 Gulielmus
1035 3069 1284 3154 Nenbnrgensis
1300 3079 1341 3147 (a.
1362 3072 1474 3154 1197),

344 3165 386 3229 de
410 3165 508 3229 rebus
524 3165 666 3250 Angliae
691 3167 728 3232 L.
753 3167 780 3233 Ι.
806 3191 833 3232 1.
861 3169 918 3232 19:
946 3169 1061 3250 ,Eudo
1086 3170 1113 3231 11
1137 3167 1311 3232 dicebatur
1335 3172 1475 3234 natione

344 3264 446 3345 Brito,
471 3287 633 3350 agnomen
660 3264 787 3330 habens
811 3266 853 3330 de
876 3265 987 3347 Stella,
1019 3265 1245 3331 ludificatione
1269 3267 1474 3338 daemonum

345 3363 391 3424 ita
415 3361 634 3444 dementatus,
659 3373 695 3426 ut
719 3385 794 3427 curn
820 3385 969 3427 sermone
985 3361 1113 3427 Gallico
1131 3363 1202 3428 Eon
1228 3363 1404 3447 diceretur,
1431 3365 1476 3428 ad

345 3481 438 3523 suam
467 3482 642 3546 personam
673 3463 838 3546 pertinere
871 3461 1028 3544 crederet,
1064 3461 1153 3548 quod
1177 3463 1212 3525 in
1237 3461 1476 3527 ecclesiasticis

345 3560 538 3622 exorcismis
563 3558 694 3641 dicitur,
720 3559 847 3624 scilicet
872 3582 951 3644 ,per
975 3583 1060 3642 eum,
1086 3562 1142 3644 qui
1167 3569 1327 3624 venturus
1351 3571 1403 3624 est
1422 3564 1476 3647 jn·

346 3657 458 3721 dicare
482 3659 578 3720 vivos
602 3668 634 3720 et
657 3667 802 3721 mortuos
826 3667 859 3721 et
873 3656 1041 3722 saeculum
1056 3681 1116 3743 per
1130 3659 1272 3742 ignem.“
1304 3660 1356 3723 Ita
1373 3659 1476 3744 plane

345 3755 465 3836 fatuus,
491 3765 527 3818 ut
550 3756 664 3836 „Eon“
691 3765 722 3819 et
749 3760 864 3836 ,eum“
891 3757 1032 3820 nesciret
1057 3755 1271 3841 distinguere,
1296 3756 1354 3820 sed
1372 3779 1477 3844 supra

347 3852 481 3916 modum
506 3851 671 3937 stupenda
694 3854 855 3916 caecitate
879 3853 1036 3931 crederet,
1069 3876 1103 3916 se
1135 3875 1206 3918 esse
1231 3854 1475 3918 dominatorem

255 4003 258 4012 .
346 3960 378 4014 et
396 3950 545 4036 judicem
571 3952 723 4015 vivorum
749 3961 782 4014 et
804 3961 1017 4016 mortuorum.
1046 3951 1192 4038 Eratque
1216 3974 1275 4038 per
1289 3951 1479 4017 diabolicas

346 4051 541 4135 praestigias
574 4059 642 4112 tam
672 4058 788 4134 potens
819 4048 861 4112 ad
896 4049 1075 4134 capiendos
1106 4049 1307 4134 simplicium
1332 4054 1475 4134 animos,

420 4261 440 4330 ¹)
460 4260 514 4314 Cir.
535 4263 605 4314 Aeta
623 4261 789 4326 Sanctorum,
808 4260 885 4316 Junii
904 4260 925 4314 I.
945 4260 1006 4315 845.
