2964 4838
214 463 318 518 Causae
336 473 531 531 praeparantes
549 463 729 518 defectionem
748 462 971 518 Protestantiom.
1102 464 1157 516 475

123 606 175 672 80.
221 606 259 672 6⁰
281 606 458 672 1100000001
490 608 591 672 etiam
623 604 731 672 solent
760 605 899 692 quidam
923 627 1156 691 praecursores
1180 609 1317 647 mm*

42 703 284 783 reformationis,
314 706 372 790 qui
395 703 533 770 liberius
555 705 787 768 auctoritatem
812 703 982 769 Ecclesiae
1007 703 1061 768 vel
1085 703 1157 789 ejus
1166 671 1319 772 'iiiiii

41 803 200 866 doctrinas
231 803 479 890 impugnarunt.
526 800 624 866 Tales
655 812 743 866 certe
771 801 908 868 fuerunt
930 801 1094 866 Wielefus
1125 813 1157 866 et
1220 796 1265 835 ‘¹¹⁸‘

39 899 179 964 Joaunes
203 898 285 980 Hcs,
309 899 352 966 do
375 921 516 986 quorum
541 900 703 964 doctrinis
721 899 793 985 jam
818 902 957 985 egimus.
986 899 1156 964 Mediante

38 997 163 1063 soeculo
177 997 243 1064 XV
261 999 407 1064 Journes
423 998 573 1062 Weseliua
596 997 804 1080 (11100001
827 1021 847 1062 a
870 997 1018 1062 Weselia
1041 997 1156 1084 ortus),

40 1097 176 1179 primum
201 1096 235 1160 in
261 1095 487 1162 Universitata
502 1096 700 1176 Erfurtensi,
725 1095 803 1160 dein
828 1097 862 1159 in
879 1095 1062 1162 Basileensi
1086 1117 1157 1182 pro-

39 1193 143 1276 fessor,
168 1215 208 1258 ac
232 1194 366 1258 demum
391 1195 573 1258 canonicus
596 1203 629 1258 et
651 1193 862 1279 praedicator
872 1193 1033 1258 ecclesiae
1049 1193 1158 1258 cathe-

38 1289 133 1356 dralis
149 1289 413 1368 wormatiensis,
438 1293 612 1378 opiniones
627 1291 729 1356 falsas
744 1295 876 1378 sparsit,
900 1313 941 1356 ac
955 1292 1158 1377 jurisdictio·

39 1409 108 1452 nem
139 1398 173 1454 et
203 1391 436 1454 auctoritatem
459 1389 632 1454 Ecclesiae
663 1392 886 1476 impugnavit.
933 1387 1057 1454 Contra
1081 1413 1157 1456 eum

36 1486 75 1550 ab
97 1486 350 1574 archiepiscopo
367 1488 564 1572 Moguntiuo
588 1489 787 1574 inquisitum
810 1488 876 1551 fuit
890 1499 923 1552 et
937 1489 1062 1573 scripta
1085 1489 1158 1573 ejus

34 1583 206 1650 combusta
230 1595 317 1668 sunt,
344 1587 414 1670 ipse
430 1607 509 1649 vero
534 1588 569 1650 in
585 1587 823 1652 monasterium
841 1584 1006 1670 relegatus
1022 1609 1051 1651 a.
1073 1587 1155 1650 1481

37 1691 179 1748 mortuus
203 1693 262 1748 est.
286 1721 330 1730 -
354 1683 501 1750 Joannes
525 1683 564 1746 de
593 1681 679 1748 Gocl
710 1681 875 1768 (Puppar)
898 1681 979 1748 Ord.
1004 1706 1029 1746 s.
1046 1684 1159 1767 Augu-

33 1779 118 1860 stini,
144 1789 274 1846 tautum
297 1803 322 1846 s.
341 1779 531 1866 Scripturas
554 1792 592 1846 ut
614 1780 866 1866 regulamfidei
890 1780 1102 1866 agnoscebat,
1127 1792 1161 1846 et

36 1891 108 1942 vota
132 1880 317 1942 monastica
339 1877 595 1946 condemnabat.
626 1878 721 1944 Obiit
745 1881 816 1964 ipse
839 1902 870 1944 a.
890 1879 1043 1942 14111-
1062 1877 1160 1943 Alius

33 1975 167 2058 quidam
184 1976 330 2040 Jouuuee
355 1975 523 2042 Wersclics
538 1987 629 2042 ortus
645 1999 687 2042 ex
703 1977 826 2063 oppido
843 1974 1049 2060 Groningen,
1074 1978 1161 2042 inter

35 2071 199 2158 theologos
230 2073 319 2138 illius
348 2075 506 2158 temporis
534 2073 696 2154 famosus,
729 2077 829 2138 etiam
855 2077 1052 2160 opinionum
1076 2097 1159 2140 erro·

35 2191 170 2236 nearum
201 2181 376 2256 suspectus
403 2171 477 2252 fuit,
515 2171 681 2257 simulque
710 2171 848 2236 liberius
878 2172 1005 2238 abusus
1035 2175 1092 2260 qui
1124 2174 1158 2236 in

34 2266 183 2332 Ecclesia
207 2269 271 2353 ipsi
295 2268 413 2333 adesse
440 2267 641 2334 videbantur
670 2291 845 2354 aggressus
875 2282 934 2334 est.
981 2271 1160 2336 Processus

32 2364 166 2448 quidem
191 2368 226 2432 in
251 2368 360 2452 ipsum
385 2366 502 2450 factus,
536 2366 594 2432 sed
619 2387 685 2431 non
711 2368 950 2432 condemnatus
973 2368 1046 2450 fuit,
1077 2390 1159 2433 mor·

32 2471 173 2550 tuusque
197 2473 246 2528 est
269 2487 299 2530 0.
329 2465 413 2529 1489
439 2466 474 2528 10
498 2465 634 2530 civitate
659 2467 768 2549 patria
791 2464 996 2551 Groningen.
1028 2505 1071 2514 —
1100 2467 1159 2532 Te

34 2563 190 2626 merarius
224 2563 398 2646 opiniones
430 2561 583 2626 similiter
613 2585 653 2626 ea
684 2572 792 2627 aetate
824 2563 981 2630 Nicoluus
1007 2567 1091 2630 Rure
1125 2567 1159 2632 10

32 2658 168 2724 civitate
191 2659 338 2724 Rostock
371 2659 614 2744 propugnabat,
653 2681 756 2745 quum
788 2661 822 2724 in
848 2661 1029 2726 monachos
1059 2673 1159 2750 01000

33 2756 64 2817 10
95 2755 319 2822 hierarchiam
349 2755 537 2838 Ecclesiae,
578 2759 612 2822 iu
643 2756 769 2822 cultum
803 2769 992 2824 sanctorum
1026 2772 1059 2826 et
1089 2759 1161 2826 reli·

29 2855 186 2936 quiarum
211 2866 243 2920 et
267 2865 382 2920 contra
407 2854 633 2940 indulgentias
656 2855 815 2922 audacter
839 2857 1050 2924 declamaret.

119 2954 176 3018 81.
204 2952 307 3018 Plane
332 2955 495 3018 immerito
511 2954 725 3040 Hieronymus
741 2953 944 3020 8000000010
967 2958 1053 3020 10100
1069 2979 1160 3042 prae-

29 3070 181 3116 cursores
204 3050 343 3116 liutheri
372 3063 573 3116 recensetur.
619 3052 755 3116 Etenim
784 3052 953 3120 doctrinas
977 3053 1160 3118 haeieticas

29 3143 220 3212 nullatenus
243 3150 372 3234 sparsit.
413 3147 479 3214 Sed
504 3151 739 3236 intempestivo
764 3151 906 3238 quodam
928 3152 1046 3216 ardore
1062 3153 1160 3218 refor-

31 3248 187 3312 mationis
218 3258 251 3311 et
274 3249 487 3312 correctionis
511 3246 670 3333 abreptus
693 3257 759 3330 est,
796 3259 832 3312 ut
855 3251 953 3336 aequi
984 3249 1162 3314 excederet

28 3339 169 3426 limites,
207 3343 313 3408 donec
346 3345 439 3408 triste
463 3343 527 3408 sibi
559 3346 723 3409 conscivit
746 3345 958 3432 supplicium.
1007 3347 1058 3410 De
1088 3349 1160 3432 ipso

27 3439 110 3522 quid
138 3440 381 3527 judicandum,
418 3464 521 3528 usque
552 3442 595 3507 ad
626 3452 776 3528 tempora
800 3455 912 3508 nostra
943 3445 1043 3510 etiam
1075 3448 1162 3509 iuter

29 3535 143 3602 doctos
182 3549 215 3602 et
249 3541 322 3626 pios
360 3542 627 3604 controvertitur.
687 3540 801 3606 Placet
839 3564 878 3606 ea
917 3545 1037 3626 citare,
1074 3565 1160 3630 quae

29 3632 131 3699 habet
154 3636 349 3722 Raynaldus
373 3636 416 3701 ad
440 3660 470 3702 a.
499 3639 593 3702 1498.
619 3661 650 3704 0.
678 3639 720 3703 10
743 3661 834 3726 000.;
859 3662 937 3705 nam
961 3643 1061 3706 etiam
1085 3663 1160 3706 con·

28 3732 184 3798 sideratis
215 3737 255 3799 iis
285 3759 371 3822 quac
402 3759 422 3800 a
453 3737 695 3802 recentioribus
729 3737 770 3802 de
802 3738 1006 3806 Savonarola
1038 3742 1162 3826 scripta

28 3842 123 3913 0001,
157 3831 322 3917 Raynaldi
347 3832 463 3898 relatio
489 3835 602 3899 brevis
626 3837 672 3899 rei
705 3844 739 3898 01
761 3838 965 3921 quaestionis
995 3859 1161 3902 summam

27 3931 107 3993 satis
132 3927 221 3995 clare
245 3930 407 3996 exhibere
424 3930 565 3998 videtur.
609 3931 704 4014 „Hoc
729 3932 845 3997 eodem
867 3953 954 3998 anno
973 3934 1161 3999 Florentiae

27 4161 144 4216 01010100
170 4161 210 4216 VI
238 4159 331 4227 (Wien
356 4161 447 4229 1880),
476 4159 509 4216 h.
528 4162 559 4229 13
583 4162 640 4216 010.
669 4162 753 4218 stiam
780 4163 892 4228 danaen,
924 4164 1084 4220 Geschichte
1115 4167 1162 4220 des

28 4241 183 4295 deutschen
202 4240 310 4306 Volkes,
329 4241 360 4298 T.
380 4242 417 4300 11.
437 4240 468 4298 L.
490 4242 512 4299 1.
