2836 4848
226 458 315 513 Lucta
332 459 463 514 Friderici
481 460 511 513 11
529 475 589 513 cum
608 459 665 514 RR.
685 458 869 513 Pontificibus.
1058 461 1110 514 397

30 599 84 662 obiit
104 601 150 666 die
176 603 233 667 18⁰
257 602 368 666 Martii
392 627 423 668 a.
452 605 535 667 1227
560 603 709 689 adeoque
733 615 912 690 antequam
938 603 1111 669 biennium

27 696 182 783 Imperatori
213 721 405 766 concessum
444 703 622 765 terminum
653 702 825 785 attigisset.
884 702 1009 767 Novies
1048 702 1109 766 sub

26 795 74 878 ipso
87 797 267 862 Fridericus
291 798 538 885 expeditionem
556 800 739 863 cruciatam
758 800 947 884 juramento
971 797 1110 864 solemni

24 917 45 956 se
67 895 217 960 iacturum
248 898 453 981 promiserat,
487 918 550 960 nec
579 897 692 982 jurata
725 918 869 983 eousque
904 897 1110 982 impleverat.

24 991 59 1054 ld
78 991 198 1058 ultimos
230 1015 309 1057 vero
333 993 455 1058 limites
480 993 620 1058 Honorii
652 994 859 1079 indulgentia
890 1003 1109 1080 processerat;

22 1112 65 1173 qno
86 1094 181 1174 magis
205 1103 305 1176 patet,
331 1094 448 1156 merito
469 1113 674 1157 successores
697 1094 769 1178 ejus
787 1094 937 1179 justitiae
962 1093 1109 1176 vigorem

21 1187 282 1274 inlmperatorem
306 1189 510 1254 adhibuisse.
534 1227 578 1239 --
601 1189 714 1254 Altero
738 1201 812 1276 post
827 1190 955 1255 obitum
971 1189 1110 1254 Honorii

19 1285 103 1349 disin
125 1287 195 1372 ejus
219 1285 328 1351 locum
357 1289 505 1352 omnium
531 1286 760 1353 Cardinalium
792 1311 955 1354 consensu
986 1287 1280 1366 electnscregssusrx

18 1383 63 1445 luit
90 1385 257 1471 Greporias
279 1387 336 1466 IX,
368 1398 467 1450 antea
497 1385 682 1472 appellatus
714 1387 891 1471 Ugolinus,
923 1385 1109 1452 Cardinalis
1163 1379 1190 1418 Β·
1206 1379 1233 1418 ¹³·

17 1481 172 1568 Episcopus
197 1482 372 1565 Ostiensis,
407 1486 496 1548 vitae
519 1483 693 1568 probitate,
727 1487 830 1548 animi
854 1485 1048 1550 fortitudine
1072 1505 1111 1547 ac

17 1578 138 1646 doctrina
161 1585 373 1667 conspicuus,
406 1584 463 1668 qui
488 1582 672 1647 Ecclesiam
703 1583 905 1668 gubernavit
934 1604 1038 1668 usque
1068 1580 1111 1645 ad

16 1699 112 1743 annum
137 1681 235 1744 1241.
284 1680 325 1760 Is,
351 1702 453 1766 quum
478 1703 529 1744 res
553 1691 660 1744 terrae
684 1692 819 1746 sanctae
842 1684 877 1745 in
903 1702 1031 1745 summo
1048 1680 1110 1746 dis·

15 1777 125 1842 crimine
147 1788 269 1860 essent,
295 1780 458 1865 imprimis
481 1779 691 1844 adlaboravit
704 1779 939 1844 contrahendis
963 1781 1111 1866 undique

13 1875 119 1940 auxiliis
142 1873 275 1940 bellicis
299 1886 413 1941 contra
437 1877 573 1959 Turcas,
598 1887 698 1963 atque
721 1880 821 1942 etiarn
845 1876 1053 1941 Fridericum
1078 1878 1111 1942 ll

12 1973 118 2036 enixius
148 1977 297 2056 monuit,
329 1985 375 2055 ut,
406 1975 687 2061 quemadmodum
718 1976 949 2061 spoponderat,
983 1999 1110 2040 sacram

12 2073 237 2154 expeditionem
269 2074 461 2158 susciperet.
514 2072 699 2157 Imperator
728 2073 908 2158 respondit,
940 2095 974 2136 se
1005 2073 1037 2137 id
1067 2073 1111 2137 fa-

11 2177 125 2250 cturum,
151 2181 186 2234 et
211 2170 329 2248 edixit,
362 2181 399 2234 ut
422 2172 584 2253 crucigeri
608 2169 834 2236 Brundusium
860 2174 894 2234 in
917 2170 1015 2235 Italia
1038 2193 1113 2236 con·

10 2269 137 2332 venirent
159 2269 206 2332 ad
233 2268 322 2332 diem
346 2269 465 2332 festum
490 2269 737 2354 Assumptionis
760 2269 799 2332 B.
813 2270 854 2334 V.
878 2269 1015 2335 Mariae.

75 2420 103 2484 9.
134 2419 262 2504 Reipsa
285 2421 452 2483 numerosi
484 2419 658 2498 exercitus,
690 2442 732 2482 ex
765 2420 833 2484 sola
866 2419 999 2506 Anglia,
1029 2431 1112 2486 teste

8 2509 137 2580 llatbaeo
161 2517 306 2598 Parisio,
338 2519 512 2601 sexaginta
543 2518 690 2581 virorum
722 2517 839 2601 millia,
874 2527 1111 2584 convenerunt.

7 2612 39 2674 At
57 2615 249 2680 Fridericus
273 2617 428 2679 continue
453 2637 562 2680 moras
585 2625 722 2680 nectens
746 2637 844 2680 causa
862 2618 997 2699 exstitit,
1023 2615 1111 2701 quod
1125 2622 1266 2725 offlam

8 2715 130 2776 maxima
154 2714 405 2798 crucigerorum
430 2736 506 2799 pars
529 2712 756 2779 saevientibus
780 2714 953 2796 caloribus,
988 2714 1111 2778 morbis
1174 2746 1229 2786 aa.
1267 2706 1274 2715 ’

7 2807 121 2897 aliisque
146 2810 373 2876 incommodis
397 2813 544 2896 perierit,
576 2811 693 2896 reliqui
725 2833 802 2876 vero
836 2814 871 2877 in
901 2824 1005 2877 terras
1036 2835 1112 2876 suas

7 2907 151 2975 redierint.
203 2909 305 2988 Quod
329 2909 454 2975 factum
478 2907 700 2994 Imperatoris,
726 2911 774 2972 ait
798 2909 984 2976 Matthaeus
1007 2911 1110 2992 Paris,
1199 2935 1205 2944 ·

7 3005 34 3066 td
54 3031 80 3070 a.
105 3009 207 3087 1227,
242 3007 391 3070 damnose
413 3009 508 3071 nimis
531 3005 724 3070 rediendcct't
754 3009 789 3070 itt
812 3008 945 3072 dedecus
969 3019 999 3072 et
1015 3030 1111 3095 prae-

7 3105 134 3178 iudicium
160 3107 264 3170 totius
286 3107 405 3192 negotii
431 3104 591 3190 Cracifinri.
643 3105 733 3169 Dum
764 3106 798 3169 id
828 3106 960 3170 audivit
989 3105 1111 3191 Grego-

7 3203 54 3264 rius
75 3205 135 3286 lX,
162 3205 223 3268 die
248 3203 527 3289 29⁰Septembris
557 3205 636 3268 anni
663 3204 747 3267 1221
774 3205 981 3288 congregatis
1004 3206 1039 3268 in
1063 3227 1111 3268 ec·

7 3297 83 3365 clesie
98 3303 192 3390 apud
213 3302 403 3386 Anagniam
421 3300 665 3384 Cardinalibus,
686 3303 850 3388 episcopis
866 3302 1006 3388 aliisque
1021 3324 1111 3389 prae·

7 3401 68 3478 atis,
96 3402 342 3487 Imperatorem
367 3401 693 3464 excommunicatum
727 3399 918 3464 declaravit.
969 3399 1113 3464 Exstant

7 3493 50 3558 lata
78 3499 117 3562 de
149 3521 188 3564 re
222 3496 350 3562 litterae
383 3497 537 3582 Gregorii
560 3497 627 3578 IX,
659 3499 790 3582 egregie
822 3500 1037 3583 conscriptae,
1068 3497 1112 3561 ad

7 3601 92 3662 tanos
114 3595 302 3685 praesules,
327 3595 448 3682 quibus
471 3619 514 3660 ex
537 3595 653 3660 ordine
669 3606 849 3661 eventuum
873 3598 990 3660 seriem
1014 3618 1113 3681 expo·

7 3693 46 3766 rit,
67 3707 166 3782 atque
193 3697 313 3780 aperit,
341 3696 524 3758 necessario
549 3695 886 3758 excommunicationi
904 3693 1112 3758 Fridericum

7 3792 239 3877 subjiciendum
274 3792 384 3858 fuisse.
445 3791 556 3872 Quum
592 3814 635 3855 ex
670 3790 733 3855 hac
768 3791 905 3877 epistola
937 3794 1037 3856 totius
1066 3793 1112 3856 rei

7 3905 191 3958 nomentum
227 3893 350 3977 optime
384 3892 611 3976 perspiciatur,
642 3888 807 3974 quaedam
835 3889 972 3975 juvabit
1003 3912 1045 3954 ex
1073 3911 1113 3954 ea

7 3989 108 4058 rfferre.

74 4135 124 4200 10.
157 4134 345 4218 Postquam
369 4131 525 4196 Pontifex
549 4128 748 4215 multiplices
772 4129 844 4194 illas
867 4131 1111 4216 promissiones,

7 4249 158 4319 notasque
184 4231 364 4295 continuas
386 4229 548 4294 Friderici
571 4250 631 4314 per
653 4227 786 4314 longam
810 4249 972 4292 annorum
995 4231 1112 4293 seriem
