3000 4838
403 471 443 523 ite
460 467 675 536 expeditionibus
694 468 832 522 cruentis.
1156 469 1191 524 13

163 617 210 681 15.
257 615 370 699 Atque
397 615 482 676 haec
513 611 627 676 valent
661 613 845 695 generatim
880 610 990 697 quoad
1023 612 1189 698 justitiam
1204 613 1295 655 blm
1309 623 1352 665 1¹⁰²

89 712 310 778 cruciniatum.
357 709 458 775 Bellis
481 719 592 774 autem
616 711 768 774 excitatis
791 718 824 774 et
847 710 1021 794 susceptis,
1047 709 1190 795 plurima

86 811 157 875 nen
192 821 225 875 et
259 818 400 875 eventus
440 805 657 893 dijudicanda
699 817 776 871 sunt
808 807 991 872 secundum
1024 809 1190 894 principia

85 907 232 992 generalia
250 909 340 992 juris
363 905 505 971 socialis.
534 904 569 972 Si
593 906 718 991 passim
741 928 801 991 per
825 905 926 970 duces
950 905 1111 990 quosdam
1136 905 1190 970 vel

86 1027 133 1091 per
157 1008 266 1093 copies
292 1005 372 1091 jura
402 1003 490 1069 laesa
520 1003 663 1083 merent,
696 1003 730 1068 id
761 1025 824 1067 non
855 1025 895 1067 eae
917 1001 1025 1067 indole
1058 1003 1189 1069 illorum

85 1104 226 1169 bellorum
250 1104 416 1190 provenit,
441 1101 498 1166 sed
516 1125 579 1188 per
595 1101 741 1166 accidens
762 1102 887 1165 factum
912 1109 971 1180 est,
995 1109 1029 1165 et
1048 1100 1190 1186 singulo·

84 1223 143 1266 rum
168 1200 427 1267 adscribendum
450 1210 500 1263 est
523 1198 650 1286 culpae.
697 1199 889 1265 Simultates
920 1200 1021 1263 etiam
1052 1198 1127 1264 illae
1158 1210 1191 1265 et

83 1299 174 1364 luctae
195 1322 283 1386 quae
314 1301 401 1362 inter
424 1297 586 1362 cruciatos
620 1307 652 1361 et
675 1296 823 1362 Graecos
850 1305 984 1361 exortae
1008 1306 1094 1380 sunt,
1118 1318 1190 1384 pro·

84 1395 154 1460 lecto
174 1419 240 1461 non
255 1419 300 1461 ex
316 1405 436 1461 natura
453 1397 524 1480 ipsa
539 1393 670 1459 illarum
688 1394 940 1481 expeditionum
954 1404 1188 1481 provenerunt,

83 1505 109 1556 et
127 1516 204 1579 quae
223 1496 327 1580 juste,
352 1515 437 1579 quae
460 1515 539 1558 vero
564 1494 685 1579 injuste
718 1516 738 1558 a
760 1493 891 1558 Latinis
914 1489 1096 1556 Graecisve
1119 1514 1189 1578 per-

83 1601 143 1656 acta
164 1603 239 1656 sunt
264 1593 441 1672 discutere,
475 1613 542 1657 non
565 1593 711 1678 pertinet
738 1592 781 1656 ad
805 1592 1033 1677 quaestionem
1056 1611 1190 1674 genera·

83 1687 134 1752 lem
155 1690 194 1754 de
211 1692 348 1778 justitia
372 1688 504 1754 illorum
526 1688 699 1754 bellorum.
746 1689 831 1754 Illud
863 1688 926 1752 hoc
955 1687 1026 1752 loco
1051 1690 1190 1753 inuuere

83 1786 172 1870 liceat
206 1787 288 1853 inde
322 1787 365 1853 ab
390 1788 485 1852 initio
509 1787 552 1852 de
575 1787 780 1852 Graecorum
811 1786 1095 1852 schismaticorum
1119 1808 1189 1873 per-

83 1885 147 1948 tidia
179 1888 346 1951 cruciatos
382 1887 483 1950 tuisse
514 1885 731 1949 vehementer
763 1894 968 1971 conquestos.
1015 1884 1067 1949 Ita
1099 1885 1189 1970 apud

82 1981 270 2048 Gulielmum
293 1983 434 2068 Tyrium
459 1982 512 2068 (L.
536 1983 581 2048 II.
606 2007 633 2048 c.
652 1984 706 2065 10)
730 1983 916 2048 Balduinus
940 2003 1050 2046 comes
1074 1983 1189 2048 scribit

81 2079 114 2142 sd
134 2081 265 2146 fratrem
290 2079 512 2146 Godefridum
535 2080 770 2145 Bolionaeum:
804 2081 950 2159 Noverit,
974 2080 1113 2144 virorum
1136 2103 1189 2168 op·

83 2179 148 2258 tote,
176 2181 262 2266 qnod
291 2178 352 2243 tibi
382 2187 493 2242 uonna
516 2177 629 2264 feram
649 2183 823 2265 pessimam
850 2190 880 2242 et
903 2201 971 2242 cum
993 2179 1114 2242 bomine
1136 2201 1189 2244 ne·

82 2299 157 2358 pom
171 2277 326 2342 incumbit
338 2277 504 2362 negotium,
529 2279 618 2366 cujus
631 2279 831 2364 propositum
849 2287 903 2358 est,
929 2297 1050 2363 semper
1064 2275 1188 2362 fallere

85 2383 104 2434 et
120 2397 234 2438 omnem
258 2375 448 2438 Latinorum
470 2375 632 2438 notionem
655 2397 750 2461 usque
784 2375 827 2440 od
850 2385 979 2438 mortem
1002 2374 1103 2438 modis
1127 2397 1188 2438 om-

83 2471 155 2534 nibus
181 2474 345 2559 persequi.
393 2472 481 2536 Noai
514 2473 597 2536 enim
623 2473 816 2538 Graecorum
847 2471 1004 2536 malitiam
1028 2482 1058 2535 et
1082 2472 1189 2536 odium

81 2568 213 2634 adrasus
238 2571 427 2634 Latinorum
450 2592 561 2635 nomn
582 2573 736 2656 pertinace
769 2581 798 2634 et
833 2569 1032 2634 obstinatum.
1080 2571 1187 2657 Eique

80 2662 267 2732 Godefridus
291 2667 488 2753 respondet:
513 2669 601 2732 Novi
613 2668 746 2754 etfama
757 2667 912 2753 referente
919 2667 1048 2753 pridem
1061 2668 1188 2733 edoctus

80 2785 149 2840 snm,
186 2766 271 2851 quod
304 2765 379 2829 odic
407 2763 604 2830 inexorabili
637 2763 828 2830 Graecorum
862 2767 998 2829 astutiae
1029 2767 1188 2853 populum

78 2879 183 2946 semper
196 2873 342 2927 nocuum
355 2863 502 2948 persequi
518 2863 738 2928 ardentissime
754 2862 955 2940 studuerunt,
972 2917 979 2930 .
997 2913 1004 2927 .
1023 2913 1030 2927 .
1046 2865 1186 2950 quotidie

76 2979 126 3040 per
145 2964 390 3046 coperimentum
412 2961 542 3025 addisco
561 2962 701 3047 plenius.

157 3058 207 3123 16.
248 3059 284 3124 Si
315 3059 502 3144 inquiritur,
526 3061 681 3145 quisnam
705 3059 805 3124 fuerit
821 3057 1051 3129 Cruciatarum
1076 3062 1185 3126 exitus
1196 3073 1356 3178 bffitqzffio·

1220 677 1334 718 sucidam.

79 3163 164 3238 atque
186 3157 339 3237 effectus,
378 3158 408 3219 ei
432 3158 489 3243 qui
518 3157 681 3221 materiali
711 3157 856 3243 quadam
884 3159 1012 3222 ratione
1032 3181 1083 3222 res
1107 3179 1186 3244 pon·
1250 3211 1307 3242 rum.
1334 3159 1343 3172 '

79 3247 160 3315 derat
181 3255 289 3319 videri
314 3262 433 3340 posset,
457 3256 573 3319 inanes
597 3254 695 3341 plane
719 3254 821 3320 fuisse
846 3254 1109 3320 Christianorum
1134 3279 1184 3320 co-

79 3357 172 3432 natus,
204 3353 239 3417 in
264 3373 391 3415 vanum
420 3353 585 3416 interiisse
607 3360 656 3416 tot
677 3351 849 3416 hominum
881 3355 1025 3438 agmina,
1058 3363 1091 3417 et
1114 3356 1185 3420 sine

79 3443 174 3510 bustu
197 3447 464 3515 occidentalium
488 3451 577 3514 vires
608 3448 787 3514 exhaustas
810 3450 878 3514 fere
901 3450 1011 3518 fuisse.
1060 3450 1105 3514 At
1128 3454 1184 3537 qui

79 3539 165 3608 altius
185 3547 306 3631 repetit
334 3567 373 3610 ea
403 3558 571 3611 momenta
594 3547 779 3612 secundum
808 3569 893 3634 quae
926 3550 1084 3613 convenit
1105 3570 1184 3635 pon·

80 3637 181 3705 derare
202 3665 254 3707 res
278 3654 311 3707 et
330 3653 478 3726 eventus,
503 3654 669 3729 agnoscet,
698 3644 858 3710 bellorum
883 3668 1050 3711 sacrorum
1074 3647 1184 3712 admo·

81 3735 148 3802 dnm
179 3739 354 3806 salutarem
384 3741 484 3806 fuisse
516 3742 691 3823 influxum,
727 3765 790 3809 nec
819 3744 946 3808 fructus
970 3745 1113 3809 defuisse
1137 3747 1184 3810 in·

82 3835 187 3918 signes.
208 3875 252 3886 -
276 3838 353 3903 Huc
376 3841 540 3926 imprimis
563 3843 715 3927 pertinet,
747 3842 836 3928 quod
858 3841 1027 3926 religionis
1051 3852 1084 3907 et
1106 3841 1184 3907 fidei

82 3929 178 3998 ferror
208 3937 290 4002 adeo
314 3936 414 4001 fuerit
437 3940 611 4020 excitatus,
644 3948 680 4002 ut
702 3941 893 4025 postpositis
917 3941 1099 4006 commodis
1122 3950 1184 4005 ter-

83 4031 158 4094 renis
179 4033 219 4099 ob
242 4035 325 4099 fines
349 4036 494 4101 maxime
517 4035 645 4101 nobiles
669 4058 754 4123 quae
769 4036 962 4122 religionem
978 4038 1182 4125 spectabant,

84 4137 162 4194 unta
176 4131 349 4198 multitudo
365 4155 459 4198 arma
482 4143 625 4198 sumeret
650 4145 682 4197 et
706 4156 851 4200 summos
871 4135 1000 4202 labores
1024 4139 1183 4202 maxima-

85 4243 138 4308 que
159 4230 242 4295 vitae
264 4229 415 4316 pericula
438 4229 577 4314 subiret,
610 4231 812 4318 reliquorum
836 4255 915 4299 vero
939 4236 1042 4299 animi
1067 4233 1183 4300 saltem
