2836 4848
287 455 342 508 tls
479 455 609 509 XXVIII.
630 455 669 508 De
687 459 762 508 stetu
782 453 921 534 societntIs
940 453 1034 508 christ.
1051 469 1121 511 saec.
1141 455 1221 510 XIII.

287 609 400 662 contra
423 599 601 663 Romanam
625 598 786 662 ecclesiam
809 597 872 661 sibi
882 598 1106 684 praestiterint
1120 599 1295 678 consilium,
1317 601 1403 662 ouri·

287 697 365 760 lium
388 696 437 759 vel
451 696 612 782 favorem,
636 698 966 760 eoscornmunicctionis
996 706 1026 760 et
1053 698 1266 760 anathematis
1292 709 1402 761 senten·

288 796 365 857 tiam
396 795 545 859 ducimus
572 793 848 880 promulqondom,
881 795 1042 859 tradentes
1074 797 1179 880 ipsum
1210 805 1343 859 satorum
1372 798 1403 858 in

286 892 448 955 interitum
470 893 588 973 carnis,
611 903 646 956 ut
669 893 802 978 spiritus
825 897 891 981 ejus
914 893 950 954 in
972 892 1024 956 dio
1048 893 1182 956 Domini
1204 893 1311 958 solutu
1329 895 1403 977 fieb·

286 1011 391 1053 omncs
420 990 527 1074 quisi
549 990 725 1074 fidelitatis
746 995 930 1080 juramento
962 1001 1114 1069 tenentur,
1146 993 1340 1056 decernendo
1370 992 1404 1055 ob

286 1087 502 1152 observatione
519 1091 699 1178 juramenti
728 1087 908 1178 hujusmodi
932 1087 1102 1167 absolutos,
1135 1099 1165 1150 et
1184 1089 1319 1170 firmiter
1337 1115 1404 1176 pru·

284 1186 429 1266 ltibondo,
459 1209 498 1250 ne
527 1187 590 1252 sibi
607 1189 801 1272 fidelitatem
827 1187 999 1266 observent,
1030 1189 1129 1252 donec
1148 1189 1257 1273 suerit
1287 1189 1403 1253 uinculo

285 1287 616 1350 eoccommunicctionis
650 1287 831 1350 adstrictus.
890 1285 944 1350 Ao
972 1286 1048 1349 baec
1078 1287 1235 1364 ciuitates,
1269 1287 1403 1362 castelle,

285 1381 391 1461 villas,
425 1393 455 1446 et
487 1383 556 1447 alia
590 1384 661 1448 loon
689 1385 732 1448 od
761 1407 840 1469 qnae
870 1385 939 1470 ipse
963 1386 1154 1469 pervenerit,
1188 1385 1342 1470 qssomdiu
1368 1384 1406 1446 ibi

277 1481 398 1568 fuerit,
430 1481 641 1546 eeclesiastico
674 1481 857 1571 subjicimus
890 1481 1073 1559 interdicto,
1101 1483 1150 1545 ito
1178 1482 1263 1568 quod
1284 1481 1404 1569 publice

284 1579 334 1643 vel
356 1589 472 1643 secreto
496 1578 618 1644 nullum
641 1579 687 1644 ibi
709 1580 852 1644 divinum
882 1579 1021 1665 officium
1044 1578 1225 1658 celebretur,
1247 1579 1405 1667 indulqeu·

287 1679 333 1742 tio
356 1677 405 1740 uel
424 1675 594 1763 privilcqio
617 1677 756 1762 quolibet
778 1701 842 1741 non
859 1676 1042 1758 obstantc.¹)
1088 1675 1128 1740 In
1152 1677 1271 1742 iisdem
1297 1676 1405 1741 litteris

286 1796 402 1839 versus
434 1775 534 1838 fin'em
567 1775 723 1838 Pontifex
754 1774 888 1839 scribit:
925 1773 1091 1840 Caeterum
1120 1799 1214 1860 quum
1238 1775 1406 1864 praefatus

284 1873 469 1937 Fridericus
492 1873 531 1936 de
555 1871 631 1937 aliis
654 1873 778 1957 maqnis
802 1884 832 1935 et
850 1871 1000 1957 previbus
1023 1874 1066 1936 sit
1082 1873 1255 1958 plurimum
1275 1873 1405 1959 insomn-

285 1981 344 2049 tus,
368 1992 426 2034 nos
450 1971 547 2034 dante
570 1971 708 2034 Domino
732 1993 828 2057 super
856 1972 897 2034 iis
921 1992 977 2034 suo
1001 1968 1068 2033 loco
1093 1980 1123 2034 ct
1146 1981 1285 2058 tempore
1304 1991 1405 2058 procc-

284 2068 401 2147 demus,
421 2079 521 2154 prout
543 2069 578 2131 in
595 2067 711 2132 talibus
726 2069 845 2152 neqotii
860 2078 979 2132 natura
992 2069 1137 2153 requirit.
1185 2068 1290 2132 Hisce
1317 2068 1406 2152 signi·

284 2166 363 2230 ficet
386 2175 498 2230 notam
523 2165 667 2230 haeresis
691 2175 724 2230 et
747 2164 999 2244 incredulitstIs,
1024 2187 1090 2251 qua
1114 2165 1311 2230 Fridericus
1336 2165 1406 2230 iuis·

285 2274 394 2328 mutus
418 2274 498 2330 erat.

375 2389 427 2454 26.
453 2389 639 2476 Imperator
660 2392 823 2454 immanes
847 2391 913 2452 irus
938 2399 1052 2452 contre
1075 2387 1273 2452 Pontificem
1301 2409 1405 2452 conce

284 2489 352 2573 pit,
384 2511 422 2552 ac
458 2496 530 2552 tum
565 2487 717 2574 alloquiis
752 2488 872 2568 variis,
912 2486 1034 2571 injuste
1073 2507 1107 2550 se
1144 2487 1404 2550 excommunice-

284 2595 355 2649 tum
379 2585 597 2671 proclamans,
616 2587 778 2650 conviciis
795 2583 993 2670 Gregorium
1015 2585 1137 2666 affecit,
1161 2592 1232 2646 tum
1256 2583 1305 2647 ad
1329 2585 1405 2668 prin·

284 2688 375 2771 cipes
398 2684 595 2750 christianos
626 2683 751 2748 litteras
783 2683 884 2764 dedit,
916 2681 1038 2768 quibus
1069 2691 1184 2746 conns
1213 2680 1404 2744 PontIficem

284 2806 339 2848 eos
351 2782 529 2848 excitabat.
555 2781 773 2863 Querebatur,
787 2779 994 2865 Gregorium,
1010 2788 1084 2866 post
1093 2779 1263 2843 obtentum
1283 2775 1405 2864 pontifi·

284 2883 370 2946 eiam
389 2880 584 2966 dignitatem
604 2878 761 2965 superbia
780 2878 913 2960 elatum,
930 2900 972 2942 ex
989 2879 1097 2942 amico
1114 2879 1148 2940 in
1164 2875 1297 2941 bostem
1313 2875 1405 2939 desci-

282 2973 1403 3064 visse3ipsumsibiinnumeresinsidiasconflasse;m0rbolaboranti

282 3077 496 3163 profectionis
520 3079 554 3141 in
572 3074 743 3141 Orientem
768 3073 973 3139 differendae
997 3089 1123 3137 morsm
1141 3075 1337 3137 immuniter
1359 3072 1403 3134 de-

282 3197 429 3259 negasse,
455 3183 673 3260 susceptaque
697 3172 909 3258 expeditione
934 3171 1060 3235 litteras
1083 3169 1126 3234 ad
1150 3169 1340 3252 soldanum,
1370 3189 1403 3232 ne

282 3281 412 3358 ereptas
435 3284 538 3337 terras
554 3273 751 3352 restitueret,
769 3271 956 3355 scripsisse3
982 3269 1128 3332 decimas
1145 3267 1324 3332 corradere
1347 3287 1401 3331 non

281 3370 324 3436 ad
348 3369 519 3434 serendam
553 3379 660 3434 terrae
693 3377 826 3432 sanctae
858 3387 964 3453 opem,
999 3365 1058 3430 sed
1090 3376 1129 3429 ut
1158 3367 1193 3429 in
1223 3361 1304 3430 siros
1334 3385 1403 3430 usus

281 3491 337 3533 eas
362 3478 579 3533 converteret.
626 3465 834 3546 Insubribus,
859 3464 994 3549 Imperii
1019 3461 1254 3549 perduellibus,
1283 3483 1403 3548 semper

281 3567 420 3648 sevisse3
445 3568 574 3652 quoties
598 3565 702 3650 ipsius
721 3563 852 3650 judicio
877 3584 928 3626 res
947 3561 1083 3646 Imperii
1102 3581 1244 3645 suasque
1267 3561 1401 3647 injurias

280 3666 493 3750 permisisset,
523 3665 624 3728 totius
647 3665 912 3726 ciucumventum
937 3659 1050 3726 fuisse.
1091 3659 1231 3722 Maximi
1264 3657 1401 3743 deniqne

280 3764 470 3848 principum
495 3763 663 3841 iuteresse,
693 3770 820 3824 utnon
844 3779 949 3844 aequo
974 3759 1086 3822 animo
1112 3759 1258 3822 inustam
1282 3775 1400 3821 summo

281 3859 546 3925 Christianorum
579 3858 724 3943 principi
749 3856 906 3942 injuriam
931 3855 1123 3936 tolerarent,
1155 3875 1230 3918 cum
1263 3857 1399 3940 ipsorum

280 3958 426 4043 dignitas
450 3959 485 4020 in
509 3956 581 4042 ejus
605 3977 706 4020 eausa
721 3953 904 4035 laborarem
930 3975 972 4017 ac
997 3952 1093 4018 facile
1116 3973 1209 4036 reges
1233 3965 1267 4016 et
1290 3953 1398 4040 princi·

354 4243 374 4312 ¹)
394 4240 427 4296 V.
446 4238 618 4308 Reynsldum
637 4239 672 4292 cd
693 4254 718 4294 s.
739 4237 809 4293 1239
829 4253 874 4290 nn.
896 4239 928 4290 14
946 4251 1003 4304 sqq.
