2868 4844
307 435 360 490 304
592 434 720 488 XXXIV.
739 435 780 488 De
800 433 919 514 Concilio
940 435 1153 493 constantiensi.

308 703 329 742 a
343 678 413 762 fide
437 677 570 754 deuiam,
597 725 603 740 .
631 726 638 741 .
666 732 671 741 .
698 699 735 740 ac
759 677 845 740 ommi
867 678 971 760 titulo,
995 679 1110 765 pedu,
1141 679 1256 743 boum
1278 691 1306 743 et
1326 679 1406 765 dipti-

309 786 372 840 tate
397 797 428 839 se
451 775 632 838 reddidisse
654 775 829 861 imdipmum,
855 799 876 839 α
896 777 965 840 Deo
990 781 1120 865 ejectum
1143 789 1174 840 et
1192 781 1368 864 praecisum,
1387 789 1407 840 rt

308 875 393 938 ommi
409 879 484 964 jure
508 873 607 937 eidem
630 875 666 937 im
677 883 806 959 papatu
822 883 851 936 et
867 875 1012 938 Romano
1030 875 1219 960 pontificatu
1234 901 1271 941 cc
1287 877 1406 940 Romanu

308 971 437 1035 ecclesie
461 971 693 1057 quomodolibet
722 979 921 1056 competente,
953 974 1024 1058 ipso
1040 977 1117 1062 jure
1142 976 1313 1058 priuatam,
1336 973 1407 1037 etob

306 1068 451 1134 Ecclesia
490 1067 646 1132 catbolicu
684 1081 835 1154 tamquam
872 1071 1041 1134 membrum
1080 1071 1209 1136 aridum
1240 1075 1407 1160 prccecisuu.

306 1170 470 1254 ipsumque
495 1167 630 1244 Petrum,
665 1178 818 1252 quaterem
842 1167 881 1232 de
897 1167 991 1249 facto
1012 1183 1169 1255 papatum
1200 1171 1361 1234 secuudum
1386 1194 1407 1232 s<

308 1277 399 1344 team,
424 1267 534 1330 eudem
557 1276 669 1329 scaete
692 1265 840 1352 Spaoobm
861 1277 988 1352 pupeta
1012 1277 1042 1330 et
1064 1289 1182 1331 summo
1206 1267 1349 1332 ecciesiae
1364 1269 1407 1329 lio·

306 1387 421 1428 manae
440 1363 606 1450 pontificio
630 1366 774 1450 omnique
790 1363 892 1446 titulo,
916 1365 1032 1452 prada,
1057 1367 1183 1446 bonore,
1208 1367 1357 1454 dipmitute

308 1463 352 1526 cd
376 1484 495 1524 omnem
518 1459 676 1525 cautelam
693 1464 815 1547 prium,
840 1463 971 1549 deponit
995 1473 1025 1527 et
1049 1464 1168 1552 abjicit,
1194 1467 1282 1550 eique
1306 1463 1404 1528 istite

307 1583 346 1624 me
376 1560 525 1644 deinceps
552 1581 613 1645 pro
639 1560 731 1645 Papo
763 1570 819 1623 aut
843 1562 988 1625 Romano
1020 1572 1051 1624 et
1079 1583 1197 1626 summo
1221 1563 1363 1642 Pantilius
1386 1583 1405 1618 ‚r

306 1669 406 1744 perot.
414 1656 439 1743 ¹)

141 1865 298 1938 Herulus*-
400 1853 450 1920 16.
498 1852 717 1917 Benedictum
742 1853 829 1918 XIII
862 1875 921 1940 pro
954 1865 1043 1918 certo
1075 1855 1237 1919 habemus
1261 1877 1405 1940 nunquan

145 1928 289 2031 mmssnl'
308 1973 424 2014 verum
455 1951 556 2014 inisse
588 1951 800 2033 Pontificem,
840 1953 989 2038 adeoque
1020 1957 1244 2018 necessarium
1277 1975 1340 2018 non
1367 1969 1405 2014 est.

308 2051 414 2115 fusius
438 2051 621 2134 inquirere,
655 2062 764 2114 uuum
798 2071 856 2135 per
879 2073 913 2114 se
938 2051 1098 2135 ejusmodi
1133 2049 1346 2136 depositionis
1372 2049 1407 2111 de-

307 2159 433 2214 cretum
464 2150 533 2211 vim
570 2148 734 2214 habuerit.
774 2187 816 2197 -
856 2150 1034 2214 Caeterum
1069 2149 1199 2214 adverti
1237 2159 1353 2235 potest,
1383 2167 1407 2206 fo

306 2258 456 2332 tempore
480 2246 552 2331 jam
583 2247 625 2311 ab
656 2246 812 2311 omnibus
836 2247 1056 2312 Benedictum
1089 2248 1242 2314 relictum
1276 2249 1370 2312 fuisse
1388 2261 1407 2303 u

307 2366 382 2408 eum
415 2365 491 2408 curn
523 2346 733 2429 paucissimis
763 2344 898 2410 asseclis
929 2347 963 2410 iu
998 2345 1130 2410 castello
1155 2346 1331 2412 Peniscola
1360 2365 1408 2404 ru-

307 2455 434 2507 santem
467 2443 661 2521 asseruisse,
693 2443 739 2506 ibi
771 2464 841 2506 esse
872 2451 972 2506 totam
1005 2441 1189 2508 Ecclesiam
1222 2441 1408 2507 catholicam.

307 2540 373 2606 Sed
397 2561 498 2626 quum
524 2539 675 2602 Ecclesia
707 2539 871 2603 catholica
895 2542 936 2604 sit
960 2561 1079 2626 corpus
1111 2541 1245 2622 morale,
1280 2551 1408 2604 constans

307 2639 416 2724 capite
441 2637 538 2702 simul
563 2647 596 2700 et
618 2660 755 2723 corpore
779 2638 842 2702 sibi
859 2639 1065 2720 cohaerente,
1092 2641 1209 2704 merito
1236 2639 1408 2723 colligimus

302 2737 402 2823 juxta
433 2736 617 2821 sapientem
648 2735 711 2800 Dei
742 2735 1018 2820 gubernationem
1052 2738 1121 2802 lieri
1155 2759 1221 2802 non
1254 2759 1357 2824 posse,
1384 2745 1409 2792 nt

308 2856 406 2898 verus
438 2844 471 2898 et
499 2832 667 2918 legitimus
698 2833 854 2898 Pontifex
887 2855 906 2896 a
939 2844 1006 2898 toto
1039 2835 1211 2900 EcclcsIse
1251 2833 1410 2899 catholicae

307 2954 444 3018 corpore
475 2943 654 3016 separetur.
711 2933 828 3017 Itaque
859 2952 962 3017 quum
989 2932 1059 3017 jem
1093 2932 1228 3019 plurimi
1261 2947 1408 3016 nunqnam

307 3030 502 3096 habuissent
518 3031 737 3096 Benedictum
762 3040 799 3094 ut
822 3029 1007 3116 legitimum
1024 3029 1231 3112 Pontificem,
1257 3027 1409 3116 ipsosne·

307 3132 407 3194 etiam
440 3131 587 3214 apertius
628 3128 782 3214 patebat,
821 3149 896 3192 eum
930 3150 1046 3194 verum
1091 3150 1157 3194 non
1191 3151 1263 3193 esse
1295 3128 1407 3211 Papam.

306 3228 360 3294 Ex
393 3226 495 3292 altera
528 3239 631 3312 parte,
667 3248 770 3312 quum
804 3238 907 3292 totam
942 3225 1125 3292 Ecclesiam
1157 3225 1336 3312 insugula
1362 3226 1409 3286 isto

307 3327 503 3412 Hispaniae,
536 3327 570 3389 in
602 3325 736 3389 castello
765 3321 1128 3404 videlicetPeniscola,
1160 3347 1229 3389 esse
1262 3329 1407 3388 assereret

306 3446 424 3489 revera
448 3424 489 3489 de
513 3422 651 3503 haeresi,
678 3431 714 3486 ut
737 3421 815 3487 olim
833 3423 1037 3504 Donatistae,
1062 3424 1157 3507 argui
1181 3434 1319 3508 poterat,
1342 3420 1407 3483 etin

307 3524 378 3588 istis
409 3522 668 3585 circumstantiis
692 3543 711 3584 a
736 3520 887 3606 pluribus
918 3521 1045 3586 censeri
1070 3519 1234 3586 excidisse
1260 3541 1302 3584 ex
1325 3514 1409 3604 ponti·

306 3621 416 3684 ficata.
463 3618 504 3683 In
536 3618 667 3683 decreto
693 3617 834 3684 Consilii
867 3619 902 3683 id
926 3619 1133 3704 supponitur,
1167 3630 1201 3682 et
1232 3628 1357 3682 tantum
1376 3609 1407 3674 ad

307 3717 469 3782 cautelam
494 3717 672 3803 deponitur
697 3728 881 3803 „qnatenus
904 3715 945 3780 de
969 3717 1056 3780 iacto
1079 3725 1237 3802 papatum
1262 3713 1408 3780 secundun

307 3838 339 3880 se
370 3819 492 3898 tenet“,
527 3815 649 3902 quibus
674 3815 785 3878 verbis
814 3813 1077 3898 adsignificatur,
1111 3835 1186 3878 eum
1217 3835 1332 3878 revera
1352 3811 1405 3894 jsu

306 3925 464 4000 papatum
497 3935 564 3977 non
596 3923 719 3976 tenere.
768 3911 952 3976 Advertere
980 3912 1079 3976 etiam
1098 3911 1207 3998 juvat,
1241 3907 1406 3976 Concilium

383 4217 404 4288 ¹)
423 4213 515 4270 Iisbbo
535 4213 613 4268 XIII.
632 4213 694 4270 235.

1427 209 1428 260 l

1427 307 1428 334 l

1427 373 1428 420 l

308 579 528 664 impeditorem
551 589 581 642 et
600 578 855 664 perturbatorem
878 580 1109 644 schismaticam
1133 592 1163 644 et
1186 581 1360 645 bumeticam
1379 606 1407 644 nc
