2858 4834
285 415 339 468 220
518 413 603 469 XXV.
624 415 664 469 De
683 429 765 469 causa
783 429 804 468 s.
823 411 941 467 Thomas
960 411 1173 466 cantuariensis.

286 579 356 620 esse
380 557 533 622 Pontifici
558 556 756 643 disponendi
781 557 822 621 de
847 555 973 636 insulis,
997 555 1148 641 adeoque
1163 557 1338 621 instantius
1360 557 1397 620 ab

286 653 458 719 Hadriano
482 656 585 740 petiit,
611 664 648 718 ut
670 654 816 719 Henrico
848 653 1083 739 obsequeretur
1116 657 1241 739 petenti
1274 676 1399 720 consen·

287 775 360 817 sum
383 752 555 816 Pontificis
578 755 689 840 quoad
713 754 800 820 illius
824 752 952 818 insulae
976 755 1240 839 occupationem.
1288 753 1399 834 Quate-

286 874 349 915 nus
373 851 565 916 Hadrianus
594 851 769 917 obsecutus
800 853 900 917 fuerit
923 851 1079 934 Henrico,
1114 850 1335 936 colligendum
1357 861 1401 914 est

287 972 330 1013 ex
352 949 525 1014 Pontificio
549 950 700 1034 epistola3
726 951 805 1016 dum
830 973 908 1016 vero
924 951 1073 1015 Joannee
1087 949 1337 1015 Sarisbericnsis
1359 953 1401 1012 ita

286 1046 458 1112 Pontifiois
481 1057 592 1112 actum
617 1048 771 1134 explicat,
800 1058 836 1112 ut
860 1048 1073 1113 donatiouem
1096 1047 1280 1130 formalem,
1305 1047 1402 1111 veluti

287 1145 389 1224 feudi,
413 1146 536 1210 factam
560 1169 630 1211 esse
653 1148 806 1229 affirmet,
831 1149 889 1232 pro
914 1168 1012 1210 sensu
1036 1156 1070 1210 et
1092 1148 1256 1210 sententia
1280 1169 1337 1210 sua
1358 1147 1404 1209 ni·

288 1243 391 1307 mium
416 1242 589 1307 Hadriano
613 1244 737 1312 tribuit.

361 1375 433 1440 ,67.
458 1375 580 1458 Restat,
606 1388 642 1440 ut
665 1400 772 1465 pauca
797 1377 946 1442 dicamus
975 1377 1016 1440 de
1040 1377 1204 1440 sententia
1227 1385 1405 1440 auctorum.

195 1511 231 1540 a.
290 1477 347 1560 qui
376 1477 582 1557 existimant,
619 1474 782 1539 Hadriani
807 1475 856 1539 IV
886 1474 1058 1561 epistolam
1093 1476 1299 1560 suppositam
1330 1494 1406 1536 esse.

290 1574 378 1638 Satis
402 1595 520 1658 graves
551 1595 621 1637 esse
646 1595 818 1637 censemus
850 1595 967 1637 revera
997 1573 1151 1654 rationes,
1180 1571 1302 1658 quibus
1328 1569 1407 1633 haec

290 1673 453 1736 sententia
469 1672 595 1735 nititur.
643 1670 836 1756 Diplomata
860 1681 892 1734 et
915 1669 1070 1757 epistolas
1088 1670 1299 1751 Pontificum,
1323 1689 1408 1752 prae-

291 1771 403 1834 sertim
427 1791 464 1833 eo
489 1780 647 1854 tempore,
672 1771 693 1834 i.
710 1791 738 1833 e.
764 1770 908 1833 maxime
932 1789 1048 1832 versus
1071 1767 1172 1832 finem
1197 1764 1320 1832 saeculi
1335 1764 1422 1829 xli„

291 1869 414 1955 passim
439 1869 610 1952 supposita
632 1867 686 1931 vel
710 1877 864 1953 corrupta
887 1867 999 1949 fuisse,
1035 1888 1078 1930 ex
1109 1865 1245 1930 historia
1277 1873 1409 1929 constat.

290 1966 397 2052 quue
420 1965 609 2050 frequenter
632 1967 665 2029 in
689 1963 814 2048 Anglia
837 1965 1007 2046 accidisse,
1039 1986 1080 2027 ex
1104 1961 1251 2048 epistolis
1274 1962 1422 2027 Joannis

291 2063 545 2129 Surisberiensis
568 2062 775 2150 aliorumque
799 2062 1008 2147 colligitur31)
1033 2061 1220 2126 Richardus
1245 2059 1410 2124 Cantnari-

292 2164 380 2227 eneis
412 2161 559 2248 praesul,
591 2185 614 2228 s.
641 2161 790 2226 Thomae
819 2184 1000 2242 successor,
1035 2161 1209 2226 mandavit
1240 2161 1411 2246 episcopis.

292 2273 330 2325 ut
353 2270 467 2325 contra
485 2271 607 2346 pestem
623 2259 788 2346 publicam
803 2260 1061 2347 falstflcata'onis,
1086 2261 1120 2324 in
1138 2257 1294 2323 omnibus
1314 2257 1410 2322 eccle·

292 2360 351 2424 siis
374 2359 728 2422 excommunicationis
751 2379 890 2444 poenam
920 2356 1208 2442 promulgarent.²)
1256 2356 1411 2419 Innocen-

293 2457 331 2520 tii
345 2455 398 2520 III
422 2465 569 2541 tempore
593 2453 636 2518 ab
661 2456 732 2540 ipso
756 2454 918 2519 Pontifioe
942 2464 1057 2519 contre
1080 2453 1143 2518 hoc
1166 2456 1294 2517 crimen
1317 2453 1422 2517 latius,

293 2576 438 2640 serpens,
463 2554 558 2617 varia
582 2563 703 2617 statuta
727 2552 841 2632 suntl).
894 2552 1011 2638 ltaque
1035 2575 1094 2637 per
1117 2573 1151 2616 se
1174 2551 1265 2615 haud
1296 2553 1422 2614 mirum

294 2653 387 2731 foret,
413 2653 440 2714 si
464 2650 629 2715 Hadriani
654 2651 703 2714 lV
726 2650 861 2737 aliquod
885 2652 1081 2736 rescriptum
1114 2650 1321 2734 suppositum
1347 2643 1422 2734 pro·¹

294 2751 432 2815 ductum
448 2750 574 2835 fuisset.
596 2785 614 2795 -
659 2748 824 2813 Hadriani
848 2770 944 2833 porro
969 2747 1117 2833 epistola,
1142 2768 1227 2833 quae
1250 2746 1325 2827 loci,
1352 2747 1422 2832 diei

294 2860 328 2914 et
349 2849 430 2913 anni
454 2858 544 2912 caret
567 2846 779 2926 indicatione,
804 2846 1025 2910 adscribenda
1048 2847 1233 2910 necessario
1258 2855 1308 2909 est
1330 2865 1413 2910 anno

298 2947 383 3014 1155
408 2947 462 3012 vel
488 2943 590 3026 11563
623 2965 661 3008 eo
685 2953 833 3029 tempore
864 2946 951 3008 enim
984 2943 1132 3010 Joannes
1165 2942 1422 3008 sarisberiensis

294 3047 479 3111 Beneventi
503 3044 698 3110 Pontificem
724 3046 890 3110 convenit.
928 3041 993 3106 Sed
1010 3065 1114 3128 usque
1129 3042 1172 3106 ad
1188 3064 1314 3106 annum
1339 3041 1422 3120 1175,

295 3143 423 3209 nullum
448 3144 626 3228 vestigium
662 3151 720 3223 est,
757 3165 904 3228 unquam
933 3164 953 3205 a
984 3163 1060 3226 rege
1083 3139 1226 3225 Angliae
1254 3140 1422 3226 ejusmodi

295 3242 461 3307 Hadriani
484 3241 609 3306 litteras
625 3250 772 3304 ostensas
789 3251 821 3303 et
837 3242 1022 3327 propositas
1039 3240 1150 3320 fuisse,
1167 3240 1321 3323 quamvis
1340 3237 1422 3320 illud

295 3341 533 3404 documentum
569 3339 755 3420 ostendere,
791 3338 871 3403 dum
907 3338 948 3402 de
981 3337 1201 3404 submissione
1235 3336 1415 3401 Hiberniae

295 3447 459 3522 ageretur,
489 3439 609 3502 summi
633 3438 749 3502 inisset
772 3435 973 3522 momenti.⁴)
1019 3436 1130 3499 Etiam
1153 3434 1349 3500 Alexander
1372 3433 1416 3498 ΠΙ

372 3685 393 3756 ¹)
413 3685 468 3740 cfr.
489 3701 548 3754 epp.
568 3685 620 3750 83..
640 3685 692 3750 89,
713 3685 772 3740 129.
794 3714 825 3723 -
845 3685 877 3739 In
897 3699 937 3752 ep.
959 3683 1011 3738 129
1038 3682 1110 3751 petit
1136 3682 1170 3736 ab
1189 3683 1345 3738 Alexandro
1364 3683 1416 3738 1112

298 3767 406 3834 „Nobis
426 3768 450 3822 si
468 3767 565 3836 piacet,
589 3765 738 3832 rescribite,
766 3781 820 3832 qua
839 3764 1072 3820 animadversione
1090 3763 1206 3818 feriendi
1230 3771 1296 3818 suut
1314 3779 1422 3832 oormp

297 3855 370 3902 tores
387 3847 544 3904 litterarum
562 3852 740 3903 vestrorum.“

373 3937 392 4008 ²)
412 3937 485 3991 Petr.
504 3936 624 3992 Blcsens.
644 3951 685 4005 ep.
705 3939 748 3992 53.

371 4025 392 4092 ⁸)
412 4026 443 4080 V.
465 4025 588 4094 Phillips,
607 4026 642 4079 K.
661 4025 702 4090 R,
721 4025 753 4080 B.
773 4023 821 4080 111.
841 4023 857 4094 §
878 4025 938 4080 154.
957 4024 983 4078 S.
1003 4025 1063 4080 648.

371 4125 393 4194 ⁴)
413 4125 451 4180 ct.
472 4125 578 4180 Melone
603 4125 710 4192 quidem
734 4131 837 4179 certum
861 4123 950 4188 habet,
979 4138 1002 4177 e.
1031 4124 1099 4178 1172
1127 4123 1155 4177 in
1182 4122 1284 4189 synodo
1310 4119 1415 4178 Casbelii

298 4206 394 4260 habita
406 4206 539 4261 Hadriani
553 4205 592 4260 IV
612 4205 753 4273 epistolam
772 4203 941 4272 praesulibus
960 4209 989 4258 et
1008 4202 1161 4272 proceribus
1175 4201 1325 4258 Hiberniae
1336 4209 1415 4257 osteu-
