2814 4848
329 483 383 534 420
521 481 650 536 XXVIII.
670 482 711 535 De
729 489 804 537 statu
823 483 961 537 societatis
981 483 1073 537 christ.
1093 498 1162 537 saec.
1182 481 1259 536 XIII.

170 625 306 727 Camila·
419 626 471 690 36.
503 627 544 689 In
568 629 712 691 sessione
744 629 852 712 prima
876 626 1028 708 solemni,
1062 625 1115 689 die
1141 625 1201 690 28⁰
1224 625 1328 704 Junii,
1349 627 1403 722 Inep

188 751 298 789 streuui.
331 725 459 788 centius
483 724 644 787 Friderici
676 725 825 788 facinora
853 723 963 809 palam
995 725 1159 809 exposuit,
1190 745 1230 786 ac
1262 723 1302 786 de
1331 721 1403 784 iisdel

330 824 429 885 etiam
454 823 487 885 in
513 821 657 886 secunda
672 824 816 885 sessione
841 823 894 885 die
910 823 949 886 5⁰
964 821 1047 887 Julii
1073 820 1187 884 habita
1212 822 1317 885 fusius
1338 833 1403 902 actui

330 930 389 984 est.
435 919 636 984 Thaddacus
660 920 795 1005 quidem
820 931 933 984 contra
951 919 1147 984 Pontificem
1171 929 1204 982 et
1226 919 1336 982 varius
1356 911 1403 998 pul

328 1020 414 1083 sules
438 1040 572 1082 causam
597 1017 718 1082 malam
742 1021 956 1103 Imperatoris
985 1019 1174 1082 vehementi
1200 1038 1276 1079 eum
1302 1015 1401 1099 eloque

328 1119 374 1181 tia
398 1115 566 1196 defendit3
592 1115 648 1178 sed
673 1118 706 1178 in
731 1116 893 1202 ejusmodi
918 1118 1050 1200 negotio
1073 1127 1161 1180 certe
1185 1115 1268 1178 nihil
1294 1115 1400 1200 proice

328 1223 466 1300 poterat.
514 1212 629 1277 Dilata
653 1223 764 1278 tamen
789 1224 846 1293 est,
873 1235 910 1277 eo
935 1224 1077 1298 petente,
1103 1215 1203 1278 sessio
1227 1215 1325 1276 tertia
1350 1223 1403 1304 usqi

329 1311 370 1375 ad
396 1312 484 1374 diem
511 1313 591 1374 llum
615 1311 708 1390 Julii,
740 1314 765 1374 si
792 1313 874 1376 forte
898 1313 993 1398 signa
1017 1313 1121 1376 animi
1146 1334 1222 1374 vere
1248 1311 1363 1373 mutati
1385 1308 1403 1376 lt

328 1421 459 1495 perator
484 1409 586 1473 daret.
633 1408 699 1472 Sed
723 1411 793 1495 ipse
819 1413 971 1490 monitus,
997 1409 1193 1474 Pontificem
1217 1431 1257 1472 ac
1278 1407 1403 1536 Synotltp

329 1530 389 1570 ceu
414 1506 532 1570 hostile
556 1529 675 1590 agmen
701 1517 891 1572 exsecratus
915 1520 973 1590 est,
993 1508 1191 1594 judicesque
1215 1509 1388 1575 recusavit,

328 1603 394 1668 lata
419 1605 459 1669 de
484 1607 667 1668 inimicitiis
691 1603 868 1672 calumnia.
921 1605 1033 1686 Quum
1066 1606 1228 1692 ejusmodi
1260 1607 1360 1668 effata
1387 1605 1399 1664 Ι

329 1705 487 1787 peratoris
511 1702 554 1766 ad
578 1725 674 1765 aures
698 1702 886 1786 praesulum
917 1705 1159 1788 pervenissent,
1193 1705 1297 1766 etiam
1329 1701 1397 1765 illi(

329 1801 359 1863 ei
375 1799 615 1885 aliquantipser
629 1800 797 1880 favebant,
823 1803 970 1865 animum
989 1811 1168 1866 mutarunt.
1215 1801 1332 1864 Tertia
1357 1801 1393 1882 igi

329 1900 473 1961 sessione
504 1897 558 1961 die
585 1897 749 1962 17⁰Ju1ii
781 1897 905 1978 habita,
938 1898 1093 1962 omnibus
1124 1899 1291 1984 episcopis
1324 1921 1393 1962 cons

329 1996 497 2076 uentibus,
529 1995 708 2059 solemnem
740 1998 936 2060 sententiam
961 1997 1176 2060 Innocentius
1200 1995 1246 2058 IV
1283 1999 1319 2060 in
1345 1997 1392 2058 l'ri

329 2097 434 2158 ricum
458 2092 543 2157 tulit.

418 2239 472 2303 37.
495 2236 535 2300 In
560 2259 599 2300 ea
622 2239 794 2318 sententia,
821 2259 905 2322 quae
930 2238 1066 2321 incipit:
1091 2237 1144 2300 Ad
1168 2238 1367 2322 apostoliea-e

328 2337 441 2398 uitatis
458 2337 588 2420 apicem,
613 2344 754 2420 quatuor
771 2337 916 2398 maxime
932 2337 1108 2398 eriminum
1123 2356 1198 2398 reus
1216 2335 1390 2399 Fridericu

330 2435 575 2518 pronuntiatur,
601 2435 745 2516 primum
770 2434 906 2517 perjurii
923 2431 1115 2517 multiplicis
1139 2443 1171 2496 et
1196 2431 1344 2496 violatae
1368 2456 1393 2516 p⁴

330 2529 503 2594 ecclesiam
528 2533 613 2594 inter
637 2540 669 2593 et
692 2531 872 2614 Imperium
891 2531 1059 2615 quendam
1084 2531 1241 2593 sancitae.
1293 2530 1399 2594 Securi

334 2627 497 2712 sacrilegii
522 2630 701 2713 perpetrati
726 2629 761 2691 in
785 2630 938 2712 captione
962 2639 995 2692 et
1011 2627 1156 2692 violenta
1171 2628 1366 2693 detentione
1402 2713 1403 2718 η

331 2725 493 2791 dinalium
518 2737 550 2789 et
573 2725 710 2790 alierum
729 2727 925 2808 antistitum,
950 2727 1006 2812 qui
1024 2725 1067 2790 ad
1085 2725 1272 2790 Concilium
1301 2723 1403 2800 subG

330 2826 422 2908 gorio
445 2824 496 2887 IX
519 2823 825 2910 proficiscebantur.
880 2823 1003 2902 Tertio,
1036 2823 1243 2888 vehementis
1280 2849 1323 2890 ac
1358 2827 1403 2918 pal

332 2922 496 2986 evidentis
525 2922 565 2985 de
593 2921 720 2986 haeresi
752 2923 961 3006 suspicionis.
1016 2921 1152 3002 Quarto,
1184 2921 1298 2986 laesae
1334 2921 1403 3010 penl

331 3023 403 3085 ciee
427 3021 621 3104 majestatis,
646 3020 810 3104 siquidem
835 3021 1008 3104 probrosas
1031 3029 1064 3083 et
1087 3019 1274 3105 petulantes
1308 2999 1403 3126 epistl

331 3128 446 3182 contra
470 3117 666 3202 Gregorium
682 3118 734 3181 IX
755 3121 940 3204 scripserat,
966 3117 1267 3182 ecclesiasticarum
1295 3121 1400 3184 diticu

334 3215 471 3300 populos
504 3227 617 3280 eontra
648 3219 756 3301 ipsum
794 3226 1027 3297 commoverat,
1063 3215 1161 3280 urbes
1195 3228 1228 3280 et
1260 3231 1378 3282 castra

331 3315 479 3378 trimonii
503 3335 527 3378 s.
546 3313 635 3378 Petri
659 3317 836 3378 invaserat.
875 3315 1030 3378 Haeresis
1045 3315 1188 3398 suspicio
1205 3337 1248 3378 ex
1265 3323 1403 3408 conteml

334 3433 548 3476 censurarum
582 3411 893 3496 ecclesiasticarum,
930 3425 962 3476 et
991 3435 1033 3475 ex
1065 3414 1145 3476 inito
1175 3433 1251 3476 cum
1285 3409 1403 3498 Saracd,

334 3509 465 3572 foedere
499 3519 532 3572 et
561 3511 709 3573 amicitia
739 3510 908 3595 probatur.
965 3512 1189 3574 Accesserant
1217 3501 1403 3576 accusatiol

334 3607 505 3671 Ecclesiae
539 3605 691 3672 libertate
725 3610 759 3671 in
793 3610 896 3672 saeris
926 3610 1121 3692 praesertim
1153 3601 1403 3692 electioniousl

335 3727 457 3792 pressa,
489 3726 553 3790 quo
585 3706 708 3769 factum
741 3716 824 3788 erat,
858 3717 895 3770 ut
918 3706 1073 3770 undecim
1097 3703 1403 3792 archiepiscopatui

334 3805 545 3890 episcopatus
569 3801 702 3887 plurimi
730 3803 801 3889 ejus
828 3803 925 3890 culpa
949 3805 983 3868 in
1008 3805 1112 3889 ipsius
1136 3802 1325 3868 ditionibus
1353 3808 1395 3868 eti

335 3922 415 3964 num
441 3909 616 3981 vacarent3
645 3912 744 3985 atque
768 3903 935 3965 accusatio
960 3902 1000 3965 de
1026 3901 1219 3966 clericorum
1251 3925 1396 3985 gravam

337 4021 419 4085 quos
443 4021 509 4063 non
533 3998 638 4062 solnm
663 3999 866 4064 immanibus
890 4000 1120 4064 exactionibus
1144 4000 1331 4086 affligebat,
1367 4017 1398 4066 et

338 4096 519 4161 saecularia
551 4096 731 4161 tribunalia
761 4097 848 4162 trahi
880 4097 1101 4183 permittebat,
1135 4098 1194 4162 sed
1223 4101 1330 4164 etiam
1357 4089 1403 4174 dul

336 4193 459 4274 subire,
484 4205 516 4258 et
539 4197 574 4258 in
599 4217 729 4258 carcere
753 4194 885 4281 publice
910 4195 1042 4261 detrudi
1065 4195 1218 4282 jubebat.
1273 4196 1332 4260 Dc
1359 4215 1403 4282 tyr
