2832 4844
400 423 457 478 ΒΗ.
478 424 639 480 Pontificum
658 427 749 482 series.
1015 475 1018 481 .
1083 427 1138 484 49⁷

35 564 184 629 decretum
199 565 239 630 dc
255 566 441 632 reclusione
458 566 688 634 Cardinalium
706 568 771 634 illis
787 569 907 636 diebus
922 570 1137 638 vehementer

33 661 234 746 displicuisse,
270 665 349 729 inde
380 665 559 750 colligitur,
597 667 686 753 quod
719 669 790 754 ipse
822 663 991 733 Honorius
1018 661 1067 726 IV
1100 663 1135 727 in

31 759 197 843 Enoycliea
219 784 286 848 qua
309 783 402 827 suam
428 762 622 828 electionem
638 767 861 847 annuntiavit,
887 764 987 830 dicit:
1013 761 1135 838 Libere,

30 859 103 922 sulla
126 861 311 925 inclusionis
343 865 503 926 coactione
520 863 744 950 praeambula,
776 887 871 949 puom
903 859 1077 946 aliquande
1101 859 1136 922 ia

28 959 171 1023 Ecclesium
192 962 295 1046 ipsius
319 960 537 1024 cautionibus
560 960 754 1026 damnabilis
768 961 986 1048 proeeuuepsit
1008 959 1135 1038 ubam,

26 1060 209 1122 convenimus
231 1057 276 1121 ad
300 1058 503 1122 tractandum
525 1059 564 1122 de
587 1059 797 1124 substituendi
812 1060 960 1124 electiora
980 1056 1133 1144 posteris.

25 1153 104 1219 llaec
135 1155 271 1241 quidem
301 1154 427 1220 directe
463 1156 620 1221 videntur
647 1157 763 1221 referri
798 1157 841 1221 ad
872 1155 1135 1220 Viterbiensium

25 1253 204 1318 violentiam
232 1255 268 1319 in
291 1255 512 1339 praecedente
536 1257 720 1337 vacatione,
745 1255 843 1321 simul
860 1267 971 1320 tamen
990 1253 1134 1317 invisam

23 1353 188 1417 ostendunt
225 1353 327 1416 fuisse
361 1352 511 1436 Gregorii
541 1353 575 1418 X
608 1352 896 1420 Constitutionem.
953 1350 1020 1416 Sed
1054 1369 1134 1412 mox

21 1451 123 1513 iterum
149 1471 291 1534 magnae
316 1449 528 1514 difficultates
559 1453 593 1515 in
618 1451 829 1537 subrogando
853 1450 1014 1517 Pontifioe
1042 1456 1132 1510 ortae

20 1561 92 1612 eunt.

95 1647 169 1710 131.
193 1645 275 1709 Post
290 1645 428 1710 Honorii
453 1657 591 1710 mortem
616 1647 774 1712 videlicet
790 1647 983 1713 cardinales
1007 1650 1302 1708 Romaeuuoumsv.

19 1745 44 1807 iu
66 1743 187 1830 palatio
221 1744 392 1828 pontificio
416 1746 505 1830 apud
531 1768 555 1809 s.
580 1743 739 1809 Sabinam
771 1747 814 1810 ad
839 1745 1027 1830 eligendum
1060 1761 1131 1805 suc·

18 1865 168 1908 ‹essorem
193 1863 391 1908 convenere.
438 1843 504 1910 Sed
529 1843 792 1909 dissensionibus
808 1854 975 1930 protracta
998 1852 1047 1905 est
1070 1838 1131 1902 ela-

14 1945 76 2008 ctio.
99 1952 132 2003 et
150 1941 406 2024 ingravescente
430 1940 472 2004 ob
497 1951 627 2026 tempus
643 1944 807 2006 aestivum
825 1941 1020 2026 intemperie
1034 1939 1130 2016 aeris,

14 2039 107 2126 plures
136 2061 184 2102 ex
208 2038 326 2102 iisdem
353 2037 588 2103 Cardinalibus
618 2040 760 2104 adversa
791 2039 983 2104 valetudine
1012 2035 1129 2100 tentati

15 2154 82 2206 unt.
107 2147 143 2201 et
168 2136 321 2201 nonnulli
354 2135 642 2220 morbi'gravitati
675 2137 888 2204 succubuere.
945 2134 1054 2216 Quam
1088 2131 1131 2194 ob

16 2257 132 2300 numm
161 2234 324 2300 dissoluto
362 2247 528 2299 conventu
552 2235 595 2299 ad
620 2235 822 2321 colligendas
853 2237 1003 2321 puriores
1032 2251 1131 2296 auras

13 2331 199 2398 l'ardinales
224 2333 461 2414 discesserunt,
486 2333 573 2397 solus
596 2355 640 2397 ex
663 2335 704 2398 iis
726 2336 886 2399 remansit
904 2333 1130 2414 Hieronymus

10 2429 42 2494 de
62 2431 209 2509 accolis,
234 2441 332 2494 antea
355 2431 515 2514 Magister
537 2431 701 2515 generalis
725 2433 1036 2511 Franciscanorum,
1058 2438 1129 2492 tum

11 2549 73 2594 rere
104 2527 302 2594 Cardinalis
336 2528 523 2614 Episcopus
556 2529 801 2596 Praenestinus.
855 2530 977 2596 Sedala
1009 2519 1130 2590 hiemis

9 2624 112 2698 ligore
129 2628 314 2714 epidemia,
332 2649 419 2695 anno
436 2627 521 2692 1288
545 2628 654 2692 denuo
672 2625 866 2692 Cardinales
890 2633 1127 2702 convenerunt,

7 2740 91 2812 etque
115 2741 204 2790 tnnc
231 2725 284 2788 die
308 2726 369 2788 22⁰
393 2725 577 2808 Februarii,
606 2739 681 2812 post
705 2723 818 2790 decem
845 2727 1007 2790 mensium
1032 2722 1128 2787 Sedis

6 2828 222 2901 rurationem,
240 2825 274 2886 in
295 2823 491 2888 Pontificem
516 2824 687 2910 elegerunt
704 2826 945 2909 Hieronymum
970 2822 1010 2887 de
1027 2822 1126 2884 Asco-

4 2923 32 2986 fi«
54 2920 287 2996 Cardinalem,
313 2923 369 3006 qui
397 2921 553 2986 Nicolous
576 2923 630 2987 IV
649 2937 787 2988 vocatus
810 2933 869 2988 est.
893 2923 955 2985 Vir
969 2931 1039 2984 erat
1062 2919 1126 2981 vir·

4 3023 116 3085 tutibus
143 3021 309 3104 insignis,
335 3019 435 3084 semel
459 3033 558 3106 atque
583 3023 702 3084 iterum
720 3021 876 3085 traditum
894 3018 1125 3106 pontificatum

1 3117 124 3193 abnuit,
168 3119 303 3180 demum
337 3117 564 3181 Cardinalium
597 3119 752 3204 precibus
786 3121 893 3184 victus
926 3126 1124 3200 coactusque

2 3221 95 3282 nii-it.

80 3319 157 3380 13⁵2.
197 3312 356 3377 Nicolaus
380 3313 586 3378 IV'monitis
610 3317 677 3379 suis
709 3337 747 3378 eo
771 3318 933 3400 pervenit,
967 3325 1002 3377 ut
1025 3315 1123 3380 Caro-

26 3416 97 3492 ell,
125 3415 183 3476 cui
212 3411 340 3476 Claude
357 3411 490 3478 additur
513 3435 708 3497 cognomen,
732 3435 774 3476 ex
796 3415 989 3497 captivitate
1014 3412 1121 3478 dimit-

4 3533 119 3578 ‚setun
149 3531 296 3595 eumque
322 3510 414 3572 Beati
437 3510 571 3575 Siciliae
595 3522 627 3574 et
642 3511 785 3596 Apuliae
809 3532 920 3594 regem
938 3515 1120 3596 coronavit,

15 3642 19 3665 ι
52 3611 191 3674 easdem
227 3609 433 3672 conditiones
464 3612 498 3672 in
530 3631 611 3694 quas
642 3621 736 3694 pater
765 3609 836 3693 ejus
867 3609 975 3673 fuerat
1005 3633 1024 3672 a
1049 3611 1121 3675 (lle-

15 3728 93 3772 .snte
121 3707 174 3771 IV
201 3707 430 3789 inauguratus.
485 3707 534 3770 lta
560 3707 703 3792 Apuliae
731 3708 866 3792 quidem
897 3729 997 3791 regno
1024 3707 1121 3772 Caro-

24 3808 90 3870 <11
129 3807 260 3890 potitus
284 3813 340 3881 cst,
374 3805 431 3866 sed
461 3817 597 3868 conatus
621 3803 749 3868 Nicolai
775 3805 823 3869 lV
856 3817 891 3868 ut
915 3809 1015 3869 etiam
1040 3807 1121 3872 Siei-

0 3905 59 3968 'ani
95 3903 164 3966 ¹sub
197 3903 271 3986 ejus
305 3901 490 3965 dominium
523 3903 695 3986 redigeret,
731 3905 777 3966 uti
809 3903 965 3979 vidimus,
1000 3907 1120 3969 effectu

11 4015 179 4066 aruerunt.
207 4039 252 4046 —
282 3999 394 4079 Quium
420 4022 457 4062 co
482 4013 628 4086 tompore
652 4000 828 4064 Ladislaus
852 4001 900 4064 IV
926 4001 1119 4086 Hungariue

18 4125 43 4164 ·x
73 4106 149 4166 siue
177 4099 294 4162 liberis
324 4098 470 4178 obiisset,
504 4097 698 4183 liudolphus
729 4099 912 4183 Imperator
943 4099 1117 4165 Alberturu

14 4199 86 4262 liuns
118 4219 221 4262 sirum
247 4218 285 4260 eo
310 4219 411 4280 regno
445 4197 633 4277 investivit3
667 4196 724 4260 sed
748 4197 905 4260 Nicolaus
928 4199 977 4262 IV
1010 4201 1118 4264 vindi-

40 4319 186 4358 Jrnmsnu.
204 4314 394 4353 [lissei-totiena.
412 4313 477 4352 Toni.
493 4313 520 4351 V.
923 4305 956 4357 32
