2828 4842
272 463 419 518 Discidium
438 479 497 518 cum
515 463 622 520 Joanue
641 462 759 533 angliae
777 477 851 532 rege.
1028 533 1031 542 Ι
1070 462 1122 518 293

33 603 159 670 Proccrcs
180 629 284 691 porro,
309 630 411 693 quum
426 609 569 674 Joannis
592 610 693 673 armis
716 615 954 693 premerentur,
979 608 1050 693 ipso
1074 630 1121 671 re-

28 704 92 786 jecto
114 726 218 788 regem
243 717 398 770 crearunt
421 706 631 772 Ludovicum
655 705 801 791 Philippi
826 703 861 768 II
884 705 1000 784 tilium,
1032 727 1121 769 eum·

29 823 74 886 quc
100 803 295 883 invitarunt,
333 814 370 866 ut
401 804 544 889 Angliae
586 826 726 888 regnum
761 806 931 888 arriperet.
985 803 1123 866 Frustra

28 899 156 962 Pontifex
176 899 293 984 legatis
316 900 359 966 ad
383 901 577 989 Philippum
600 902 790 986 Augustum
824 902 932 965 missis
961 923 1036 965 eum
1069 901 1123 965 ad-

28 997 125 1062 ducere
148 999 284 1084 studuit,
310 1010 347 1064 ut
369 999 429 1064 filii
454 1003 505 1065 sui
529 1001 777 1086 expeditionem
801 1001 835 1064 in
853 997 1011 1082 Angliam
1033 998 1125 1062 haud

27 1099 218 1180 permitteret.
266 1096 348 1162 Arte
372 1097 509 1184 politica
533 1120 601 1179 rex,
627 1120 661 1162 33
685 1095 790 1162 filium
815 1117 881 1160 non
905 1118 1001 1182 posse
1025 1097 1126 1182 impe·

25 1193 86 1273 dire,
114 1196 291 1280 respondit,
324 1217 426 1281 quum
451 1198 480 1260 is
498 1197 576 1282 jura
600 1196 663 1260 sibi
688 1216 759 1259 esse
783 1202 932 1258 censeret
954 1193 1059 1258 solida
1081 1194 1124 1258 ad

24 1289 155 1356 thronum
170 1291 314 1378 Angliae
338 1294 582 1380 occupandum.
614 1294 707 1358 Haec
723 1294 801 1378 jura
816 1292 1010 1357 Ludovicus
1025 1294 1125 1357 etiam

24 1391 109 1452 missis
145 1393 271 1454 nuntiis
312 1391 401 1476 apud
435 1392 556 1457 Sedem
586 1390 813 1478 Apostolicam
853 1388 917 1454 sibi
953 1389 1125 1454 vindicare

23 1487 137 1553 studuit.
185 1485 416 1552 Contendebat
446 1489 618 1571 videlicet,
651 1489 817 1554 loannem
850 1488 892 1553 ob
925 1509 1041 1552 necem
1065 1487 1125 1551 Ar·

22 1583 92 1648 thuri
115 1587 244 1671 nepotis
269 1587 320 1649 sui
338 1586 409 1672 jam
434 1586 565 1672 pridem
594 1587 635 1650 ad
661 1585 806 1651 tribunal
829 1587 915 1670 regis
939 1584 1071 1651 Galliae
1094 1596 1126 1650 et

24 1684 143 1764 parium,
169 1684 217 1746 uti
243 1681 331 1748 illius
347 1683 520 1767 vasallum,
544 1685 691 1766 citatum,
716 1695 749 1748 et
763 1686 1010 1770 pronuntiatam
1026 1684 1126 1748 fuisse

23 1781 48 1841 in
70 1802 138 1844 eum
164 1784 362 1846 sententiam
391 1783 589 1868 juridicam,
628 1785 673 1846 ita
702 1791 740 1846 ut
769 1781 812 1846 ad
842 1781 994 1846 ultimum
1026 1783 1126 1846 etiam

25 1878 207 1962 supplicium
232 1890 265 1942 31
287 1879 329 1943 ad
354 1882 463 1945 omnis
487 1881 657 1965 dignitatis
681 1890 713 1944 et
726 1881 942 1966 possessionis
960 1879 1126 1965 jacturam

19 1975 236 2057 damnaretur,
266 1986 299 2040 31
316 1977 388 2063 jam
414 1978 535 2042 exinde
559 1978 724 2044 Jcannem
747 1987 786 2042 ut
807 2000 924 2042 verum
947 2000 1058 2062 regem
1082 1978 1124 2043 ab

21 2075 76 2156 ipso
98 2075 250 2139 habitum
274 2097 341 2138 non
365 2097 446 2142 esse.
487 2076 657 2141 Electione
681 2088 792 2140 autem
813 2075 975 2140 baronum
1000 2087 1032 2140 et
1049 2077 1125 2161 jure

19 2169 220 2236 haereditario
243 2171 389 2237 Blancae
414 2175 528 2238 uxoris
561 2176 678 2256 suae¹)‚
719 2197 753 2238 se
780 2175 856 2259 jure
887 2173 951 2238 sibi
971 2195 1126 2238 coronam

17 2271 141 2353 Angliae
168 2270 355 2337 vindicare.
403 2269 469 2336 Sed
494 2273 708 2336 Innocentius
729 2271 783 2337 III
815 2275 931 2336 merito
965 2273 1027 2336 ista
1059 2293 1126 2335 non

17 2366 141 2432 admisit.
190 2367 305 2448 Quum
339 2391 417 2433 vero
442 2369 637 2434 Ludovicus
667 2392 754 2435 anno
790 2371 875 2436 1216
907 2371 940 2434 10
969 2368 1125 2452 Angliam

17 2487 76 2529 cunr
98 2468 203 2552 copiis
226 2467 425 2553 trajecisset,
461 2476 494 2530 et
516 2467 710 2532 Londinum
739 2477 942 2554 occupasset,
973 2491 993 2532 a
1019 2465 1127 2550 legato

18 2559 171 2628 Pontificio
195 2567 505 2629 excommunicatus
540 2575 598 2630 331.
646 2566 712 2632 Sed
745 2565 861 2630 ecdem
892 2587 991 2648 anno,
1016 2586 1126 2651 ·quum

19 2661 150 2725 turbatus
182 2683 295 2726 rerum
328 2673 432 2728 status
463 2664 498 2727 in
521 2662 645 2747 Anglia
676 2664 788 2728 adhuc
810 2663 1012 2750 perduraret,
1045 2662 1128 2727 obiit

20 2755 218 2824 innocentius
240 2759 293 2824 IlI
317 2761 363 2846 (d.
391 2761 556 2826 16⁰Ju1ii
583 2761 698 2846 1216);
730 2771 764 2826 et
786 2784 900 2826 versus
924 2761 1023 2826 finem
1047 2763 1127 2825 anni

33 2857 56 2919 d.
79 2859 135 2922 19⁰
159 2857 332 2944 Octobris)
357 2869 505 2922 mortuus
529 2868 579 2923 est
603 2861 704 2924 etiam
728 2859 876 2925 Joannes
891 2858 1034 2944 Angliae
1057 2880 1126 2924 rex.

18 2956 164 3021 Successit
189 2958 221 3020 ci
245 2957 333 3021 filius
357 2957 525 3021 Henricus
548 2957 600 3020 III
624 2957 792 3040 decennis,
826 2959 879 3022 cui
904 2978 1025 3042 magna
1050 2977 1126 3020 cum

18 3053 222 3118 sollicitudine
255 3053 363 3118 adfuit
395 3053 503 3119 Gualc
534 3054 706 3120 Pontificis
740 3055 879 3118 Honorii
905 3055 956 3119 111
986 3055 1125 3139 legatus.

18 3147 193 3216 ludovicus
217 3162 352 3216 coactus
376 3163 434 3234 est,
467 3162 503 3216 01
526 3175 643 3238 pacem
668 3175 743 3217 cum
768 3153 913 3218 Henrico
939 3153 989 3216 Ill
1015 3153 1123 3232 iniret,

17 3260 40 3308 31
53 3249 82 3312 in
93 3248 241 3314 Galliam
257 3259 485 3315 reverteretur.
499 3287 542 3297 —
555 3249 625 3316 Sub
638 3250 784 3315 Henrico
796 3250 849 3314 Ill
868 3248 986 3316 Charta
1002 3251 1126 3336 Mapna

19 3348 90 3409 varie
113 3349 290 3412 immutata
313 3348 386 3413 fuit.
425 3349 669 3433 Dispositiones
693 3349 857 3434 quaedam
882 3350 950 3432 regi
977 3347 1125 3412 duriores

19 3439 139 3508 abolitae
162 3454 253 3526 sunt,
278 3447 324 3509 ita
350 3456 385 3509 ut
407 3444 539 3509 articuli
563 3446 605 3511 63
629 3446 673 3511 ad
696 3445 852 3510 articulos
872 3447 916 3511 42
931 3446 1125 3510 reduceren-

19 3553 66 3620 tur,
88 3553 118 3605 31
133 3541 201 3606 bac
216 3544 353 3626 ratione,
370 3545 596 3608 consentiente
610 3542 718 3626 legato
732 3543 916 3625 Pantilius,
932 3565 1020 3607 anno
1040 3543 1125 3607 1218

19 3639 194 3704 confirmata
225 3650 283 3704 est.
338 3639 423 3704 Aliis
459 3641 536 3704 dein
569 3640 809 3706 mutationibus
839 3640 952 3724 factis,
991 3641 1125 3705 demum

20 3739 200 3804 00001225
231 3739 424 3804 confirmata
448 3750 497 3804 est
519 3741 626 3804 forma
656 3740 801 3827 quadam
833 3739 1021 3823 definitiva,
1060 3761 1127 3825 qua

22 3847 110 3900 exsut
131 3859 239 3924 usque
263 3836 306 3901 ad
330 3849 476 3901 nostram
500 3848 652 3904 aetatem.

27 3995 213 4009 ξ-ῇ-ι

76 4095 230 4161 ἱ1Β130333
249 4109 317 4148 avus
336 4099 397 4147 erat
415 4093 548 4148 Henricus
567 4093 594 4147 11
613 4093 731 4163 Angliae
760 4107 816 4148 rex.
853 4092 907 4146 Hic
924 4093 996 4147 enim
1013 4093 1126 4148 1113000-

22 4183 63 4224 an
79 4173 155 4228 tiliam
173 4175 204 4229 in
223 4173 427 4228 matrimonium
446 4173 559 4228 dederat
578 4173 714 4241 Alpbonso
726 4173 766 4226 IX
786 4173 846 4241 regi
865 4172 1002 4238 Castiliae,
1021 4189 1055 4228 ex
1073 4187 1126 4240 quo

20 4253 164 4309 matrimonio
182 4261 252 4309 nata
269 4259 313 4308 est
330 4252 438 4308 Blanca.
467 4253 536 4308 Eam
553 4253 671 4308 duxerat
688 4251 849 4306 Ludovicus.

1153 608 1277 659 Expedttlo

1138 671 1248 712 Ludovtet
1262 672 1288 711 ta

1158 734 1273 784 1103113111.
1382 769 1385 774 .

1143 3274 1296 3315 0011133110-

1135 3348 1174 3378 033
1189 3337 1293 3378 chartae.
