3000 4838
383 510 424 564 Do
441 509 637 564 mccessoribns
654 509 808 564 Innocentii
826 511 863 566 11.
1150 509 1185 566 73

82 655 266 740 exipsorum
285 651 432 736 Collegio
457 652 547 717 hand
572 662 666 736 esset,
691 654 886 718 Pontificem
904 676 1070 737 creavere,
1095 653 1184 740 quod

81 753 194 816 macris
218 748 373 814 miraculi
398 752 502 815 instar
526 751 659 836 speciali
679 752 741 815 Dei
767 752 979 838 providentia
1002 754 1112 816 visum
1136 761 1186 817 est

79 851 221 914 evenisse.
270 849 390 912 Merito
414 848 496 912 forte
518 848 697 934 sperabant
714 847 917 928 cardinales,
942 849 1012 914 fore
1028 859 1065 914 ut
1080 848 1183 914 electo

78 945 127 1010 hee
146 947 219 1011 viro
243 944 408 1030 religioso,
441 945 619 1010 virtutibus
643 948 778 1030 insigni,
808 946 940 1011 facilius
965 968 1183 1032 compescere-

77 1059 120 1106 tur
143 1043 287 1130 populns
321 1043 501 1126 Romanus,
538 1043 618 1107 dum
654 1046 801 1130 apertius
837 1044 980 1125 videret,
1016 1044 1107 1108 haud
1142 1045 1183 1110 ob

76 1141 277 1206 ambitionem
302 1149 336 1204 et
358 1140 480 1204 fastum
504 1140 698 1222 humanum,
724 1141 781 1206 sed
806 1141 847 1206 ob
864 1141 1035 1207 Ecclesiae
1059 1143 1184 1208 bonum

75 1250 101 1301 et
134 1250 270 1324 propter
303 1237 392 1322 leges
421 1239 571 1324 justitiae
609 1241 834 1326 principatum
876 1239 1009 1304 civilem
1043 1241 1183 1306 Romani

74 1335 233 1400 Pontificis
268 1336 445 1400 vindicari.
482 1374 519 1384 -
553 1337 665 1418 Quum
698 1338 838 1402 Romani
873 1339 1005 1402 nonnisi
1038 1336 1184 1404 molestis
1194 1350 1355 1401 numium

74 1435 124 1497 sub
146 1433 397 1499 conditionibus
419 1434 591 1499 Pontificis
615 1437 894 1500 consecrationem
920 1433 1094 1500 admittere
1119 1435 1184 1500 vel·
1239 1412 1269 1456 B‘
1284 1413 1311 1452 Ε

73 1531 137 1616 lent
165 1533 341 1616 Eugenius
369 1531 420 1596 III
452 1555 527 1596 cnm
560 1532 794 1598 Cardinalibus
825 1542 858 1596 et
885 1535 1049 1620 episcopis
1079 1533 1186 1601 Roma

73 1633 203 1712 secessit,
236 1632 327 1694 etin
353 1633 552 1696 monasterio
576 1630 728 1696 Farfensi
762 1641 973 1696 consecratus
996 1632 1076 1707 fuit;
1108 1631 1186 1696 dein

74 1727 202 1794 viterbii
229 1727 361 1794 resedit.
409 1729 566 1796 In·Urbe
590 1733 722 1795 interim
747 1732 892 1816 partium
917 1731 1123 1815 agitationes,
1155 1740 1188 1795 et

73 1828 224 1912 oppositio
243 1835 359 1890 contra
374 1829 598 1912 principatum
618 1828 752 1893 civilem
767 1828 938 1892 Pontificis
954 1829 1185 1913 perdurarunt,

72 1946 163 2010 eoque
186 1935 340 2008 tempore
363 1924 503 1990 Romani
536 1928 722 1990 invitarunt
746 1926 937 1990 Conradum
961 1925 1023 2008 III,
1057 1936 1094 1989 ut
1117 1928 1187 2012 ipse

73 2024 197 2086 veniens
222 2023 399 2107 antiquum
423 2023 603 2109 Imperium
629 2034 828 2088 restauraret
851 2034 884 2087 et
897 2023 1022 2089 Romae
1046 2045 1188 2088 commo·

73 2143 135 2184 rans
158 2119 274 2184 orbem
300 2133 436 2204 regeret.
485 2121 535 2185 Ex
559 2121 662 2186 altera
686 2131 779 2207 parte
809 2144 833 2185 s.
858 2120 1048 2185 Bernardus
1072 2142 1188 2185 evoca·

75 2219 111 2280 rit
132 2216 347 2298 Conradum,
381 2227 418 2281 ut
446 2218 599 2282 Pontifici
633 2241 728 2305 opem
761 2218 877 2300 ferret3
910 2217 967 2282 sed
999 2219 1027 2282 is
1050 2219 1186 2303 Imperii

76 2313 176 2380 ironori
208 2326 243 2378 et
272 2314 397 2398 gloriae
425 2317 534 2380 minus
566 2317 757 2402 providens,
790 2316 1036 2400 expeditionem
1067 2317 1101 2380 in
1125 2315 1188 2379 Ita·

77 2411 138 2478 liam
162 2415 334 2498 suscipere
359 2412 473 2478 noluit.

151 2511 205 2578 93.
255 2510 397 2575 Romani
414 2521 535 2595 tamen,
561 2533 662 2598 quum
678 2510 851 2595 Eugenius
866 2510 919 2575 III
935 2510 956 2575 J
959 2510 1117 2574 ordanem
1132 2532 1188 2595 pa·

74 2611 187 2673 uitium
212 2611 545 2692 excommunicasset,
571 2611 700 2696 ipsique
728 2619 798 2673 tum
815 2610 950 2674 monitis
974 2631 998 2672 s.
1015 2607 1187 2691 Bernardi,

73 2715 133 2770 tum
147 2727 325 2793 procerum
350 2715 383 2769 et
396 2704 521 2792 aliquot
537 2709 710 2772 civitatum
729 2708 827 2770 minis
844 2716 1048 2791 urgerentur,
1073 2726 1189 2769 versus

75 2803 162 2870 tinem
178 2807 262 2870 anni
281 2803 367 2868 1145
388 2827 463 2869 cum
480 2805 642 2870 Pontifice
666 2806 921 2868 conventionem
938 2805 1097 2884 fecerunt,
1123 2824 1190 2888 qua

75 2902 136 2984 ejus
152 2903 379 2988 principatum
394 2913 619 2988 susceperunt,
636 2905 683 2966 ita
694 2913 817 2984 tamen,
842 2912 879 2965 ut
895 2901 997 2965 multa
1014 2899 1190 2986 privilegia

77 2999 221 3064 Pontifex
237 3002 285 3063 eis
302 3000 507 3083 concederet,
526 3000 723 3086 civibusque
740 3022 850 3064 rerum
867 3000 1189 3066 administrationem

77 3119 186 3180 inagna
203 3108 297 3184 parte
319 3101 547 3163 committeret.
584 3099 649 3163 Sed
665 3097 764 3164 semel
789 3108 888 3184 atque
912 3101 1032 3162 iterum
1056 3105 1191 3182 propter

76 3195 246 3259 seditiones
285 3217 306 3258 a
344 3194 528 3261 factionum
569 3197 711 3261 ducibus
744 3199 905 3260 excitatas
935 3193 1108 3278 Eugenius
1138 3193 1190 3258 III

77 3315 111 3354 ex
138 3292 229 3358 Urbe
262 3291 433 3358 discedere
464 3303 613 3376 coactus,
653 3317 739 3359 anno
776 3295 858 3357 1147
889 3294 1022 3358 secessit
1051 3293 1085 3356 in
1113 3290 1190 3356 Gal·

78 3387 155 3470 liam,
179 3392 252 3476 jam
276 3411 297 3454 a
324 3391 528 3477 temporibus
551 3393 677 3458 Urbani
701 3392 735 3456 11
768 3391 969 3456 tutissimum
1001 3389 1190 3477 perfugium

79 3487 267 3552 Pontificum
292 3487 528 3570 Romanorum,
560 3490 751 3577 ibidemque
775 3513 795 3554 a
817 3489 991 3554 Ludovico
1017 3488 1084 3552 VIl
1113 3508 1191 3572 rege

79 3585 247 3651 honorifice
281 3599 440 3673 exceptus
473 3601 531 3656 est.
587 3588 662 3670 Quo
695 3600 842 3674 tempore
871 3589 993 3651 mansit
1023 3588 1057 3650 in
1088 3606 1190 3670 regno

82 3683 143 3766 illo,
188 3684 330 3749 coucilia
368 3685 503 3752 Parisiis
543 3698 576 3752 et
614 3687 750 3751 Rhemis
795 3685 933 3768 babuit,
985 3686 1019 3748 in
1059 3682 1191 3769 quibus,

82 3785 121 3846 nti
142 3780 278 3848 inferius
302 3783 502 3868 videbimus,
538 3785 579 3850 de
611 3784 804 3850 haeresibus
835 3794 868 3848 et
891 3783 1124 3847 controversiis
1152 3801 1191 3844 eo

83 3893 214 3966 tempore
245 3883 398 3946 excitatis
430 3894 540 3947 actum
572 3895 630 3948 est.
678 3883 776 3947 Anno
811 3881 896 3946 1149
931 3883 966 3945 10
989 3878 1119 3944 Italiam
1143 3900 1192 3970 re-

85 3997 185 4042 versus
208 3979 374 4062 Pontifex,
398 4005 418 4045 a
442 3982 582 4068 Rogerio
607 4004 683 4067 rege
708 3992 740 4046 et
764 3979 942 4045 comitibus
960 3977 1096 4044 Tusculi
1121 4000 1192 4064 pro·

85 4087 186 4158 tectus,
208 4076 344 4141 'fusculi
369 4079 482 4144 sedem
506 4081 590 4162 fixit,
616 4081 693 4145 dein
714 4079 905 4144 aRomanis
929 4087 1110 4162 susceptus,
1136 4077 1192 4140 ite·

86 4195 148 4237 mm
167 4189 296 4262 propter
310 4175 426 4242 turbas
443 4179 558 4244 urbem
575 4178 762 4263 relinquere
779 4177 918 4240 adactus
935 4185 992 4240 est.
1040 4173 1192 4238 Tandem

88 4291 182 4336 mense
204 4272 383 4338 Decembri
416 4279 496 4341 anni
523 4277 609 4342 1152
632 4276 808 4340 conventio
834 4295 910 4338 cum
933 4271 1092 4337 Romanis
1117 4293 1192 4337 con·
