2902 4848
310 428 364 484 aaa
437 429 548 483 xxxv.
573 429 613 484 ue
633 429 732 484 conus
752 429 904 485 Batiana
922 445 955 485 ac
973 431 1006 484 se
1023 429 1123 498 aynan.
1144 429 1307 484 asarenam
1436 393 1437 480 l

311 572 450 658 praelati
476 574 611 658 triginta
635 572 711 654 duo,
745 577 892 660 episcopi
928 585 961 638 et
992 572 1150 648 abbates;
1186 575 1321 638 sessioni
1353 595 1414 634 vero

312 669 462 736 decimae
487 671 541 734 die
568 671 626 734 19⁰
646 671 820 737 Februarii
845 695 874 738 a.
903 673 988 736 1433
1012 671 1194 736 adfuerunt
1217 670 1415 756 qnadraginta

311 779 345 833 et
366 789 425 832 sex
442 769 590 854 praelati.
617 769 744 833 Aderat
759 782 869 834 autem
895 791 1037 854 magnus
1052 789 1212 832 numerus
1228 768 1413 832 sacerdotum

311 867 447 930 secundi
474 867 609 946 ordinis,
636 865 841 948 clericorum,
867 879 899 931 et
922 867 1094 946 laicorum,
1119 877 1154 930 et
1176 877 1309 952 praeter
1326 867 1376 950 jus
1392 885 1414 926 u

311 986 436 1028 morem
474 965 649 1050 antiquum
692 967 756 1050 ipsi
804 985 960 1050 magnum
1010 968 1043 1029 in
1090 967 1226 1048 negotia
1273 963 1415 1029 inlinxnn

311 1063 522 1128 exercebant.

402 1163 453 1226 12.
501 1161 639 1226 Interim
664 1159 897 1246 Sigismundus
913 1161 1098 1246 Imperator
1121 1159 1246 1245 aliique
1271 1161 1414 1246 principes

310 1259 399 1344 apud
429 1260 625 1324 Pontificem
665 1260 872 1340 insistebant,
907 1271 943 1322 nt
974 1259 1216 1323 Basileensium
1249 1257 1414 1343 postulatio·

311 1357 410 1421 nibus
433 1359 667 1442 acquiesceret.
717 1357 854 1422 Carolus
879 1357 943 1420 VII
975 1379 1036 1422 rex
1060 1368 1092 1421 et
1116 1355 1248 1421 Galliae
1273 1355 1373 1419 clerus
1391 1355 1413 1414 in

311 1453 501 1519 obedientia
532 1455 666 1540 quidem
698 1457 841 1542 Eugenii
866 1456 913 1520 IV
946 1466 1136 1520 constanter
1165 1451 1413 1540 perseverabant.

311 1553 368 1617 sed
394 1563 560 1618 conventu
585 1555 725 1618 Biturici
751 1555 923 1638 (Bourges)
948 1575 1061 1617 mense
1086 1553 1272 1617 Februario
1297 1576 1326 1616 a.
1351 1552 1413 1614 143?

312 1650 425 1726 habito
450 1651 658 1716 Acisameuta
691 1653 732 1716 de
756 1652 906 1717 Concilio
938 1651 1109 1732 dederant,
1144 1663 1176 1715 et
1211 1650 1351 1715 Concilii
1373 1649 1413 1711 Ba·

311 1749 459 1813 sileensis
489 1751 771 1814 continuationem
804 1750 988 1834 urgendam
1017 1771 1088 1814 esse
1113 1760 1308 1813 statuerant
1352 1747 1412 1810 Con-

311 1846 397 1922 cilio,
430 1848 464 1910 in
488 1869 553 1933 quo
577 1849 717 1912 aderant
741 1848 834 1912 multi
860 1848 1010 1912 doctores
1034 1846 1133 1928 Galli,
1166 1849 1326 1912 continuo
1349 1847 1412 1909 lasu-

311 1943 401 2024 bant‚
434 1956 467 2009 et
496 1967 555 2008 rex
588 1949 732 2010 maxime
768 1947 1029 2012 reconciliationi
1061 1948 1148 2010 inter
1175 1945 1369 2010 Pontificem
1393 1957 1412 2002 rt

259 2049 265 2059 “
312 2041 484 2128 Synodum
514 2042 715 2109 obtinendae
747 2044 973 2110 adlaborabat.
1027 2044 1262 2128 Sigismundus
1297 2063 1411 2128 qnoque

311 2143 465 2226 quamvis
504 2142 545 2206 de
584 2155 714 2206 caetero
751 2145 876 2228 pariter
915 2143 1065 2227 Eugenio
1112 2141 1289 2223 addictus,
1334 2159 1412 2226 quun

311 2239 450 2304 Romam
475 2243 635 2318 venisset,
668 2265 688 2304 a
711 2241 873 2305 Pontilice
897 2241 995 2304 enixe
1020 2241 1129 2326 petiit,
1162 2249 1199 2303 nt
1223 2237 1413 2303 concordiam

312 2358 388 2400 cum
404 2337 653 2402 Basileensibus
677 2341 784 2404 iniret.
816 2339 972 2403 Pontifex
996 2341 1098 2422 igitur
1120 2337 1254 2402 illorum
1280 2337 1413 2400 suasioni·

311 2432 394 2516 bns,
428 2457 557 2501 necnon
581 2437 805 2501 Romanorum
837 2436 943 2500 turbis
976 2459 1059 2522 quas
1091 2434 1229 2500 fovebat
1263 2435 1414 2519 Philippus

312 2531 381 2595 dux
416 2532 692 2616 Mediolanensis,
736 2536 956 2622 quorumdam
995 2537 1095 2598 etiam
1131 2533 1359 2598 Cardinalium
1384 2529 1413 2592 al

313 2629 519 2696 Basileenses
544 2633 728 2698 delectione
745 2644 778 2697 et
794 2625 982 2697 schismatis
1007 2630 1152 2719 periculo
1177 2643 1355 2717 permotus,
1376 2628 1413 2690 dis

159 2735 195 2824 ml,
218 2735 301 2825 awa.
315 2728 372 2791 15ο
396 2728 593 2796 Decembris
617 2755 645 2796 a.
665 2734 749 2796 1433
774 2731 904 2795 Bullam
930 2729 1036 2795 edidit
1060 2731 1188 2794 Dudum
1213 2753 1345 2804 samum,
1367 2749 1413 2812 qm

311 2826 440 2892 sublato
472 2829 696 2894 dissolutionis
731 2840 765 2894 et
798 2829 1023 2894 translationis
1056 2829 1198 2908 decretu,
1233 2827 1375 2892 decrevit
1394 2841 1413 2883 a

312 2924 496 2990 declaravit
523 2926 696 2992 Concilium
721 2927 870 2992 Basileus
895 2927 1030 3011 lepitime
1055 2929 1274 2990 coadunatum
1307 2937 1335 2989 al
1362 2945 1404 2985 rou

311 3025 500 3088 tiuucadum
524 3047 588 3089 esse
613 3027 658 3088 acl
680 3028 850 3107 haeresum,
884 3024 1033 3089 bellorum
1064 3035 1094 3088 et
1121 3047 1296 3110 prucorum
1318 3043 1414 3086 moran

311 3124 581 3209 exstirpationem.
597 3124 694 3188 Bulla
707 3124 771 3188 hae
784 3125 966 3188 adversarii
981 3123 1150 3187 Ecclesiae
1164 3121 1348 3185 abutuntur
1357 3139 1413 3182 ron·

310 3220 494 3302 tendentes,
527 3221 678 3285 eamdem
704 3231 955 3286 monumentum
980 3241 1051 3284 esse
1079 3223 1337 3306 peremptorium
1366 3237 1413 3300 quo

311 3328 432 3403 pateat,
457 3342 477 3384 a
501 3319 661 3384 Pontilice
686 3321 950 3406 superioritatem
976 3318 1116 3382 Concilii
1142 3320 1291 3401 agnitam
1323 3317 1412 3380 luisse

311 3437 412 3501 quum
431 3417 584 3481 Pontifex
600 3417 707 3481 eidem
724 3439 759 3482 se
776 3419 910 3482 omnino
926 3415 1105 3502 subjecerit
1122 3427 1154 3480 et
1168 3416 1303 3480 decreta
1316 3416 1354 3479 de
1367 3413 1413 3474 har

311 3516 540 3598 superioritate
567 3514 729 3599 jamista
754 3515 1042 3595 confirmaverit.¹)
1090 3514 1179 3577 Hinc
1202 3515 1307 3603 uerba
1330 3513 1413 3598 ipsius

311 3611 426 3676 Bullae
446 3613 517 3697 jam
536 3635 765 3698 proponemus,
791 3623 827 3676 ut
839 3611 1010 3698 aliquanto
1035 3614 1223 3676 accuratius
1247 3611 1310 3675 hac
1333 3611 1370 3673 dc
1388 3629 1412 3670 rs

310 3731 458 3794 agamus.

404 3810 453 3888 13,
502 3809 686 3895 Praecipua
716 3811 820 3894 igitur
850 3809 1038 3874 documenti
1074 3831 1148 3894 pars
1180 3809 1260 3872 hacc
1286 3819 1347 3872 est:
1375 3807 1411 3870 lt

311 3908 444 3972 consilio
475 3919 505 3972 et
534 3929 687 3972 consensu
718 3907 750 3972 S.
781 3909 821 3971 R.
847 3909 884 3971 Ε.
924 3905 1145 3972 Cordiualium
1180 3907 1367 3970 deceruimus
1390 3913 1411 3965 tl

312 4005 527 4082 declaramus,
567 4005 755 4092 ¹praefatum
793 4006 938 4092 peueralc
988 4003 1160 4071 Concilium
1193 4003 1366 4068 Basilicam
1397 4023 1409 4058 ⁴¹

388 4219 414 4288 ¹)
431 4219 526 4285 lanne,
546 4219 600 4274 Der
619 4219 709 4286 Papst
727 4219 782 4272 und
801 4219 849 4272 das
868 4217 967 4284 Cuncti,
987 4234 1013 4286 p.
1034 4218 1094 4274 333.
