2814 4848
298 423 352 478 368
461 423 575 476 XXVII.
595 423 635 477 De
654 421 756 476 haeres.
775 421 943 489 repressione
961 437 993 476 sc
1010 422 1044 476 de
1062 421 1259 476 Decretalibas.

299 567 450 656 objecisti,
463 589 566 652 quum,
583 568 642 630 etsi
650 565 736 650 fides
751 567 815 628 tori
830 567 872 628 sit
887 589 983 629 unum
999 565 1037 628 de
1055 566 1155 630 tribus
1171 566 1262 630 bonu
1278 565 1401 654 cenjrsqis]

297 675 478 729 nontamen
490 664 591 750 ipsius
601 663 734 727 uiolatio
747 663 911 752 conjuqale
925 664 1084 727 vinculum
1094 664 1256 728 uiolasset.
1290 651 1401 746 Defilttl

299 764 508 849 quoquereqis
527 761 674 852 ejusdem,
690 760 938 844 utrumleqitimi
950 786 993 824 on
1003 761 1162 847 illeqitimi
1169 761 1312 848 suerint,
1323 777 1401 846 quau

300 860 483 946 dispendet
493 861 634 945 quaestio
648 857 821 945 affinitatis
830 859 978 948 objectae,
984 869 1092 946 potest
1101 883 1165 924 non
1174 860 1330 922 immerito
1339 849 1401 932 dubi

301 957 1401 1044 tari.Namsiaffinitasfueritcomprobato,praedictamreqinamnu

299 1076 365 1119 esse
380 1058 463 1143 reqis
486 1059 645 1144 conjuqem
661 1053 840 1141 apparebit,
865 1065 894 1117 et
907 1077 967 1140 per
981 1077 1169 1140 consequens
1184 1051 1254 1118 alia
1269 1054 1401 1128 viderent

300 1153 362 1216 eibi
384 1151 519 1239 leqitime
548 1150 712 1238 copulata,
745 1163 775 1216 et
795 1153 887 1236 filios
914 1154 945 1216 ei
974 1151 1129 1239 leqitimos
1156 1155 1333 1238 peperisse.
1392 1149 1401 1242 l

301 1253 470 1329 iniecere,
494 1250 578 1337 quod
601 1248 735 1336 leqitime
759 1252 838 1330 nati,
862 1272 918 1314 nec
943 1261 976 1314 tu
998 1253 1067 1336 ipsc
1084 1251 1254 1337 proponis,
1282 1273 1338 1312 nec
1360 1245 1401 1318 ull

298 1351 514 1435 praesumitur
537 1349 671 1412 ratione.
717 1343 861 1435 Insuper,
894 1372 964 1412 curn
992 1371 1050 1411 rea·
1079 1350 1147 1435 ipse
1170 1351 1365 1434 sapuissent
1392 1343 1401 1406 i

302 1445 529 1532 temporalibus
552 1448 678 1510 minime
701 1458 912 1531 recoqnoscat,
935 1449 1004 1511 sinc
1020 1447 1109 1535 juris
1132 1446 1265 1509 alterius
1292 1440 1401 1520 laeciori

300 1546 336 1608 in
360 1566 394 1607 eo
419 1567 450 1609 se
466 1545 690 1632 jurisdictioni
711 1556 839 1608 nostrae
868 1545 1018 1632 subjicere
1037 1546 1146 1630 potuit
1169 1555 1198 1608 et
1221 1543 1366 1628 subjecit,
1394 1525 1401 1608 l

301 1664 360 1726 quo
368 1641 517 1726 forsitan
528 1642 688 1706 uideretur
699 1639 858 1727 aliquibus
870 1643 954 1727 quod
961 1664 1063 1729 perse
1077 1643 1190 1728 ipsum,
1204 1663 1267 1704 non
1280 1639 1401 1725 tanqua}

295 1749 394 1826 pater
416 1763 484 1803 cum
501 1739 602 1824 filiis,
617 1740 673 1804 sed
697 1751 848 1825 tanquam
865 1741 1020 1826 princeps
1036 1763 1104 1803 eum
1119 1739 1265 1817 subditis,
1289 1739 1401 1825 potest]

301 1839 498 1924 dispensare.
551 1839 598 1901 Tu
621 1849 725 1900 eutem
748 1839 825 1901 aliis
854 1839 993 1902 nosceris
1015 1837 1186 1927 subjacere.
1237 1836 1342 1913 Unde,
1365 1813 1401 1898 sil

301 1939 442 2024 ipsorum
456 1936 577 2021 forsan
600 1937 734 2025 injuria,
766 1937 832 1998 nisi
851 1947 1056 2021 praestarent
1078 1957 1249 2013 assensum,
1283 1909 1401 2016 nobisl

300 2037 356 2099 boc
379 2035 511 2100 subdere
535 2046 563 2099 te
585 2057 650 2097 non
668 2055 789 2120 posses,
819 2055 875 2097 nec
904 2039 971 2122 ejus
1005 2035 1206 2097 auctoritatis
1236 2034 1369 2109 sumtis,
1396 2021 1401 2094 l

303 2134 513 2221 dispensandi
536 2155 631 2217 osmer
653 2133 702 2194 liis
724 2132 840 2194 babeas
857 2143 1058 2218 potestatem.

131 2296 293 2346 uunnnsurn
332 2331 338 2338 .
394 2277 447 2342 δι’).
479 2273 658 2360 Postquam
682 2271 773 2337 hisce
796 2272 923 2337 evolvit
944 2276 1088 2338 rationes
1113 2269 1286 2358 speciales,
1313 2271 1401 2358 quibs

154 2358 276 2408 ‘'mm‘'
305 2383 413 2438 motus
435 2375 585 2436 animuin
610 2371 822 2435 inclinaverit
852 2373 886 2434 in
910 2374 997 2456 regis
1030 2369 1237 2456 obsequium>
1276 2383 1312 2434 θῑ
1342 2370 1401 2460 diii

305 2472 528 2536 militudinem
553 2469 697 2534 ostendit
721 2491 840 2532 causae
856 2467 1015 2535 Willelrni
1039 2493 1059 2534 a
1083 2473 1214 2554 negotio
1239 2475 1342 2555 regis,
1362 2461 1401 2556 jul

305 2571 433 2635 indicat
463 2569 665 2646 accuratius,
706 2589 770 2652 quo
802 2566 1019 2632 fundamento
1051 2571 1175 2632 nitatur
1206 2591 1245 2631 ea
1276 2581 1401 2656 puseus

305 2693 371 2756 que
394 2671 430 2733 in
453 2665 679 2752 legitimandis
703 2665 816 2729 liberis
840 2667 986 2753 Philippi
1012 2666 1056 2730 ad
1072 2667 1209 2730 effectus
1231 2649 1401 2752 temporall

306 2770 377 2853 ipse
401 2787 481 2829 usus
505 2767 557 2831 sit.
592 2765 704 2849 Atque
728 2765 762 2828 iu
787 2764 839 2828 his
863 2777 912 2829 est
936 2763 1034 2828 cardo
1060 2765 1265 2850 quaestionis
1291 2755 1401 2840 nostru

305 2864 499 2928 dictionibus
528 2865 625 2948 iqitur·
653 2863 701 2926 liis
724 2863 857 2941 inducti,
889 2863 1018 2945 scribit,
1047 2864 1115 2949 reqi
1137 2865 1279 2950 qratiam
1295 2845 1401 2950 fecinil

305 2962 498 3048 requisitam,
523 2983 652 3024 eausam
676 2971 739 3023 tam
764 2983 803 3024 esc
821 2961 925 3025 Veteri
947 2985 1040 3048 quam
1064 2983 1104 3024 en
1121 2961 1213 3024 Novo
1233 2961 1264 3024 T
1261 2951 1401 3024 estames¹

307 3069 444 3124 tenentes
468 3058 524 3144 (al.
552 3059 734 3143 trabentes),
765 3060 849 3144 quod
870 3083 935 3122 non
958 3057 1057 3122 solum
1080 3057 1115 3120 in
1138 3057 1303 3122 Ecclesiae
1333 3069 1393 3146 pat

306 3159 420 3240 monio,
445 3181 540 3244 super
562 3181 622 3242 quo
640 3158 772 3245 plenam
788 3160 823 3221 in
840 3155 1066 3245 temporalibus
1084 3158 1220 3242 qerimus
1230 3167 1401 3256 potestant

306 3279 412 3320 uerum
435 3259 529 3320 etiam
552 3259 587 3317 in
611 3255 686 3318 aliis
710 3257 900 3342 reqionibus,
930 3257 1023 3320 cerdo
1046 3256 1151 3318 causis
1173 3256 1341 3342 inspectis,
1366 3259 1401 3344 tet

303 3353 450 3441 penalem
464 3354 722 3443 jurisdictionem
744 3353 916 3417 casualiter
939 3350 1156 3437 eucreemus.¹)
1189 3390 1223 3400 -
1249 3353 1297 3420 Ut
1322 3357 1388 3442 peti

309 3451 474 3517 Willelmi
507 3449 745 3533 declinaretur,
776 3451 964 3516 sufficiebat
993 3451 1185 3534 ostendisse,
1220 3475 1338 3516 casum
1371 3475 1390 3516 u

1400 3549 1401 3600 i

1400 3667 1401 3706 ι

384 3731 402 3792 ¹)
422 3731 480 3797 sp..
494 3728 619 3796 Raynslsl
647 3727 680 3780 ad
700 3743 724 3782 a
746 3728 815 3782 1202
840 3727 943 3796 legitur
962 3733 1075 3782 cautum
1095 3733 1152 3782 tam
1172 3743 1206 3781 es
1225 3727 1330 3782 Vetere
1354 3721 1401 3794 qo*

308 3829 343 3864 es
362 3813 439 3866 Nono
461 3812 635 3864 'testamento
656 3814 794 3872 terrentes,
812 3808 881 3874 quod
900 3807 1011 3875 perinde
1024 3815 1073 3872 est,
1092 3809 1145 3862 imo
1157 3807 1255 3874 majori
1267 3823 1331 3860 cum
1344 3735 1401 3880 sigeb

313 3890 417 3945 iudicat
435 3897 467 3944 ut
485 3890 589 3944 fontem
607 3887 753 3956 potestatis
771 3887 938 3955 Scripturarn
956 3903 1067 3942 sacrsrn
1087 3917 1120 3927 -
1140 3887 1288 3942 Vsrisntes
1309 3887 1401 3952 lection

311 3971 384 4026 r'oeis
403 3972 563 4031 crassatum,
582 3977 647 4022 sunt
667 3967 866 4020 carnaliteret
885 3969 1044 4022 causaliter.
1082 3968 1179 4022 Sensus
1205 3976 1253 4020 est·
1273 3967 1333 4021 tere
1360 3957 1401 4040 issi

314 4053 474 4105 dentaliter
491 4047 648 4104 sumendum
668 4046 740 4100 foret
764 4046 793 4100 in
812 4048 980 4114 oppositione
999 4047 1033 4101 ad
1052 4049 1258 4116 spiritualium
1282 4045 1401 4112 causatu

314 4131 357 4185 hic
374 4131 544 4200 signiticaret
563 4145 596 4182 es
616 4145 702 4181 causa
720 4142 768 4181 seu
783 4127 849 4194 jure
870 4129 973 4181 nimiis.
1005 4127 1056 4180 Sed
1074 4126 1240 4194 glossatores
1258 4131 1287 4180 et
1306 4115 1401 4192 commi

313 4219 416 4265 taurea
434 4208 589 4279 generatim
608 4209 705 4276 legunt
724 4209 883 4272 casualiter,
909 4207 978 4273 quod
998 4207 1118 4276 opprime
1141 4207 1280 4262 contextui
1301 4201 1401 4292 cougrq
