2828 4842
526 678 605 743 1v.

188 857 250 922 Dc
272 855 548 935 meamne
570 855 762 920 cruciata
783 861 948 933 qaam.

103 1032 150 1098 82.
196 1032 388 1110 Innocentio
418 1031 471 1094 ΙΠ
509 1029 671 1094 Pontifiee
710 1029 849 1095 celebris
879 1030 935 1097 illa
959 1033 1127 1118 expeditio

35 1133 155 1194 cruciata
178 1130 263 1194 facta
294 1138 353 1210 est,
384 1150 470 1214 quae
494 1149 592 1212 scopo
623 1127 758 1213 quidem
789 1150 847 1193 suo
872 1127 1036 1195 liberandi
1058 1141 1129 1198 ¹tor-

34 1251 85 1290 ram
107 1237 248 1292 sanctam
273 1229 407 1291 omnino
432 1227 549 1306 caruit,
578 1225 635 1290 sod
656 1226 734 1290 inde
751 1227 864 1310 magni
880 1227 944 1291 fuit
961 1232 1129 1315 momenti,

33 1325 101 1408 quod
130 1326 277 1406 cruciati,
313 1333 505 1409 expugnata
536 1321 823 1409 Constantinopoli
860 1333 892 1388 et
926 1324 1129 1391 Graecorum
1194 1385 1195 1388 ,

33 1421 232 1488 dominatione
256 1445 382 1503 eversa,
414 1423 597 1507 Imperium
621 1419 762 1486 latinum
786 1421 911 1487 ibidem
935 1423 1128 1490 fundarunt.

34 1519 89 1582 istis
109 1521 148 1584 de
172 1521 347 1585 eventibus
370 1519 433 1584 hoc
456 1518 528 1583 loco
552 1541 650 1604 agere
684 1521 851 1600 convenit,
891 1530 962 1585 tum
993 1523 1071 1608 quia
1095 1524 1129 1588 in

32 1634 129 1683 statum
165 1641 274 1684 rerum
312 1617 609 1682 ecclesiasticarum
651 1616 751 1680 medii
798 1620 873 1682 aevi
911 1637 1129 1704 permagnum

31 1726 222 1782 asseruerunt
245 1715 421 1794 influxum,
452 1725 523 1779 tum
547 1723 584 1778 ut
606 1717 794 1779 accuratius
818 1737 1034 1801 exponamus,
1065 1739 1130 1804 qua

30 1817 133 1878 ratione
158 1813 281 1878 inillis
311 1807 518 1878 difficillimis
549 1834 660 1877 rerum
691 1813 858 1898 adjunctis
888 1837 958 1878 sese
991 1818 1130 1900 gesserit

30 1913 220 1977 innocentius
243 1912 409 1977 Pontifex.
448 1949 492 1958 —
532 1909 674 1996 Ceperat
705 1908 892 1994 Saladinus,
931 1913 1300 1979 fortissimussaasame

29 2011 151 2096 Aegypti
176 2021 209 2075 et
232 2009 349 2095 Syriae
373 2010 537 2096 princeps,
572 2030 658 2072 anno
685 2009 769 2072 1187
804 2010 974 2074 civitatem
998 2011 1128 2076 Jerusa-
1173 1995 1272 2030 mm

28 2107 86 2178 lem.
108 2121 206 2196 atque
229 2109 274 2173 ad
299 2130 372 2172 eam
395 2107 659 2192 recuperandam
674 2106 772 2170 tertia
799 2107 968 2193 expeditio
983 2112 1130 2175 cruciata

29 2205 88 2268 inde
110 2207 151 2271 ab
175 2228 262 2270 anno
282 2205 366 2270 1189
391 2215 544 2290 suscepta
567 2203 684 2269 fuerat.
718 2203 783 2269 Sed
800 2207 954 2291 quamvis
977 2206 1131 2273 felicibus

29 2303 74 2366 sub
95 2307 251 2393 auspiciis
274 2303 397 2369 bellum
423 2326 555 2368 sacrum
578 2304 765 2388 incepisset,
798 2313 831 2367 et
853 2305 939 2368 varii
963 2307 1130 2391 principes

27 2402 193 2486 christiani,
232 2403 424 2468 Fridericus
461 2401 477 2466 I
515 2401 713 2487 Imperator,
752 2401 927 2488 Philippus
960 2401 1131 2488 Augustus

28 2501 134 2565 (talliae
157 2523 228 2584 rex,
252 2499 442 2586 Leopoldus
465 2498 515 2563 VI
538 2499 693 2564 Austriae
717 2498 797 2581 dux,
821 2498 1008 2564 Richardus
1032 2503 1049 2564 I
1072 2523 1131 2565 rex

28 2600 157 2684 ,tagliae
183 2601 246 2664 iter
260 2602 295 2664 in
312 2597 483 2665 Orientem
508 2619 584 2662 cum
600 2599 705 2683 copiis
720 2600 788 2662 suis
805 2599 970 2680 fecissent,
997 2601 1130 2665 inanem

28 2699 77 2759 lere
98 2699 198 2762 fuisse
222 2698 350 2762 exitum
375 2696 473 2782 hujus
498 2695 735 2781 expeditionis,
773 2699 924 2782 superius
950 2697 1023 2782 jam
1048 2698 1131 2762 dixi-

29 2817 92 2859 mus.
135 2796 216 2860 Post
239 2805 378 2859 mortem
402 2794 551 2859 Saladini
576 2799 617 2876 (a.
646 2795 754 2876 1193),
780 2805 898 2878 agente
922 2797 1131 2880 potissimum

28 2893 190 2959 l'oelestino
221 2893 273 2958 III
304 2893 406 2978 Papa,
447 2894 581 2978 copiosa
605 2894 851 2978 crucigerorum
885 2895 1030 2976 agmina,
1069 2895 1131 2959 sub

29 2989 150 3056 chrico
177 2992 225 3056 VI
249 2993 452 3076 Imperatore
476 2989 623 3072 collecta,
663 2990 698 3054 id
723 2992 886 3076 imprimis
911 3001 1058 3075 egerunt,
1096 3002 1133 3056 ut

29 3111 71 3172 per
92 3089 412 3176 Constantinopolim
443 3091 478 3153 in
507 3087 638 3172 Syriam
671 3089 975 3174 proficiscerentar3
1015 3112 1132 3154 verum

29 3185 208 3272 Imperatore
227 3188 297 3273 jam
323 3209 353 3252 a.
380 3187 464 3251 1197
491 3189 524 3250 in
549 3185 664 3250 Sicilia
693 3196 831 3266 mortuo,
860 3186 968 3252 subito
994 3189 1028 3252 in
1053 3188 1132 3254 Ger-

29 3288 149 3350 maniam
174 3286 354 3350 redierunt.

99 3386 148 3450 83.
199 3383 456 3468 Quamprimum
490 3403 568 3446 vero
601 3381 643 3446 ad
668 3382 899 3467 pontificatum
924 3394 1059 3446 evectus
1083 3393 1132 3447 est

29 3479 222 3548 Innocentius
246 3481 307 3562 III,
348 3503 462 3544 omnes
497 3503 576 3544 suae
609 3481 813 3545 auctoritatis
841 3483 929 3544 vires
959 3480 1132 3565 impendit,

29 3591 55 3640 ut
74 3603 189 3644 novam
213 3579 460 3665 expeditionem
486 3579 668 3643 cruciatam
692 3588 833 3663 pararet,
865 3600 904 3642 ac
939 3579 1132 3663 praesertim

30 3695 59 3738 ex
79 3676 181 3743 Gallia
207 3687 239 3740 et
261 3675 359 3740 Italia
383 3676 478 3740 multi
503 3677 568 3739 viri
592 3674 722 3739 nobiles
746 3698 817 3741 sese
841 3679 1071 3758 accinxerunt,
1097 3686 1133 3739 ut

30 3771 129 3840 bellum
153 3797 286 3840 sacrum
310 3776 525 3860 susciperent.
573 3773 662 3837 Dum
695 3794 773 3837 vero
809 3796 858 3854 ea,
898 3796 982 3861 quae
1011 3772 1075 3837 hac
1099 3775 1133 3839 in

30 3873 219 3958 expeditione
244 3894 394 3953 evenere,
432 3871 652 3952 narrabimus,
678 3881 862 3956 opportune
887 3893 1063 3957 sequemur
1086 3894 1132 3936 re·

30 3966 173 4050 lationem,
199 3993 301 4057 quam
326 3981 442 4034 auctor
470 3967 635 4033 Gaetulum
658 3968 777 4050 sobria,
807 3969 867 4034 'sed
892 3969 990 4050 clara,
1023 3991 1132 4032 rerum

32 4071 213 4152 expositione
238 4068 335 4133 nobis
358 4067 504 4132 exhibet.
540 4065 645 4150 „Cam
671 4067 712 4131 de
737 4066 957 4131 subventione
982 4066 1133 4131 Hieroso·

32 4161 185 4244 lymitanae
210 4169 414 4253 provinciae,
440 4165 564 4247 scribit,
588 4176 655 4229 tam
682 4164 830 4229 initalia
854 4186 953 4250 quam
970 4165 1004 4228 in
1022 4162 1135 4228 Gallia
