2858 4834
13 17 333 150 *¹

357 505 396 558 De
415 505 502 558 initiis
522 503 721 558 controuersiae
1055 505 1104 558 177

22 650 152 732 praesules
175 663 333 736 tanquam
360 647 474 712 vasalli
501 646 669 726 eeclesiae,
703 659 735 709 et
767 647 929 710 beneficia
954 648 1105 712 ccclesia·

21 753 76 810 srirs
103 749 144 811 uti
169 747 269 812 leuda
293 749 383 832 regia
408 755 598 826 tractantur,
627 745 763 810 libertas
794 744 990 809 electionum
1016 767 1104 810 cver-

20 847 82 922 titur,
98 847 281 928 jurisdictio
306 843 528 908 ecclesiastica
552 855 584 906 et
608 842 818 929 privilegium
833 843 894 906 fori
919 844 1106 908 convellun-

19 957 62 1006 tur.
81 981 117 990 —
140 943 299 1008 Confecta
323 953 398 1006 seint
422 943 485 1005 trie
510 940 712 1026 exemplario
737 939 836 1024 hujus
853 941 1003 1024 catalogi,
1030 965 1105 1028 quo-

19 1063 68 1102 run
89 1063 183 1104 unum
211 1039 440 1104 Cantauriensi
466 1038 725 1124 archiepiscopo,
749 1037 886 1101 alterum
905 1039 1105 1105 Eboracensi

19 1139 142 1201 traditum
173 1151 242 1209 est:
283 1141 413 1201 tertium
445 1139 624 1222 repositum
655 1137 717 1200 fuit
755 1138 788 1200 in
822 1135 980 1200 archiviis
1011 1141 1106 1222 regis.

20 1233 190 1299 l'ostulatum
217 1237 281 1300 fnit
304 1259 323 1299 a
347 1235 486 1316 Thomu,
521 1244 557 1297 ut
581 1233 687 1319 sigillo
718 1245 750 1297 et
774 1234 1015 1320 subscriptione
1040 1258 1107 1299 mir-

20 1335 79 1395 uiret
99 1333 165 1422 illos
189 1332 361 1414 articulos3
386 1333 443 1398 sed
457 1333 489 1396 id
508 1331 689 1396 declinavit
706 1335 774 1416 ipse
792 1331 943 1396 inducias
959 1355 1107 1419 poscens.

20 1444 43 1490 ut
59 1434 234 1496 accuratius
258 1453 313 1495 cos
337 1430 540 1516 perpendere
564 1442 682 1516 posset.
732 1430 801 1494 Rex
828 1452 905 1494 uero
936 1424 1110 1516 deputavit

20 1525 77 1589 luas
97 1531 226 1593 nuntios
260 1529 302 1592 ad
327 1529 512 1592 Romanum
536 1527 746 1601 Pontificem,
780 1537 815 1592 ut
847 1529 1035 1613 impetraret
1066 1530 1109 1593 ab

22 1653 45 1684 a
62 1627 327 1690 consuetudinum
353 1627 645 1704 confirmationem,
680 1639 778 1710 atque
801 1623 997 1708 legationem
1024 1628 1109 1713 Apo·

25 1721 134 1787 aulicam
176 1727 209 1788 in
250 1727 405 1788 universa
439 1724 560 1808 Anglia
600 1745 658 1807 pro
684 1723 822 1806 Rogerio
862 1723 1109 1810 archiepiscopo

23 1817 190 1886 Eborucensi
223 1822 271 1908 (in
297 1821 407 1886 odium
434 1821 583 1886 Tlromae
609 1819 869 1906 Cantuarensis),
902 1845 1000 1907 quam
1031 1826 1109 1907 peti·

22 1917 111 1981 tionem
145 1919 243 2004 paulo
275 1931 351 1982 unte
385 1918 610 1982 declinaverat
635 1919 798 1984 Pontifex.
845 1919 987 1983 Addidit
1011 1922 1110 1984 etiam

22 2009 114 2078 litteras
137 2040 212 2080 suas
237 2017 280 2080 ad
305 2016 469 2102 postulata
509 2016 726 2101 impetranda,
766 2039 804 2080 ec
834 2017 996 2081 Thomcm
1036 2041 1111 2104 quo-

22 2131 65 2191 qne
84 2114 214 2198 epistola
234 2115 353 2199 ‘iuncta
377 2115 625 2178 commendasse
649 2114 801 2178 Pontifici
828 2115 1111 2181 confirmationem

24 2209 213 2286 mentor-um,
241 2213 373 2275 videtur
397 2211 505 2296 colligi
531 2235 571 2275 ex
597 2212 734 2296 epistola
758 2211 834 2275 data
859 2213 900 2275 ab
921 2213 1111 2278 Alexandro

26 2305 219 2374 ullhomam
253 2311 307 2374 die
332 2313 392 2374 ‘27⁰
417 2311 587 2374 Februarii
617 2311 709 2373 1164.
758 2309 840 2373 Inde
864 2321 974 2374 autem
1009 2314 1113 2397 sequi-

26 2417 65 2468 tur.
85 2405 253 2473 Thomam.
279 2411 432 2494 quamvis
457 2408 553 2494 plane
579 2411 683 2472 invite
709 2407 938 2472 Clarendonae
961 2411 1030 2489 regi
1047 2433 1113 2473 oes-

26 2503 98 2579 sisset
121 2527 181 2569 non
208 2509 319 2570 stetim
345 2519 465 2578 tumen,
492 2509 537 2570 uti
563 2507 673 2591 plures
698 2509 811 2570 coaevi
837 2509 1011 2593 scriptores
1034 2508 1112 2572 refe-

26 2615 76 2661 rant
100 2617 127 2664 et
158 2604 255 2667 multi
280 2606 478 2669 recentiores
502 2617 615 2668 tenent
647 2615 807 2680 stratores,
840 2628 988 2668 :tritarum
1022 2605 1113 2669 illum

26 2695 135 2763 dolorem
160 2704 353 2786 concepisse
385 2704 424 2766 de
449 2703 639 2766 infirmitate
671 2725 743 2782 sua,
778 2702 915 2788 illosque
948 2705 1113 2768 conscien-

26 2793 69 2854 tiae
88 2819 254 2866 mmorsus.
280 2800 322 2863 ob
347 2824 470 2886 quossi
495 2803 595 2864 sacris
620 2799 704 2864 ultra
729 2823 874 2864 mensem
900 2799 1068 2868 abstinuit.

90 2987 135 3050 24.
166 2987 203 3051 ln
231 2987 369 3072 epistola
394 2987 574 3051 Alexandri
601 2987 651 3050 ΙΙΙ
676 2990 721 3050 ita
745 2986 906 3051 habetur:
936 2986 1010 3051 Cam
1026 2990 1284 3070 (rexlnpmorsmi-

27 3075 77 3140 ‘liri
94 3107 147 3166 per
170 3085 378 3148 venerabilem
399 3086 541 3169 fratrem
566 3086 788 3148 Leaauienseru
813 3087 990 3171 episcopum
1014 3099 1043 3148 rr
1066 3087 1113 3150 di·
1133 3076 1214 3116 ”n‘ffl
1228 3073 1270 3113 m‘

30 3187 107 3242 ‘nunu
131 3183 232 3264 filiam
264 3195 404 3248 austrum
433 3185 657 3246 Pictauieusem
688 3182 944 3248 archidiaconum
976 3209 996 3246 a
1025 3186 1116 3248 probis

31 3278 208 3358 “fratr-ibas
240 3283 357 3344 noeais
388 3284 560 3344 instantius
586 3281 781 3367 postulasset
811 3279 996 3364 lepatioaem
1022 3286 1117 3347 totius

30 3373 131 3457 duplice
160 3381 356 3442 Eboraceusi
387 3383 531 3465 episcopo
575 3379 748 3461 iadalperi,
787 3389 816 3440 et
844 3389 908 3442 tam
939 3379 997 3443 riti
1024 3405 1116 3466 quom

31 3473 150 3538 uuirersis
173 3479 330 3564 epsiscopris
355 3477 504 3540 mandari
525 3490 674 3561 ropasset,
710 3487 744 3539 at
772 3478 921 3560 aritipaas
956 3480 1046 3562 rapui
1067 3481 1118 3542 aui

27 3575 233 3638 ¹suaratrrrliues
258 3586 288 3638 et
303 3576 474 3660 dipaitates
497 3578 732 3652 conseruat-etis,
758 3575 846 3638 uobis
870 3580 936 3663 ejus
948 3578 1118 3662 petitiones

28 3679 126 3760 praeter
154 3697 240 3736 sarim
276 3674 442 3736 arbitrium
472 3673 720 3751 moderantibus,
761 3674 866 3735 statim
887 3684 961 3758 post
983 3674 1118 3738 reditum

29 3765 177 3854 Lutatiorum
205 3793 343 3851 samam,
377 3775 431 3836 uia
459 3771 569 3834 audito
601 3771 684 3856 prrod
710 3794 731 3833 a
754 3769 845 3833 nobis
867 3784 1117 3857 reportaverant,

30 3853 131 3928 dlicta
145 3867 235 3948 filias
259 3879 381 3932 austros
397 3860 622 3954 'Gaufredara
663 3869 918 3932 archidiaconum
957 3881 1050 3948 mum,
1090 3883 1120 3932 et

36 3963 179 4042 *matram
203 3967 362 4030 Joaurseru
393 3967 437 4032 ad
459 3978 599 4032 nostram
618 3968 835 4052 praesentiam
863 3968 1050 4047 destinauit,
1090 3981 1119 4032 at

63 4082 134 4124 reor
154 4063 235 4149 paud
253 4066 348 4149 prius
366 4069 515 4154 petierat,
549 4076 578 4128 et
602 4066 773 4145 amariora,
799 4090 820 4128 a
842 4066 933 4130 nobis
955 4069 1119 4131 instaretis.

40 4159 89 4217 arri
111 4163 288 4248 postulavit.
342 4169 384 4230 Et
415 4175 450 4229 at
482 4187 536 4228 suo
570 4165 727 4228 desiderio
759 4164 944 4250 faciliorem
981 4167 1121 4228 animam.

76 4295 193 4354 1Μτῐὶῑιιιιι,
211 4303 397 4342 Dlnertsticnes.
417 4301 482 4340 Tem.
499 4301 525 4338 V.
981 4289 1013 4341 12
