2964 4838
517 456 673 512 Alexander
691 457 739 512 VI.
1137 461 1190 516 tet

155 599 220 688 54.ι
240 595 378 684 Singula
401 621 487 686 quse
511 600 740 685 pontiiieatnm
763 601 947 668 Alexandri
964 602 1016 666 Vl
1039 613 1191 687 speetaut

69 695 204 762 ulterius
226 699 400 783 prosequi,
430 697 566 782 longum
596 709 692 764 esset
738 697 934 766 Sollicitudo
964 723 1023 786 pro
1047 701 1189 784 negotiis

71 794 236 862 liaeleaiae
258 794 321 880 ipsi
346 817 413 862 non
436 795 552 876 defuit,
575 807 610 860 et
632 798 668 862 in
690 795 853 881 gubernio
877 798 1013 864 ditionis
1036 797 1189 864 eeclesia·

65 894 169 958 stiose
199 915 355 978 maguum
385 893 530 959 ostendit
561 896 752 979 vigorem.¹)
789 931 827 944 ·-
866 895 934 962 Sed
963 907 1187 981 opportunum
1201 949 1225 989 ,κ

65 1012 137 1056 esse
161 991 293 1056 videtur
314 990 427 1077 aliqua
449 991 717 1059 animadvertero
740 993 849 1078 quoad
866 993 995 1058 Bullam
1018 995 1106 1058 Inter
1120 1015 1188 1058 aaa·

68 1098 145 1168 tera,
168 1099 302 1174 propter
325 1109 425 1175 quam
448 1088 604 1154 Pontifex
626 1113 648 1156 a
667 1089 932 1156 Protestantibus
955 1101 988 1155 et
1010 1089 1192 1156 incredulis

66 1186 283 1272 scriptoribus
305 1186 607 1252 vehementissimis
630 1191 794 1254 conviciis
817 1189 1029 1274 impetitur.²)
1077 1189 1190 1270 Quum

1227 949 1247 990 te

1248 887 1314 928 Bnlts

1248 949 1363 990 roem.

71 1284 226 1350 videlieet
255 1287 458 1369 interreges
481 1285 674 1350 Lusitaniae
705 1298 739 1350 et
761 1287 946 1374 Hispaniae
973 1297 1081 1352 ortum
1105 1299 1192 1354 esset
1283 1281 1286 1291 ⁴

66 1381 241 1449 dissidium
276 1382 319 1446 da
353 1381 599 1468 exploraturum
634 1395 667 1448 et
701 1385 981 1471 explorandorum
1015 1387 1190 1470 regionum

68 1482 146 1545 novi
170 1479 270 1548 Orbis
292 1481 370 1566 jure
392 1493 426 1544 et
448 1484 663 1566 possessione,
687 1481 882 1548 Alexander
904 1483 953 1550 VI
977 1505 1035 1569 per
1059 1483 1188 1550 Bullam

67 1579 154 1642 later
176 1589 302 1644 caetera
324 1603 354 1644 a.
374 1579 459 1644 1493
482 1578 575 1645 litem
595 1583 641 1644 ita
657 1583 852 1666 composuit,
877 1593 914 1646 ut
929 1603 989 1646 rex
1005 1581 1191 1667 Hispaniae

64 1675 304 1742 oeoidentalem
333 1688 368 1740 et
389 1698 449 1742 rex
472 1677 666 1742 Lusitaniae
696 1678 890 1744 orientalem
914 1691 1040 1764 partem
1073 1679 1189 1744 eirenli

67 1775 224 1858 indieati,
258 1779 329 1860 (per
351 1775 475 1842 lineam
498 1775 540 1840 ab
566 1775 758 1842 Alexandro
788 1776 831 1841 ab
857 1799 922 1842 uno
948 1777 1022 1863 polo
1044 1778 1089 1843 ad
1112 1777 1190 1842 slte-

66 1895 139 1938 rum
165 1871 332 1957 duatam,)
355 1871 509 1954 haberet,
533 1895 574 1938 ea
597 1885 706 1940 tamen
730 1874 819 1959 lege,
856 1888 892 1940 ut
915 1875 1014 1940 ambo
1037 1895 1133 1959 reges
1154 1877 1189 1940 in

65 1973 238 2057 oeoupatis
260 1971 452 2056 regionibus
475 1971 673 2038 catholicam
697 1973 798 2038 fidem
822 1975 1072 2060 propagandam
1097 1998 1191 2040 eura·

67 2081 149 2135 rent.
196 2069 246 2134 De
268 2079 379 2134 nostra
402 2091 487 2134 mera
518 2048 713 2136 laniatae
742 2083 773 2136 et
799 2095 839 2136 aa
862 2083 949 2138 eerta
978 2075 1121 2151 seientia,
1152 2099 1191 2138 ac

63 2168 105 2232 de
118 2166 325 2255 Apostolicee
343 2170 514 2253 potestatis
534 2167 736 2254 plenitudine
760 2193 865 2236 omnes
887 2169 1012 2236 imulas
1034 2183 1064 2236 et
1087 2183 1190 2237 terras

55 2267 173 2350 firraas
194 2267 339 2341 irruentes
361 2276 392 2329 et
411 2266 635 2346 mirem,
659 2266 797 2332 detectas
819 2279 849 2331 et
871 2269 1059 2355 detepeades
1082 2291 1191 2334 vasae

67 2364 253 2429 occidentem
264 2363 476 2440 etnwndiem,
483 2363 684 2448 fabricando
700 2376 730 2428 et
744 2367 1062 2432 eoaetraeadoaaam
1073 2368 1192 2432 lineam

64 2487 89 2526 -a
107 2461 185 2548 pola
201 2462 335 2540 ,aretiam
368 2459 486 2526 scilieet
513 2465 741 2548 septentrione,
774 2463 818 2526 ad
840 2461 951 2548 polam
981 2467 1192 2532 antarcticum

61 2559 366 2638 scilieetmeridiem,
377 2560 601 2645 ...praeliare
615 2561 711 2626 distet
727 2585 747 2624 a
762 2561 903 2645 qualibet
916 2563 1095 2628 insularum
1111 2587 1190 2650 quae

65 2658 239 2744 eulpmiter
260 2668 483 2743 nuncupantur
506 2659 545 2722 de
568 2658 616 2724 loe
639 2659 794 2745 Azoreey
821 2655 908 2724 Gaba
930 2661 1033 2744 verde,
1069 2672 1193 2726 eentum

62 2755 162 2820 leucia
185 2777 292 2819 vererer
314 2754 503 2820 occidentem
525 2767 556 2820 et
570 2758 744 2834 madiam,
766 2759 815 2820 ita
838 2759 922 2844 quod
945 2781 1050 2824 amaea
1064 2759 1190 2826 ireeolae

66 2863 96 2916 et
118 2865 225 2917 werae
235 2853 352 2936 firmae
374 2865 520 2940 repertae
543 2865 573 2916 et
593 2853 811 2941 reperiendae,
834 2855 973 2920 detentae
996 2869 1026 2920 et
1049 2858 1190 2944 detepes-

62 2951 136 3032 dae,
161 2975 182 3014 a
196 2950 355 3036 praefato
368 2951 458 3016 lium
472 2973 581 3016 versem
595 2951 784 3018 occidentem
799 2963 829 3016 et
843 2953 1005 3018 rueridiem
1016 2979 1076 3040 per
1091 2956 1191 3022 aliare

144 3264 167 3330 ²)
184 3262 226 3315 Ad
245 3275 301 3316 ren
319 3261 446 3316 Httbner:
471 3265 574 3331 „apres
593 3263 659 3317 Penl
677 3263 704 3317 ΙΙ
723 3279 873 3318 muraenae
895 3263 1019 3331 l’epoqne
1042 3265 1089 3320 dee
1108 3279 1190 3333 papea

66 3343 220 3410 politiones,
252 3343 298 3396 des
324 3342 400 3399 Siste
419 3341 466 3408 IV,
497 3343 544 3398 des
561 3343 695 3398 inuocem
712 3344 790 3410 VIII,
821 3345 868 3400 des
891 3345 1046 3400 Alexandra
1064 3345 1112 3409 Vt,
1143 3345 1190 3402 des

62 3421 146 3477 Jules
163 3423 197 3488 u,
216 3423 263 3479 des
275 3421 398 3478 clement
410 3424 470 3480 VII.
489 3424 550 3478 Neu
569 3426 703 3490 qu'aueun
721 3424 802 3480 d'enx
820 3425 862 3482 sit
880 3427 1009 3480 moranno
1029 3441 1064 3480 ou
1075 3425 1189 3501 neglige

63 3501 272 3570 eompldtement
290 3517 333 3556 ses
351 3503 458 3558 devoirs
477 3503 509 3557 de
528 3502 592 3557 ohel
608 3503 641 3557 de
659 3503 773 3574 l'Eglise
798 3510 827 3558 et
851 3503 884 3558 de
906 3504 1019 3572 gordien
1039 3504 1071 3558 de
1091 3505 1118 3558 la
1136 3503 1190 3558 foi:

63 3581 219 3636 Alexandra
232 3579 279 3647 VI,
298 3583 331 3636 de
344 3579 425 3636 triste
443 3583 577 3648 memeire,
597 3584 701 3650 peseeit
719 3583 855 3638 lui-meme
872 3585 960 3652 parmi
979 3583 1017 3638 les
1036 3595 1190 3652 contempo-

68 3661 141 3716 reins
160 3676 227 3730 penr
244 3677 282 3732 un
300 3664 388 3732 grand
407 3677 484 3730 pepe,
512 3662 663 3718 ‘Liristaire
690 3665 724 3718 de
741 3679 790 3718 sou
809 3667 893 3732 regne
921 3664 980 3734 (qni
998 3671 1042 3718 est
1059 3667 1190 3718 enearee

63 3742 171 3809 terim),
187 3741 255 3797 'doit
272 3759 339 3798 nous
358 3745 416 3798 etre
434 3757 572 3810 perrenae
590 3744 646 3798 lert
664 3745 820 3808 denaturte,
845 3759 881 3798 ou
899 3743 961 3800 bien
980 3744 1005 3799 le
1021 3759 1085 3798 sens
1104 3744 1189 3798 moral

67 3821 99 3876 de
118 3827 190 3877 eette
208 3825 368 3892 generation
387 3823 458 3877 etsie
475 3823 700 3892 singulierement
717 3824 846 3892 perverti,
871 3822 976 3891 pnisqu’
995 3825 1103 3878 Arioste
1122 3825 1189 3878 dans

65 3915 115 3955 son
133 3905 225 3969 potme
242 3903 333 3970 publia
352 3919 413 3957 sone
431 3901 505 3957 Leon
524 3904 549 3956 X
577 3909 605 3958 et
623 3904 659 3957 du
678 3904 775 3958 vivent
798 3904 830 3957 de
849 3903 966 3957 Lucrece
983 3903 1085 3972 Borgia
1108 3921 1125 3958 e
1153 3921 1188 3974 pu

64 3979 184 4036 audirer
202 3981 227 4040 le
245 3978 307 4038 irem
325 3983 358 4038 de
376 3981 554 4039 cellelesans
568 3982 680 4038 fruisser
691 3984 718 4037 le
730 3983 883 4040 conscience
895 3981 1048 4052 pullique.“
1069 3985 1146 4040 siste
1155 3985 1189 4041 V.

66 4059 254 4118 Introduction
272 4062 322 4122 IV.

139 4149 162 4218 ²)
181 4151 212 4209 Ε.
230 4167 259 4220 g.
279 4152 455 4210 Marmenia:
486 4153 543 4219 „De
562 4158 623 4208 tans
641 4153 681 4207 les
698 4151 795 4208 aimes
819 4151 866 4206 des
883 4152 989 4221 Borgis
1015 4159 1089 4208 oette
1118 4153 1191 4209 bulla

65 4227 112 4283 let
131 4229 156 4284 le
173 4231 233 4300 plus
251 4233 364 4301 grend.“
402 4233 456 4288 Les
472 4234 560 4298 Inoas,
579 4233 698 4298 Primae,
717 4249 743 4301 p.
762 4232 878 4288 xxvii.
897 4281 900 4290 Δ
