2814 4840
302 457 357 511 476
501 455 631 511 XXVIIL
650 454 785 508 Desiste
804 452 943 508 societatis
962 453 1054 509 christ
1073 471 1142 511 saec.
1162 455 1238 510 XIII.

144 601 278 643 ⁸³¹¹⁶¹⁰¹¹¹¹¹²
303 600 461 686 profanae
502 597 697 684 disciplinae
737 596 815 662 inde
846 619 968 681 magna
1002 619 1177 684 suscepere
1212 600 1397 662 incrementa.

139 664 282 766 validm
301 699 443 762 Romani
467 717 546 761 vero
562 694 741 760 Pontifices
764 717 823 781 pro
845 705 932 760 statu
957 697 1123 760 societatis
1146 696 1234 761 illius
1256 697 1395 780 temporis.

300 807 333 860 et
363 816 421 882 pro
453 816 582 859 summa
613 792 670 857 illa
702 793 899 856 auctoritate
923 802 955 857 et
979 792 1212 876 sollicitudine,
1251 815 1339 881 quam
1366 792 1401 862 de,

299 893 413 980 populi
438 892 609 957 christiani
634 892 859 976 prosperitate,
885 891 927 955 de
951 893 1165 956 scientiarum
1190 913 1349 978 progressu
1368 881 1401 952 sc?

300 992 342 1057 de
366 991 443 1055 fidei
468 989 695 1054 incolumitate
721 1010 852 1074 semper
873 988 1073 1073 babuerunt,
1097 989 1272 1075 providam
1295 987 1401 1070 deistisl

300 1087 583 1156 Universitetibus
613 1108 727 1150 curam
761 1085 874 1150 multis
898 1087 1006 1152 modis
1029 1087 1257 1154 ostendebant.
1302 1077 1401 1170 Magri

300 1188 363 1274 ipsi
388 1187 554 1251 donarunt
577 1183 753 1270 privilegia
777 1184 1018 1270 professoribus
1042 1196 1074 1250 et
1091 1184 1282 1271 discipulis3
1303 1183 1401 1247 benefir

272 1269 282 1362 f
300 1287 360 1350 ciis
384 1284 617 1348 ecclesiasticis
640 1283 871 1346 sustentationi
907 1282 1079 1348 doctorum
1112 1282 1344 1370 providebant,
1368 1283 1401 1360 etl

300 1406 364 1470 que
401 1384 500 1447 etiam
529 1382 746 1467 pecuniarum
787 1378 970 1444 aliarumve
1005 1401 1116 1445 rerum
1148 1380 1242 1466 larga
1279 1377 1401 1445 subsidi*

300 1481 419 1547 studiis
443 1479 508 1544 illis
530 1477 742 1563 generalibus
765 1477 967 1544 tribuebant.
1014 1478 1189 1543 Praeclare
1215 1479 1257 1544 de
1279 1477 1396 1542 bscRR

299 1579 499 1645 Pontificum
524 1575 748 1641 sollicitudine
771 1597 830 1660 pro
855 1575 1042 1661 disciplinis
1066 1577 1223 1642 omnibus
1247 1575 1390 1662 aliquaud

300 1678 433 1762 scripsit
456 1677 535 1740 Pius
546 1675 598 1739 11:
623 1675 711 1738 Inter
725 1674 908 1760 felicitates
931 1697 1011 1762 quas
1033 1675 1180 1740 mortalis
1202 1677 1291 1740 bomo
1313 1677 1345 1738 iu
1364 1675 1393 1736 lo

301 1774 395 1841 labili
416 1776 483 1839 uita
507 1795 547 1837 erc
570 1773 653 1837 done
676 1774 741 1836 Dei
763 1774 907 1837 nancisci
929 1784 1047 1860 potest,
1079 1797 1116 1838 ea
1146 1797 1212 1838 uon
1240 1776 1277 1837 in
1309 1771 1396 1836 altini

301 1874 478 1960 computari
500 1881 644 1950 meretur,
677 1871 761 1956 quod
778 1893 841 1958 per
864 1871 1029 1936 assiduum
1053 1873 1191 1936 studium
1215 1871 1353 1958 adipisci
1371 1889 1399 1930 ro

302 1971 366 2035 leat
388 1971 539 2034 scientiae
562 1971 781 2056 marparitam,
812 1991 892 2054 quae
916 1968 990 2033 bene
1014 1968 1161 2054 beateque
1195 1968 1388 2032 moendinis

294 2069 441 2158 praebet,
466 2079 496 2134 et
514 2069 654 2154 peritum
678 2067 717 2130 ab
741 2068 886 2152 imperito
915 2090 973 2130 sua
998 2069 1201 2153 pretiositate
1225 2067 1318 2152 loape
1341 2064 1377 2150 sa

302 2165 462 2244 excellere,
494 2175 524 2230 et
546 2165 590 2228 a'd
612 2164 725 2228 mundi
747 2187 870 2228 arcana
893 2165 1108 2250 capnoscenda
1131 2165 1275 2230 dilucide
1299 2165 1362 2228 indi
1389 2163 1394 2176 '

301 2263 498 2352 suffragratur
521 2263 658 2326 indoctis
682 2271 712 2326 et
727 2264 762 2325 in
777 2262 884 2347 infimo
898 2259 964 2326 loco
979 2273 1074 2327 natos
1089 2261 1214 2326 inducit
1237 2265 1276 2327 in
1291 2261 1368 2326 subli

299 2363 343 2426 Et
359 2372 534 2448 propterea
558 2359 655 2424 Sedes
677 2359 875 2447 Apostoliea,
905 2383 1009 2423 rerum
1039 2359 1260 2446 spiritualium
1284 2361 1373 2424 steti

301 2459 522 2546 temporalium
545 2459 682 2548 cujusvis
706 2456 883 2522 laudabilis
906 2459 1219 2544 accercitiiperpetua
1235 2468 1269 2521 et
1284 2431 1401 2554 conatui

300 2557 456 2646 adjustriac,
489 2568 523 2620 ut
546 2578 580 2619 eo
596 2553 736 2641 facilius
759 2556 896 2620 bomines
928 2555 972 2619 ad
996 2567 1060 2620 tam
1090 2554 1246 2618 eacelsum
1274 2557 1365 2619 bama

299 2656 492 2719 corsditionis
521 2653 694 2740 fastipium
733 2654 958 2738 acquirendum
991 2665 1022 2717 et
1052 2654 1239 2739 acquisitum
1280 2655 1316 2718 in
1347 2561 1401 2824 adq

298 2752 531 2838 ra‘undeudum
562 2773 684 2837 seraper
714 2773 781 2814 cum
814 2761 979 2836 aupmento
1012 2753 1148 2838 quaesiti
1169 2749 1316 2838 facilius
1339 2750 1391 2814 ind

298 2861 420 2930 cantur,
444 2874 512 2914 mim
536 2847 675 2912 aliarum
697 2873 802 2912 rerum
817 2848 1000 2914 distributio
1016 2871 1154 2913 massam
1170 2850 1308 2930 minuat,
1333 2843 1401 2912 scie*

298 2949 362 3011 tiae
385 2971 457 3011 aero
482 2949 730 3026 communicatio,
754 2959 906 3032 quantum
929 2949 964 3010 in
973 2947 1088 3035 plures
1107 2946 1316 3033 diffunditur,
1342 2863 1401 3042 tarel

297 3067 419 3132 semper
443 3054 596 3132 aapeatur
619 3056 649 3109 et
663 3057 792 3123 mercat,
816 3043 890 3110 illos
904 3047 1059 3125 bortatur,
1084 3047 1129 3110 eis
1150 3045 1221 3108 loca
1231 3043 1401 3132 praeparol

297 3153 327 3207 et
350 3153 547 3230 opportunae
571 3145 801 3208 commoditatis
825 3142 953 3207 auxilia
976 3145 1203 3230 impartitur.¹)
1400 3155 1401 3228 l

387 3241 461 3305 107.
496 3241 664 3305 Institutio
683 3240 831 3327 juridica
855 3250 888 3306 et
903 3263 1095 3328 supremum
1117 3240 1338 3307 moderamen
1361 3239 1401 3332 illl

295 3359 369 3402 rum
394 3337 667 3420 Universitatum,
692 3339 736 3404 sd
762 3338 948 3404 Ecclesiam
972 3362 1031 3404 seu
1054 3338 1175 3404 Sedcm
1194 3339 1401 3434 Apostolicst

184 3427 187 3434 ⁴
295 3434 492 3522 pertinebat.
538 3436 741 3523 Multiplices
765 3458 844 3502 vero
869 3440 1024 3520 rationes,
1057 3438 1100 3503 ob
1125 3459 1208 3524 quas
1231 3436 1315 3502 Sodi
1342 3437 1401 3522 Api

295 3533 430 3598 stolicae
461 3535 623 3620 ejusmodi
650 3536 729 3621 jura
761 3537 795 3599 in
828 3535 998 3620 generalia
1031 3535 1283 3621 disciplinarum
1317 3529 1401 3704 “uli

296 3631 550 3714 conveniebant,
576 3633 734 3698 hocloco
759 3633 914 3698 evolvere
936 3633 1073 3717 longum
1098 3645 1167 3715 est3
1201 3654 1314 3719 pauca
1340 3653 1378 3695 su

295 3731 361 3794 ciat
384 3729 566 3795 advertere.
615 3730 869 3816 Agnoscebatur
899 3732 1015 3796 merito
1047 3753 1084 3795 eo
1114 3741 1261 3818 tempore
1286 3731 1334 3794 ab
1359 3739 1401 3840 erp

294 3826 393 3892 nibus
408 3827 560 3892 Ecclesia
583 3840 741 3916 tanquam
766 3830 917 3894 veritatis
930 3828 998 3894 dux
1015 3840 1048 3893 et
1063 3829 1187 3913 salutis,
1212 3839 1315 3914 atque
1342 3828 1401 3912 adst

294 3947 396 4010 quum
435 3925 674 3991 Universitstss
709 3928 854 3991 maxime
890 3948 966 3990 eum
1001 3946 1139 4012 scopum
1175 3924 1351 4007 haberent,
1390 3931 1401 3990 t

293 4045 433 4108 regnum
456 4023 535 4088 boni
560 4046 599 4087 ac
623 4026 705 4107 veri,
729 4025 887 4089 continua
911 4022 954 4088 ab
971 4045 1080 4088 errore
1104 4047 1143 4089 so
1161 4022 1247 4088 malo
1267 4022 1401 4090 adhibil

367 4233 389 4306 ²)
408 4235 524 4290 autri
543 4234 569 4289 a
588 4233 613 4290 a
631 4237 650 4291 s
668 4235 754 4304 spur.
776 4235 853 4291 isso.
