2828 4842
275 509 328 564 308
542 509 641 562 XXVI.
662 509 701 562 De
721 508 885 562 l'ontificetu
906 507 1057 562 Innocentii
1076 507 1123 560 III.

275 653 422 717 Venetae
446 652 560 717 classis
584 653 759 737 praefecte,
793 651 978 715 Balduiuus
1003 650 1147 716 Flander
1177 676 1197 715 a
1221 650 1377 715 duodecim

276 750 457 834 designatis
490 749 687 815 electoribus
722 759 851 813 creatus
884 759 933 812 est
964 749 1150 834 Imperator
1179 749 1378 833 Byzantinus.

275 847 414 913 Alexius
439 856 549 912 autern
575 848 688 911 Ducas
711 869 814 934 quum
839 849 874 911 in
899 845 1138 931 Peloponesum
1171 848 1314 932 fugisset,
1343 845 1379 908 ibi

275 957 392 1033 captus
418 947 536 1010 incidit
559 948 593 1010 in
619 968 737 1010 manus
760 947 992 1024 cruciatorum,
1018 955 1051 1008 et
1075 943 1380 1029 Constantinopolim

274 1045 440 1125 reductus,
474 1043 516 1108 oh
541 1054 761 1130 perpetratam
785 1042 997 1127 Imperatoris
1022 1043 1159 1106 caedem
1184 1041 1298 1107 ultimo
1321 1064 1382 1124 sup-

276 1142 374 1230 plicio
399 1143 537 1207 affectus
560 1151 618 1206 est.

106 1277 266 1350 hostiumh-
368 1268 420 1332 98.
469 1267 542 1330 Hoc
567 1277 662 1351 pacto
687 1265 720 1328 in
746 1274 940 1350 potestatem
957 1263 1153 1329 Latinorum
1179 1266 1272 1328 venit
1294 1265 1387 1328 orien-

106 1341 341 1442 ”nuffii‘fm'tale
365 1365 556 1450 Imperium,
588 1363 781 1427 distractum
812 1372 923 1426 tamen
957 1373 990 1426 et
1022 1365 1151 1448 exiguis
1182 1365 1386 1448 angustisque

277 1463 399 1528 finibus
425 1461 626 1543 conclusum,
668 1483 705 1524 co
730 1460 817 1547 quod
843 1462 1009 1546 principes
1032 1463 1141 1546 graeci
1168 1461 1385 1525 Constantino-

276 1560 341 1646 poli
357 1585 376 1624 a
393 1561 522 1624 Latinis
544 1559 683 1644 expulsi,
708 1560 804 1643 quasi
816 1567 966 1622 vectores
987 1560 1020 1621 in
1038 1562 1205 1622 communi
1224 1559 1387 1640 naufragio

276 1657 405 1722 tabulas
437 1679 518 1743 quas
551 1679 619 1721 sors
647 1655 806 1720 afferebat
833 1657 1037 1740 arripientes,
1075 1658 1170 1719 varia
1203 1657 1265 1720 sibi
1295 1677 1388 1738 regna

276 1779 334 1842 per
347 1754 494 1842 ejusdem
506 1755 640 1839 Imperii
658 1753 825 1818 orientalis
841 1755 992 1837 regiones
1009 1755 1259 1818 constituerunt.
1285 1752 1388 1817 David

276 1865 308 1919 et
331 1854 471 1919 Alexius
496 1851 686 1917 Comnenus
709 1853 994 1937 Trapezuntinum
1027 1873 1166 1936 regnum
1194 1852 1337 1915 fixerunt
1360 1853 1387 1913 in

275 1955 398 2034 Ponto3
423 1951 617 2016 Theodorus
632 1949 780 2034 Angelus
795 1948 1051 2014 Thessalonicae
1076 1949 1283 2014 dominatum
1307 1971 1387 2012 usur-

276 2053 385 2138 pavit3
425 2050 618 2114 Theodorus
649 2049 804 2112 Lascaris
835 2047 979 2112 Nicaeae
1011 2049 1045 2112 ln
1076 2047 1235 2131 Bithynia
1266 2048 1390 2131 imperii

277 2146 456 2234 quamdam
481 2149 660 2230 imaginem
685 2147 849 2211 fundavit.
878 2146 948 2210 Nec
965 2145 1070 2210 solum
1094 2148 1261 2231 principes
1275 2145 1392 2231 graeci.

277 2268 392 2311 verum
426 2247 526 2310 etiam
557 2245 650 2309 latini
685 2247 794 2309 varias
818 2245 953 2330 Imperii
986 2243 1153 2308 orientalis
1185 2247 1335 2328 regiones
1362 2245 1391 2306 iu

277 2367 370 2410 sunm
402 2353 596 2429 potestatem
630 2343 827 2428 redigentes,
860 2343 1067 2426 angustiores
1091 2342 1161 2427 ejus
1185 2341 1268 2405 fines
1292 2341 1392 2405 reddi·

277 2445 404 2509 derunt.
455 2443 572 2506 Veneti
604 2443 727 2528 quippe
758 2440 930 2526 plerasque
960 2451 1029 2504 tum
1055 2443 1154 2504 maris
1179 2440 1302 2523 Aegaei
1328 2451 1393 2502 tuin

278 2541 508 2605 mediterranei
533 2539 658 2604 insulas
678 2541 893 2604 retinuerunt.
925 2539 1118 2602 Bonifacius
1143 2537 1289 2601 marchio
1308 2537 1393 2600 Μου-

276 2637 442 2718 tisserrati,
472 2636 736 2723 Peloponnesum
761 2659 845 2722 qnae
871 2635 969 2719 vulgo
994 2635 1117 2710 Mores,
1150 2657 1224 2698 cum
1250 2639 1338 2720 regis
1361 2637 1407 2696 ti2

277 2736 343 2800 tulo
369 2737 554 2819 occupavit.
585 2733 787 2799 Godefridus
803 2734 978 2798 Trecensis
994 2733 1144 2797 Athenas
1159 2733 1223 2797 sibi
1247 2735 1395 2797 assernit.

276 2833 398 2918 aliique
436 2831 500 2896 alia
533 2831 605 2896 loca
640 2855 698 2896 suo
731 2831 877 2896 dominio
909 2834 1009 2896 armis
1040 2831 1253 2918 subjicientes
1286 2843 1335 2896 tot
1365 2833 1395 2894 iu

277 2943 386 3016 partes
409 2930 567 2995 orientale
591 2930 772 3016 Imperium
804 2929 1035 2994 dilacerarunt.
1065 2930 1119 2994 Ad
1144 2929 1204 2994 has
1228 2932 1399 3014 angustias

276 3027 446 3093 redactum
470 3029 652 3114 Imperium
688 3049 774 3092 anno
800 3029 917 3092 aetatis
947 3050 1026 3091 suae
1056 3029 1223 3113 trigesimo
1252 3027 1398 3092 secundo

276 3126 461 3212 gubernare
497 3129 605 3212 coepit
640 3125 834 3204 Balduinus,
874 3147 972 3211 quem
1001 3127 1108 3189 virum
1145 3126 1245 3189 fuisse
1270 3126 1399 3192 fortem.

227 3223 229 3226 ’
277 3227 384 3310 pium,
419 3225 625 3288 moderatum
657 3235 689 3288 et
707 3224 851 3310 justum,
890 3246 957 3288 non
981 3224 1086 3288 solum
1117 3223 1244 3306 Latini,
1285 3224 1343 3288 sed
1367 3238 1407 3294 et,

275 3323 410 3388 Nicetes
449 3324 589 3408 scriptor
626 3343 764 3407 graccus
812 3332 844 3386 et
882 3322 1012 3386 Latinis
1050 3322 1214 3402 infensus,
1255 3323 1400 3406 ingenue

276 3421 429 3488 fatentur.
438 3423 459 3501 ¹)

366 3545 418 3611 99.
442 3545 627 3610 Balduinus
639 3545 656 3611 Ι
669 3556 791 3627 autem,
816 3545 999 3630 Imperator
1012 3543 1165 3610 CPtanus
1190 3547 1407 3608 constitutus.¹

275 3644 402 3708 litteras
426 3643 518 3707 dedit
541 3643 583 3708 ad
608 3643 841 3708 Innocentium
858 3643 919 3725 III,
945 3643 1066 3729 quibus
1090 3646 1120 3707 ei
1145 3645 1309 3728 exposuit,
1335 3665 1407 3728 qua

352 3885 373 3952 ¹)
391 3884 502 3938 Nicetes
526 3884 709 3946 AcomInatua
732 3882 821 3937 dictus
845 3883 929 3938 etiam
954 3881 1080 3949 apatria
1099 3880 1251 3944 choniates,
1279 3879 1330 3934 sub
1350 3881 1404 3934 lm·

276 3965 446 4034 peratoribus
457 3963 552 4018 Alexio
572 3963 706 4018 comneno
719 3971 748 4017 et
767 3964 845 4017 Isaac
857 3963 963 4032 Angelo
982 3963 1016 4016 ad
1035 3962 1193 4030 praecipuas
1212 3961 1291 4016 aulae
1310 3963 1407 4031 digni-³

277 4051 349 4098 tates
374 4051 485 4098 evectus
510 4051 566 4108 cst,
590 4043 636 4097 sed
661 4049 742 4111 capte
761 4043 996 4110 Constauthropcli
1020 4043 1049 4096 in
1068 4043 1226 4108 Bithyniam
1254 4041 1407 4110 profectus„

276 4122 375 4178 ibidem
394 4141 418 4177 a
440 4123 508 4177 1216
527 4121 603 4176 obiit.
640 4121 729 4176 Libris
748 4125 781 4176 21
802 4122 943 4177 historiam
968 4138 1099 4176 annornm
1118 4123 1152 4176 85
1178 4122 1331 4190 complexus
1350 4135 1407 4192 est,

276 4203 311 4258 ab
330 4203 406 4258 obitu
425 4203 515 4257 Alexii
535 4202 664 4256 Commeni
682 4203 858 4270 Imperatoris
882 4203 928 4257 ubi
952 4201 1033 4256 desiit
1051 4203 1178 4270 Zonaras,
1206 4218 1290 4270 usque
1314 4203 1350 4256 ad
1376 4221 1407 4256 a¹
