2964 4838
481 463 657 518 Innocentius
676 462 753 522 VIII.
1128 463 1182 517 439

63 619 261 674 servaturum
286 629 374 689 esse,
406 615 520 694 postea
544 627 623 670 vero
655 605 785 691 aliquas
814 605 949 691 quidem
979 605 1181 688 observavit,

64 707 138 772 alias
155 728 232 770 vero
256 707 320 772 sibi
344 727 411 770 non
436 703 618 770 servandas
642 725 715 768 esse
739 713 830 768 ratus
854 712 916 784 est,
942 725 979 767 eo
1001 703 1088 789 quod
1107 723 1182 766 con·

63 808 216 890 stringere
227 803 403 869 Pontificis
413 803 644 868 auctoritatem
656 823 722 866 non
737 802 861 866 liceret.
873 840 915 849 —
925 801 1022 864 Varii
1032 809 1182 864 auctores

63 902 142 968 male
165 903 207 968 dc
231 901 425 966 InnocentIo
440 899 527 966 VIII
551 901 771 985 scripserunt;
785 921 902 964 verum
920 899 1073 985 quemvis
1098 899 1184 962 inter

63 1001 235 1066 Pontifices
259 1001 401 1064 eximios
424 1021 491 1064 non
516 1009 722 1080 numeretur,
754 999 918 1063 immerito
943 1007 1054 1064 tamen
1079 995 1182 1060 multa

62 1101 89 1162 ei
114 1099 245 1184 objecta
268 1097 412 1162 fuerunt.

144 1249 199 1316 39.
246 1248 376 1313 Habuit
398 1247 614 1311 Innocentius
640 1248 674 1312 in
698 1247 769 1311 vita
793 1269 853 1311 sua
883 1249 1046 1312 anteriore
1069 1245 1181 1332 plures

61 1346 196 1426 liberos3
235 1346 292 1410 sed
327 1346 520 1410 existimant
553 1365 672 1428 graves
699 1355 851 1410 auctores
882 1367 958 1410 cum
991 1344 1180 1423 Ciacconio,

60 1465 133 1510 eum
166 1445 361 1530 priusquam
386 1441 531 1508 Ordines
562 1444 754 1528 susciperet,
788 1443 998 1508 matrimonio
1025 1441 1182 1528 junctum

61 1542 169 1622 fuisse,
195 1540 345 1626 adeoque
368 1539 495 1625 prolem
519 1540 621 1604 fuisse
645 1539 871 1627 legitimam.¹)
918 1541 1093 1605 Vivebant
1105 1561 1183 1604 vero

60 1639 194 1725 quando
217 1638 376 1702 Pontifex
409 1637 517 1702 fectus
541 1647 590 1702 est
612 1636 840 1720 Innocentius,
872 1636 1084 1702 Theodorina
1116 1636 1186 1702 filia

55 1737 124 1822 jam
150 1747 254 1821 nupta
270 1733 420 1800 Gerardo
438 1735 582 1800 UsImari
601 1735 782 1817 Genuensi,
807 1745 840 1799 et
863 1734 1063 1800 Franciscus
1087 1734 1184 1800 filius.

61 1836 98 1898 In
129 1833 291 1900 familiam
324 1854 418 1897 suam
449 1834 590 1910 nlmium
623 1834 772 1897 favorem
804 1833 1004 1912 ostendisse,
1045 1845 1082 1896 nt
1112 1855 1185 1898 eam

60 1930 230 2014 exaltaret,
264 1933 364 1995 etiam
388 1929 444 1994 hic
468 1931 625 1994 Pontifex
650 1933 809 2016 arguitur,
843 1933 997 2016 quamvis
1021 1953 1063 1994 ex
1087 1931 1186 1995 dietis

60 2031 155 2116 plura
170 2051 256 2116 quae
272 2029 351 2093 fecit
367 2050 426 2115 per
442 2051 476 2092 se
490 2049 556 2092 non
573 2029 752 2094 videantur
767 2028 1052 2114 reprehendenda.
1086 2027 1185 2108 Quod

60 2131 149 2194 enim
168 2127 346 2193 Francisco
372 2125 499 2191 nobiles
520 2128 654 2212 nuptias
670 2125 891 2210 Illagdalenae
908 2127 996 2192 filiae
1012 2125 1185 2191 Laurentii

60 2227 204 2292 Medicei
229 2225 467 2312 procuraverit,
493 2247 559 2289 non
585 2228 824 2290 inconveniens
842 2225 945 2290 fuisse
960 2225 1102 2306 disseris,
1128 2225 1186 2289 sed

61 2325 172 2390 minus
188 2323 288 2390 laude
299 2325 437 2408 dignum
456 2323 528 2407 fuit,
548 2324 637 2412 quod
650 2325 816 2390 Joannem
828 2325 1027 2406 Mediceum,
1052 2323 1187 2408 Magda-

58 2423 153 2488 Ienae
178 2424 313 2489 fratrem
337 2446 367 2487 a.
395 2423 490 2505 1488,
517 2445 619 2509 quum
644 2424 873 2488 tantummodo
897 2423 1057 2486 tredecim
1082 2443 1187 2488 annos

59 2519 209 2600 haberet,
243 2517 428 2586 Cardinalis
463 2521 625 2604 dignitate
650 2531 791 2586 ornaret.
839 2521 966 2586 Addita
997 2530 1046 2584 est
1075 2529 1187 2585 tamen

59 2641 98 2682 ea
130 2617 295 2700 conditio,
330 2629 366 2682 ut
396 2620 540 2702 insignia
563 2641 630 2683 non
655 2630 818 2700 sumeret,
850 2642 912 2684 nec
944 2616 1186 2704 in¹CoIIegium

58 2715 292 2780 admitteretur
329 2717 392 2780 nisi
433 2727 507 2802 post
545 2716 674 2803 aIIquos
711 2739 827 2782 annos.
875 2717 914 2781 Id
938 2717 1053 2781 etiam*
1071 2718 1186 2780 merito

59 2813 174 2898 plures
197 2824 363 2894 notarunt,
389 2814 479 2900 quod
496 2815 715 2879 Laurentium
731 2813 826 2898 Cibo,
851 2815 961 2880 fratris
985 2814 1088 2879 filium
1114 2835 1187 2899 spu·

59 2914 158 2994 rium,
183 2911 472 2996 archiepiscopum
495 2913 771 2978 Beneventanum
795 2935 834 2977 ao
859 2913 936 2978 dein
961 2915 1060 2978 etiam
1074 2910 1187 2976 Cardi-

60 3009 174 3074 nalem
199 3011 372 3074 creaverit.
658 3019 664 3030 ¹

150 3160 205 3228 40.
230 3161 359 3227 Bellum
384 3174 499 3227 contra
514 3162 644 3228 ancas
667 3163 802 3249 quidem
817 3164 969 3228 Pontifex
993 3183 1188 3248 promovere

60 3257 201 3342 studuit,
226 3257 466 3347 sedprincipes
490 3261 663 3326 christiani
689 3260 895 3326 socordiores
919 3262 981 3325 isto
1006 3262 1039 3324 in
1054 3261 1187 3345 negotio

58 3369 302 3424 remanserunt.
328 3357 475 3423 Zizimus
491 3359 665 3442 (Dschem)
684 3371 806 3434 umen,
823 3359 1007 3424 'furcarum
1023 3360 1187 3444 priuceps,

61 3457 120 3541 qui
156 3465 271 3520 contre
293 3456 429 3522 fratrem
466 3479 562 3522 suum
587 3458 724 3543 Bajazet
747 3460 979 3543 Imperatorem
1004 3457 1189 3520 'furcarum

59 3553 102 3616 de
130 3554 269 3638 imperio
293 3553 521 3634 dimicaverat,
548 3557 656 3620 victus
681 3555 724 3619 nd
742 3553 948 3619 Christianos
972 3555 1131 3638 confugit,
1157 3569 1192 3619 et

60 3649 105 3714 ab
124 3650 292 3736 equithns
306 3651 554 3717 Rhodiensibus
578 3655 721 3739 primum
748 3655 781 3718 in
794 3651 949 3730 Galliam,
975 3653 1051 3717 dein
1068 3655 1189 3717 missus

103 3815 112 3822 ο
134 3815 213 3822 «μω--.-
231 3815 278 3822 -—-

140 3920 160 3987 ¹)
180 3917 329 3972 Secundum
348 3919 414 3974 alios
434 3919 548 3976 leviores
567 3919 680 3974 fuerunt
698 3919 813 3974 Joannis
832 3933 918 3973 mores
938 3934 1018 3985 quum
1035 3919 1188 3973 adolescens

58 4005 144 4062 esset,
174 3997 322 4064 habuitque
346 4005 411 4052 tuno
435 3999 594 4070 illegitimos
619 4000 703 4054 lilium
723 4007 752 4054 et
772 3999 842 4053 filias
866 3999 965 4068 plures.
1002 3997 1073 4052 Dein
1095 3999 1188 4053 matri·

59 4077 184 4132 monium
203 4077 279 4144 iniit,
305 4085 333 4132 et
352 4079 450 4134 viduus
469 4079 559 4134 factus
579 4080 719 4147 ingressus
739 4087 781 4134 est
800 4079 828 4134 in
847 4085 951 4134 statum
969 4077 1187 4138 ecclesiasticum.

59 4157 165 4224 inquo
191 4158 362 4226 negotiorum
382 4160 482 4228 peritia
506 4165 535 4214 et
560 4159 650 4214 indole
675 4159 737 4214 miti
756 4159 893 4214 excelluit.
930 4159 963 4212 V.
983 4159 1189 4230 Hergenrlltlrer

58 4239 96 4296 K.
120 4237 152 4297 G,
171 4237 202 4296 Τ.
222 4239 258 4294 II.
279 4239 338 4296 Per,
360 4239 406 4293 VI.
427 4239 455 4293 C.
475 4241 497 4294 I.
515 4256 542 4296 n.
562 4241 622 4295 165.

1213 1253 1342 1294 Innocenti}

1238 1321 1309 1366 gusta.
