2850 4834
344 441 531 510 Depositiones
550 440 769 509 Templariornm.
1095 443 1143 498 131

43 579 294 668 praeciperentur
317 583 493 672 praedicta⁸
511 583 637 668 illicita,
662 587 806 670 oportuit
829 586 918 672 quod
943 609 981 651 ea
1004 587 1142 669 faceret3
1171 588 1218 627 ΜΗ
1232 589 1296 662 Ψ·

42 696 68 742 et
88 680 224 746 absolvit
245 703 333 763 eum,
367 684 522 768 imposita
552 684 766 768 poenitentia,
800 683 889 769 quod
918 706 985 749 non
1015 685 1144 749 biberet
1197 651 1272 702 ,aaa

42 779 146 844 vinum
168 780 207 844 de
230 801 296 844 uno
324 803 412 844 anno
444 781 478 844 in
503 783 605 845 sextis
636 781 745 863 feriis3
779 792 812 845 et
842 804 918 846 cum
952 785 1023 868 ipse
1052 785 1144 847 testis

40 879 247 962 responderet,
271 878 359 964 quod
384 877 447 941 hoc
470 877 580 942 facere
604 899 670 943 non
693 878 840 960 auderet,
864 879 947 944 forte
962 880 1144 945 scientibus

40 977 249 1060 superioribus
273 977 351 1056 suis,
376 975 485 1040 dictus
507 976 609 1041 frater
631 977 727 1060 dixit,
752 977 841 1063 quod
864 977 987 1042 faceret
1011 979 1143 1065 quando

40 1091 148 1157 posset,
171 1077 289 1160 etipse
306 1075 398 1138 testis
422 1073 602 1159 complevit
617 1096 758 1160 poenam
773 1075 1008 1161 praedictam.“
1019 1076 1042 1160 ¹)
1067 1077 1144 1140 Fra·

38 1191 80 1234 tor
101 1173 211 1238 Helias
235 1173 276 1237 de
299 1171 415 1238 Jolbro
440 1173 503 1236 fuit
527 1171 696 1236 confessus
720 1172 762 1236 de
785 1172 851 1237 illis
866 1176 1011 1259 peccatis
1037 1175 1144 1257 ,infra

37 1271 169 1335 triduum
195 1271 329 1335 domino
350 1269 497 1334 Jobanni
515 1269 557 1333 de
572 1269 721 1354 Grangia
744 1271 912 1356 quondam
937 1281 1016 1334 tune
1039 1271 1144 1334 archi·

37 1367 166 1432 diacono
189 1367 368 1449 Meldensi,
393 1369 449 1454 qui
475 1368 678 1432 venerated
703 1368 825 1433 dictam
844 1369 978 1433 domum
1005 1369 1059 1451 (de
1084 1371 1143 1433 Fe·

36 1469 123 1530 ritate
146 1465 338 1546 Gaucberii)
362 1477 395 1530 et
417 1464 562 1529 absolvit
584 1487 660 1529 eum
676 1467 880 1552 stupefactus
902 1466 1042 1530 multum
1067 1489 1143 1530 oum
1210 1536 1212 1542 ¹

35 1563 208 1628 audivisset
232 1564 412 1649 praedicta,
437 1575 470 1626 et
493 1565 651 1649 imposuit
674 1562 738 1627 sibi
763 1565 797 1627 in
816 1567 1030 1650 poenitentia,
1054 1565 1142 1651 quod

36 1663 194 1744 praedicta
217 1661 388 1742 revelaret,
422 1674 553 1725 etcum
578 1663 647 1747 ipsc
672 1663 764 1726 testis
787 1661 1019 1748 respondisset,
1054 1663 1142 1749 quod

36 1759 88 1823 hoc
112 1759 200 1824 nullo
234 1761 331 1825 modo
363 1772 473 1846 posset
502 1761 609 1824 facere
638 1763 709 1825 sine
734 1761 880 1846 periculo
904 1765 1051 1848 corporis
1081 1763 1142 1842 sui,

36 1857 120 1938 dixit,
146 1858 234 1945 quod
258 1857 393 1923 nolebat
416 1879 588 1944 seponere
612 1861 646 1923 in
665 1858 820 1944 periculo,
846 1871 878 1923 et
901 1862 1048 1946 injunxit
1069 1860 1142 1940 sibi,

34 1955 112 2041 quod
131 1957 300 2042 jejunaret
322 1956 366 2020 40
390 1956 509 2020 diebus
537 1958 570 2020 in
595 1977 681 2042 pane
705 1969 738 2021 et
760 1979 847 2044 aqua
870 1958 956 2022 infra
980 1959 1023 2022 20
1047 1961 1143 2042 septi·

35 2077 149 2133 manas,
173 2064 207 2118 et
230 2054 318 2140 quod
342 2077 408 2119 non
433 2065 578 2140 portaret
602 2057 773 2119 camisiam
806 2055 847 2119 de
876 2056 1005 2120 duobus
1035 2057 1142 2134 annis,

33 2175 122 2237 quam
146 2154 386 2237 poenitentiam
411 2151 598 2237 complevit,
628 2165 665 2216 ut
695 2153 841 2234 disier)
893 2154 1010 2218 Frater
1039 2153 1142 2217 Hum-

33 2251 135 2314 bertns
169 2249 210 2314 de
241 2249 402 2316 Germilla
434 2252 591 2332 serviens,
627 2251 667 2314 de
700 2250 765 2315 illis
799 2251 942 2332 ,illicitis
975 2252 1144 2315 confessus

32 2349 129 2414 luerat
159 2351 246 2412 infra
284 2370 431 2413 mensem
466 2359 546 2412 tunc
584 2361 775 2434 sequentem
821 2349 981 2414 saeculari
1029 2361 1142 2414 curato

33 2448 66 2512 de
101 2450 189 2514 Baro
236 2469 336 2532 super
381 2445 543 2511 Secanam
584 2447 806 2532 Lingonensis
849 2447 1026 2529 dioecesis,
1073 2459 1142 2511 turn

33 2550 276 2632 poenitentiario
301 2545 427 2608 domini
448 2547 596 2630 episcopi
613 2543 865 2609 Catbalanensis
889 2549 945 2632 qui
970 2569 1060 2610 nunc
1084 2561 1143 2628 est,

33 2645 66 2708 de
88 2647 184 2732 cnjus
209 2645 279 2709 vita
304 2643 357 2707 vel
382 2655 485 2706 morte
509 2665 575 2706 non
601 2643 701 2707 habet
724 2644 967 2724 certitudinem,
1001 2645 1057 2730 qui
1080 2645 1144 2709 fuit

34 2743 119 2808 valde
144 2741 350 2828 stupefactus
381 2741 495 2804 audita
519 2740 724 2806 confessione
752 2741 922 2827 praedicta
947 2752 979 2805 et
1001 2742 1144 2806 absolvit

32 2865 95 2906 enm
121 2841 234 2906 dando
266 2841 296 2904 ei
321 2838 543 2924 disciplinam,
575 2840 729 2924 imposita
760 2840 788 2902 ei
820 2842 1023 2924 poenitentia
1053 2840 1142 2925 quod

28 2941 187 3026 jejunaret
211 2938 329 3004 diebus
350 2936 535 3002 sabbatinis
560 2940 593 3001 in
618 2959 703 3023 pane
720 2949 752 3001 et
766 2960 853 3023 aqua
869 2949 902 3000 et
917 2959 981 3001 non
1001 2949 1145 3022 portaret

32 3041 195 3102 camisiam
230 3058 288 3121 per
311 3033 488 3099 dimidium
511 3057 636 3099 annum
662 3046 695 3099 et
717 3035 805 3121 quod
837 3035 922 3099 ultra
953 3057 1053 3116 mare,
1084 3034 1142 3099 ubi

32 3153 100 3202 tnnc
123 3135 168 3200 de
192 3135 345 3220 proximo
368 3133 575 3218 profecturus
606 3143 685 3215 erat,
716 3135 933 3217 investigaret
956 3132 1142 3219 diligenter,

31 3239 52 3298 si
73 3234 236 3321 praedicti
262 3253 387 3297 errores
411 3231 632 3296 servabantur
649 3233 684 3296 in
702 3231 838 3312 Ordine,
863 3243 896 3294 et
918 3233 946 3295 si
971 3230 1033 3295 hoc
1058 3252 1142 3295 com·

32 3337 144 3418 periret
175 3331 338 3396 revelaret
371 3332 405 3394 in
436 3331 642 3395 confessione
674 3331 802 3411 eidem3
834 3343 867 3394 et
895 3329 936 3394 de
964 3329 1143 3414 praedictis

32 3432 102 3496 nibil
127 3431 239 3517 potuit
262 3431 355 3508 scire,
386 3451 454 3494 neo
478 3428 609 3492 audivit
640 3428 706 3492 dici
740 3428 830 3492 aliud
855 3439 931 3492 ante
955 3429 1142 3512 captionem

32 3528 203 3606 rorum“.³)
249 3528 365 3590 Frater
389 3525 584 3611 Radulpbus
608 3527 649 3590 de
672 3525 837 3591 Salicibus
869 3529 1017 3590 serviens
1048 3546 1142 3604 „cou-

31 3629 124 3693 fessus
153 3627 216 3690 fuir
238 3625 353 3688 eadem
380 3623 433 3688 die
456 3637 533 3688 ante
556 3625 733 3711 prandium
760 3623 800 3689 de
825 3623 888 3688 illis
911 3624 1034 3690 illicitis
1059 3624 1142 3686 llar-

31 3729 89 3792 tino
104 3723 300 3812 presbytero
318 3721 477 3788 saeculari
495 3725 710 3788 commoranti
731 3725 765 3788 in
782 3723 872 3788 dicta
887 3723 983 3787 domo
1000 3723 1141 3809 (Templi

32 3826 65 3890 de
87 3825 259 3905 Cheruto),
291 3822 385 3906 cujus
409 3843 591 3906 cognomen
620 3825 758 3906 ignorat,
791 3823 847 3907 qui
873 3821 958 3885 dixit
981 3823 1021 3903 ei,
1054 3822 1141 3907 quod

35 3975 236 3987 ——-——-·-··-

93 4069 114 4179 r
131 4063 207 4201 rr·
225 4062 247 4197 r
267 4078 292 4130 ¹>-
311 4061 373 4196 a·

94 4167 116 4297 ‚3
138 4163 208 4281 at.
229 4185 250 4277 ι’.
267 4157 296 4290 ξ.
312 4159 374 4278 ta:
