2844 4840
295 462 331 516 50
568 459 664 535 XXX„
675 459 714 514 De
733 459 898 514 Pontificatn
916 457 1050 513 Bonifatii
1068 458 1144 515 VIII.

294 605 330 668 in
352 626 499 690 suprema
526 604 646 667 reduci.
700 603 778 667 Non
805 625 875 687 erqo
907 601 1075 666 secundum
1107 602 1251 666 ordinem
1278 605 1404 668 undanti

295 703 402 766 omnia
424 723 521 787 acquic
545 725 583 764 ac
599 701 787 780 immediate,
812 701 867 765 ced
879 701 989 784 infima
999 723 1062 786 per
1075 700 1190 780 media,
1215 712 1246 765 ot
1259 701 1416 786 iuferiora}

290 823 352 886 per
374 800 542 884 superiora
566 798 611 861 ad
634 797 776 863 ordinem
790 799 992 865 reducuntur.
1030 797 1238 884 Spititrtaism
1260 811 1359 862 autem
1379 809 1416 862 et*

296 898 451 982 diquitate
475 908 506 960 et
527 894 694 960 nobilitate
725 907 881 962 terraram
912 895 1084 981 quamlibet
1109 895 1304 982 praecellere
1328 909 1403 983 patt-

295 1005 416 1073 ototem,
448 1005 572 1080 oportet
600 1003 688 1058 tanto
712 992 830 1058 clarius
853 1016 910 1057 nos
930 992 1048 1078 fateri,
1080 1004 1198 1079 quanta
1230 995 1405 1080 spiritualia

296 1091 485 1178 temporalia
508 1090 707 1156 anuceilunt.
756 1090 848 1166 Qrtod
875 1093 969 1155 etiam
1000 1113 1040 1155 ecc
1062 1091 1253 1156 decimarum
1277 1091 1417 1172 datione„

295 1201 325 1252 et
347 1189 569 1267 benedictione,
601 1199 631 1252 et
654 1189 911 1273 soncttjicatione
936 1211 976 1252 en
1004 1191 1107 1275 ipsius
1133 1193 1306 1275 potestatis
1335 1215 1408 1254 aare·

289 1290 411 1375 phone,
437 1288 643 1372 exipsorum
671 1309 775 1350 rer-rum
802 1283 1027 1374 quieruatioae
1060 1287 1158 1352 clario
1187 1288 1289 1352 cottiis
1319 1291 1418 1376 intur-q

295 1409 384 1450 mur:
407 1407 482 1448 nam
502 1385 642 1448 Veritate
666 1395 798 1449 testamo
813 1385 997 1472 spiritualia
1017 1395 1159 1470 potestas
1184 1398 1344 1451 ter-renam
1362 1379 1418 1472 poi

296 1494 438 1548 testatem
449 1484 615 1547 instituere
638 1482 738 1563 dohet,
763 1493 793 1546 et
807 1482 968 1572 judicare,
992 1483 1022 1546 si
1038 1482 1121 1546 iona
1143 1507 1207 1548 non
1222 1485 1341 1569 fucrit.
1366 1483 1411 1547 Sit

296 1583 334 1645 de
364 1578 508 1644 Ecclesia
541 1590 570 1643 et
600 1579 812 1644 ecclesiastica
833 1590 993 1667 potestate
1022 1581 1202 1660 verificatur
1231 1583 1411 1646 vaticinium

294 1681 470 1746 deremine:
499 1680 578 1742 Ecce
602 1679 751 1744 constitui
774 1690 802 1742 te
825 1679 916 1742 hodie
945 1700 1039 1764 super
1069 1689 1174 1764 qeutes
1196 1689 1227 1742 et
1247 1702 1360 1765 reqnn,
1388 1680 1419 1770 rt}

295 1787 419 1841 caetera
442 1799 522 1862 quae
544 1787 725 1861 sequuntur.
1418 1803 1419 1814 ³

385 1876 468 1960 Erqo
492 1877 522 1937 si
545 1873 652 1938 deviat
676 1885 801 1938 terrena
819 1885 974 1961 potestas,
996 1873 1197 1964 judicabitur
1220 1899 1242 1938 a
1258 1887 1419 1962 poterion¹

295 1973 481 2060 spirituaii,·
510 1971 566 2036 aed
589 1973 618 2037 si
641 1973 747 2037 deviat
769 1971 960 2059 spiritualis,
991 1974 1094 2036 minor
1117 1997 1138 2036 a
1161 1993 1216 2038 suo
1240 1975 1399 2060 superiori
1405 1995 1420 2070 ,·1

295 2074 325 2136 si
348 2093 418 2136 vero
443 2095 600 2158 suprema,
625 2095 647 2136 a
669 2072 735 2136 saio
752 2071 831 2152 Deo,
854 2094 919 2134 non
935 2070 976 2135 ai
989 2071 1110 2134 homine
1121 2071 1244 2157 poterit
1258 2071 1420 2160 judicarit

296 2181 428 2236 testante
445 2170 615 2257 Apostolo:
639 2168 828 2256 Spirituaiis
840 2171 928 2234 homo
945 2168 1075 2258 judicat
1091 2171 1207 2248 omnia,
1231 2171 1303 2255 ipss
1320 2181 1420 2232 nutent

296 2291 316 2331 a
338 2271 460 2332 nemine
476 2267 655 2356 judicatur.
681 2270 739 2332 Est
762 2279 867 2332 autem
889 2269 964 2332 iaec
988 2269 1173 2347 auctoritas,
1197 2269 1257 2330 atsi
1273 2269 1358 2332 data
1380 2271 1416 2328 rit

295 2366 423 2444 domini,
448 2376 478 2430 et
500 2376 684 2430 exerceatur
700 2389 764 2452 per
785 2367 947 2444 hominem,
975 2387 1040 2429 non
1061 2365 1209 2446 humana,
1234 2365 1293 2429 ced
1314 2368 1421 2452 potina

296 2465 406 2528 diuina
426 2474 580 2550 potestas,
605 2487 658 2529 ore
682 2463 790 2529 divino
816 2465 907 2528 Petro
932 2463 1020 2544 data,
1052 2464 1171 2549 sibique
1203 2467 1335 2549 suisque
1359 2479 1421 2528 sura

295 2561 469 2627 censoribus
491 2563 526 2626 in
549 2565 619 2647 ipso
648 2559 785 2641 Christo,
813 2583 901 2648 quem
919 2561 1087 2648 professus
1100 2561 1226 2648 furerat,
1245 2573 1350 2648 petra
1365 2563 1421 2646 fir-

296 2671 393 2740 mata,
418 2661 540 2724 dicente
564 2659 701 2724 Domino
724 2662 790 2747 ipsi
805 2662 918 2725 Petro:
944 2657 1163 2745 Quodcumque
1187 2658 1345 2746 iiqaoeris
1369 2673 1420 2722 etc.

300 2757 480 2844 Quicunque
503 2759 602 2841 iqitur
625 2759 695 2824 iruic
715 2760 868 2845 potestati
891 2783 911 2824 a
934 2757 1003 2822 Deo
1027 2759 1073 2821 sic
1096 2757 1263 2821 ordinatae
1291 2759 1420 2827 remitit,

296 2857 360 2920 Dei
388 2857 589 2921 ordinationi
619 2858 748 2936 resistit,
778 2858 844 2921 nisi
871 2857 944 2936 duo,
977 2858 1058 2920 aaut
1081 2855 1301 2933 Mariandena,
1322 2855 1421 2940 yinqnt

296 2979 361 3020 osae
382 2957 558 3042 principia,
590 2955 674 3042 quod
693 2953 820 3042 falsum
843 2965 873 3019 et
894 2955 1082 3019 haereticum
1105 2952 1315 3044 judicamus:
1350 2955 1420 3040 quio

297 3065 430 3118 testante
456 3055 575 3140 Moyse,
599 3075 663 3116 non
686 3055 721 3118 in
738 3037 922 3139 principiis,
957 3052 1014 3117 sed
1043 3054 1077 3115 in
1103 3051 1267 3138 principio
1305 3051 1421 3114 corium

295 3152 383 3217 Deus
410 3153 528 3216 creavit
562 3161 591 3215 et
623 3161 748 3215 terram.
806 3152 906 3215 Porro
938 3149 1061 3216 rubetae
1094 3151 1238 3213 Romano
1274 3151 1421 3233 Pouassa'

296 3252 382 3315 omni
403 3251 558 3314 humanae
586 3260 751 3312 creaturae
781 3247 989 3328 declaramus,
1019 3249 1152 3312 dicimus
1181 3258 1210 3312 et
1240 3245 1421 3332 diffinimus

296 3349 422 3412 omnino
446 3371 511 3412 cure
535 3347 573 3410 de
596 3349 781 3410 necestitate
805 3347 928 3412 salutis.
969 3347 1046 3412 Dat.
1064 3345 1218 3410 Laterani
1234 3345 1288 3408 XI
1291 3345 1329 3412 V.
1349 3343 1421 3409 Kar.

296 3444 487 3524 Decembris,
512 3467 596 3510 anno
624 3444 707 3508 VIII.
717 3445 741 3526 ¹)

222 3565 236 3594 ⁰
263 3566 273 3594 ¹
388 3541 512 3608 Contra
541 3540 674 3607 Bullnm
709 3543 810 3608 Unam
833 3552 975 3607 sanctam
1007 3563 1046 3606 aa
1077 3549 1184 3605 aetate
1215 3542 1421 3627 scripserunt

151 3628 172 3656 ¹⁰
191 3627 277 3719 ¹¹.,⁸¹²'
296 3641 444 3708 ioannes
459 3642 655 3706 Parisicnsia
678 3638 758 3705 Ord.
774 3639 934 3725 Praod.⁸)‚
959 3639 1081 3726 aliique
1096 3639 1152 3725 qui
1168 3639 1215 3702 ita
1231 3659 1309 3702 eam
1327 3640 1421 3704 inter

297 3739 417 3825 protati
443 3747 528 3820 sunt,
554 3761 594 3802 ao
617 3739 644 3802 si
668 3737 855 3803 Bonifatius
878 3737 962 3802 VIII
993 3737 1152 3802 directam
1176 3745 1209 3800 et
1232 3736 1421 3801 absolutam

297 3845 493 3924 potestatem
519 3837 553 3900 in
577 3857 671 3921 roges
695 3856 874 3922 eorumque
897 3857 1000 3920 regna
1023 3858 1062 3902 ao
1085 3836 1232 3919 regimen
1257 3833 1328 3899 sibi
1356 3837 1421 3898 rin·

298 3933 466 4016 dicaret.⁸)
504 3934 682 3999 Posteriori
707 3943 853 4019 tempore
877 3936 963 3999 inter·
985 3933 1066 4000 alios
1080 3931 1208 3998 Natalis
1226 3931 1421 3998 Alexander

371 4111 391 4179 ι)
410 4109 443 4168 V.
466 4111 558 4166 Extra.
580 4126 673 4167 comm.
692 4109 723 4167 L.
742 4109 764 4168 1.
785 4111 829 4168 tit.
850 4109 924 4170 VIII.
944 4127 965 4168 c.
986 4111 1007 4169 1.

371 4191 393 4260 ¹)
411 4189 505 4244 Traot.
525 4190 558 4245 de
578 4191 656 4260 regia
675 4197 731 4259 pot.
751 4199 779 4246 ot
798 4191 888 4260 papali
909 4190 1040 4260 (Goldast,
1060 4191 1131 4247 tion.
1150 4189 1187 4245 11.
1206 4191 1280 4257 108).

371 4271 390 4336 ⁸)
408 4269 529 4324 ioannes
548 4270 717 4334 Pontianus,
737 4271 779 4326 uti
798 4272 919 4327 advertit
938 4271 995 4327 Em.
1010 4269 1219 4341 Hergonrtthcr,
1240 4279 1329 4339 negat
1351 4281 1421 4338 pots

298 4355 397 4404 statem
409 4351 549 4406 Pontificio
559 4351 689 4405 directam
703 4351 731 4406 in
745 4353 912 4422 temporalia,
926 4353 973 4408 sed
988 4352 1111 4407 admittit
1126 4350 1298 4406 indirectam.
1313 4353 1357 4406 Ad
1369 4367 1421 4406 rem
