2964 4838
313 411 368 464 416
495 410 623 465 xxxvi.
644 409 684 463 Da
703 415 780 464 statu
801 409 936 464 Ecclesiae
955 417 1090 478 vergente
1108 410 1183 468 Sacc,
1203 409 1260 464 XV.

139 554 303 656 Affinfftl·
309 551 377 638 juri
403 552 494 618 civili
520 575 664 639 operam,
689 562 802 618 exorto
818 553 904 619 bello
920 555 1062 638 patriam
1087 565 1120 618 et
1142 554 1286 619 studium
1303 565 1428 618 coactus

313 673 386 716 sum
411 650 606 737 relinquere,
631 653 754 715 accessi
777 660 889 715 tamen
905 651 1032 736 grande
1052 651 1135 717 illud
1150 651 1337 716 Basileense
1350 651 1426 716 Con·
1466 659 1467 664 ’

313 748 445 831 cilium,
482 750 662 834 invenique
691 751 831 834 gratiam
866 750 899 812 in
932 748 1036 814 oculis
1067 760 1210 835 patrum.
1256 749 1370 816 Scriba
1397 753 1426 812 in

313 845 448 930 Synodo
473 847 521 910 fui
545 857 578 910 ot
599 846 784 910 litterarum
801 845 1024 926 abbreviator,
1050 859 1082 911 et
1103 866 1190 911 unus
1205 846 1247 911 de
1264 845 1426 911 duodecim
1466 895 1467 928 4

313 946 403 1027 viris,
427 945 484 1031 qni
510 946 723 1030 magistratus
746 943 814 1008 illic
838 946 932 1030 quasi
957 947 1126 1009 censorius
1150 943 1338 1010 videbatur.
1362 999 1368 1010 .
1392 993 1426 1008 ..

313 1042 352 1106 In
368 1041 582 1128 deputatione
606 1041 684 1106 fidei
709 1043 743 1105 in
760 1064 826 1128 qua
845 1064 934 1106 eram
952 1044 1132 1128 inscriptus
1155 1065 1255 1129 saepe
1271 1041 1426 1129 praesedi3

312 1141 399 1204 inter
422 1139 593 1205 collatores
616 1162 748 1226 quoque
771 1141 1006 1204 beneficiorum
1030 1140 1170 1205 bissum
1188 1141 1329 1214 clectus:
1352 1140 1426 1224 lega-

311 1245 365 1301 tus
388 1239 432 1302 ab
455 1241 527 1324 ipso
543 1236 692 1302 Concilio
717 1238 760 1302 ad
784 1237 970 1324 complures
993 1240 1162 1324 principes
1182 1243 1315 1306 missua.
1355 1236 1427 1303 Cum

311 1337 542 1420 pontificatum
570 1335 742 1399 Amadeus
781 1335 852 1400 dux
882 1335 1072 1401 Sabaudiae
1110 1339 1313 1422 suscepisset
1344 1335 1427 1400 Felix

311 1445 541 1519 nuncupatus,
578 1435 612 1498 in
637 1435 850 1497 secretarium
881 1455 954 1498 sum
978 1433 1020 1498 ab
1045 1455 1083 1498 eo
1107 1437 1252 1516 accitus,
1289 1455 1354 1499 neo
1382 1433 1427 1496 diu

311 1542 386 1616 post
431 1543 569 1596 vocatus
615 1531 658 1595 ad
695 1529 902 1596 Fridericum
942 1531 1180 1618 Imperatorem
1221 1533 1426 1618 protonotarii

276 1693 281 1698 .
308 1629 458 1694 officium
484 1629 527 1694 ab
551 1649 589 1693 eo
614 1651 686 1692 sum
710 1629 851 1714 adeptus
874 1628 936 1715 (sic
959 1629 1119 1694 Germani
1144 1633 1363 1694 secretarium
1384 1651 1426 1713 ap

312 1726 459 1812 pellant).
506 1727 597 1791 Dum
621 1726 802 1812 legationes
826 1726 978 1792 Caesaris
1001 1726 1094 1810 obeo,
1117 1729 1315 1792 universam
1338 1727 1427 1790 ferne

308 1825 527 1890 Germaniam
553 1826 704 1889 circuivi.
745 1825 960 1889 Dissidebant
976 1825 1168 1890 Theutoncs
1192 1847 1270 1890 oum
1288 1825 1425 1910 Eugenio

311 1924 402 1989 Max.
427 1924 540 2006 Pont.;
576 1945 684 2010 neque
708 1921 754 1986 illi
781 1943 887 2010 neque
913 1922 1016 1987 Felici
1051 1923 1245 1988 obedientes
1274 1923 1422 1988 neutrale

311 2020 528 2087 vocabantur.
577 2020 763 2086 Concordia
793 2021 944 2107 pluribus
975 2022 1197 2087 conventibus
1230 2025 1361 2108 agitata
1379 2032 1416 2083 est

306 2118 432 2206 quibus
451 2119 592 2206 jubente
605 2118 747 2184 Caesare
771 2141 901 2206 semper
925 2120 1070 2185 interfui.
1109 2121 1167 2186 Bis
1189 2141 1267 2184 cum
1293 2119 1420 2185 tractatis

310 2221 403 2304 pacis
426 2217 470 2282 ad
491 2218 680 2303 Eugenium
705 2221 800 2300 veni3
824 2220 920 2282 tertio
944 2219 1089 2282 nationis
1113 2216 1201 2283 illius
1225 2218 1422 2304 Apostolicse

306 2316 389 2380 Sedi
423 2315 647 2381 obedientiam
681 2315 786 2382 attuli.
841 2315 1080 2382 Secretariatus
1113 2327 1146 2381 et
1177 2315 1425 2381 subdiaconatus

311 2413 469 2478 honorem
492 2413 536 2478 ab
560 2413 729 2498 Eugenio,
762 2426 795 2478 et
819 2435 895 2478 mox
920 2413 974 2478 illo
1000 2414 1156 2479 defuncto
1180 2437 1200 2478 a
1224 2415 1365 2480 Nicolao
1386 2435 1425 2476 su·

310 2515 417 2599 scopi,
443 2514 538 2599 ouius
561 2513 730 2578 conclavis
755 2535 831 2578 cum
855 2511 1031 2598 eligeretur
1054 2535 1128 2578 cum
1154 2516 1297 2578 caeteris
1322 2513 1425 2600 princi·

308 2633 390 2698 pum
419 2611 537 2696 legatis
561 2611 731 2676 custodiae
753 2612 893 2696 praefui.
941 2612 1089 2696 Lapsum
1114 2622 1163 2677 est
1194 2623 1315 2697 postea
1339 2611 1425 2676 breue

306 2719 456 2797 tempus,
492 2713 526 2774 in
559 2731 623 2797 quo
656 2733 707 2774 me
731 2710 889 2774 Nicolaus
911 2710 1127 2794 Tergestinae
1160 2709 1324 2774 ccclesiae
1357 2707 1425 2774 nihil

308 2808 375 2873 tale
399 2818 578 2872 merentem
598 2807 759 2894 praefecit
782 2811 984 2894 episcopum,
1010 2808 1300 2894 quadriennioque
1316 2807 1425 2872 abinde

305 2907 450 2972 decurso
463 2906 619 2972 Senensis
643 2907 735 2971 urbis
758 2906 988 2992 pontificatum
1013 2906 1056 2971 ad
1081 2928 1134 2971 me
1158 2905 1312 2970 desulta‘*
1346 2906 1424 2970 Diri·

306 3027 388 3070 nam
412 3003 671 3070 misericordiam
697 3009 730 3067 et
751 3005 996 3089 providentiam
1022 3004 1182 3069 extollens
1203 3003 1283 3068 dein
1302 3004 1427 3068 ulterius

306 3103 480 3185 describit,
504 3101 669 3190 quomodo
695 3125 773 3188 prae
789 3100 864 3167 aliis
888 3099 1078 3167 melioribus
1095 3101 1191 3167 bonis
1205 3113 1239 3166 et
1254 3101 1427 3169 bonoribus

305 3200 497 3266 cumulatus
521 3201 629 3266 fuerit.
677 3200 708 3264 A
733 3200 864 3265 Calixto
881 3199 932 3265 ΙΙΙ
956 3222 994 3265 eo
1018 3221 1105 3266 anno
1130 3201 1217 3266 1456
1242 3204 1346 3266 etiam
1364 3202 1426 3266 Car-

306 3298 431 3364 dinalis
463 3299 588 3381 factus,
623 3309 656 3362 et
689 3298 764 3362 dein
806 3310 880 3384 post
912 3297 1084 3363 biennium
1124 3299 1196 3385 ejus
1229 3298 1359 3364 electus
1388 3315 1426 3362 cst

305 3417 489 3462 successor.

401 3497 452 3560 13.
485 3494 597 3574 Quum
623 3494 753 3559 Aeneas
767 3492 902 3579 Sylvius
925 3515 985 3580 per
1007 3495 1206 3560 decennium
1232 3498 1428 3582 praecedens

307 3611 439 3658 summa
463 3595 497 3656 in
515 3591 699 3656 Ecclesiam
725 3595 842 3657 merita
866 3592 929 3656 sibi
954 3591 1148 3677 oollegisset,
1172 3593 1314 3682 ejusque
1340 3617 1426 3682 opera

306 3693 442 3776 negotia
467 3690 665 3756 difficillima
696 3688 738 3753 ud
761 3689 891 3754 felicem
917 3691 1017 3755 finem
1041 3689 1203 3776 perducta
1227 3705 1359 3776 essent,
1386 3715 1427 3756 su-

309 3808 423 3876 premo
447 3789 664 3854 Pontificatus
689 3807 825 3851 munere
856 3788 977 3872 dignus
1006 3785 1203 3854 habebatur.
1252 3791 1300 3854 lis
1329 3793 1429 3856 annis.

305 3887 431 3973 quibus
454 3897 491 3952 ut
513 3886 618 3951 laicus
642 3887 744 3950 variis
768 3885 961 3950 muneribus
984 3887 1116 3950 functus
1140 3898 1220 3968 erat,
1245 3885 1427 3956 liberiorem

304 3985 444 4072 quidem
470 3984 611 4051 duxerat
627 3987 741 4066 vitam,
766 3983 978 4071 moribusque
1002 3984 1183 4050 levioribus
1206 3985 1297 4052 illius
1318 3990 1428 4052 aetatis

310 4082 496 4168 indulgens,
521 4083 563 4148 ab
588 4083 829 4147 incontinentia
853 4081 942 4146 hacid
966 4081 1188 4162 abstinuerat,
1213 4086 1261 4148 uti
1287 4085 1426 4170 epistolis

306 4182 412 4246 variis
443 4182 543 4246 nimis
573 4183 671 4245 otiam
702 4189 814 4265 aperte
846 4181 956 4244 tradit
1003 4181 1068 4246 Sed
1100 4181 1379 4268 quemadmodum
1407 4206 1424 4242 a
