2964 4838
286 485 340 539 tos
489 483 615 537 XXXVI.
636 483 675 538 De
693 487 769 538 stetu
788 485 923 539 Ecclesiae
942 484 1024 540 initio
1043 485 1117 540 Sacc.
1143 485 1217 543 XVI.

287 629 511 714 conclusiones,
535 628 704 714 inquibus
729 651 750 691 a
772 641 859 692 recta
873 629 943 713 fide
966 629 1096 693 deviare
1120 643 1297 711 noscantur,
1318 634 1391 697 audi·
1465 637 1466 666 ¹

289 725 407 790 toribus
440 729 507 790 suis
540 725 671 812 leperint
703 723 753 790 uel
784 725 1044 812 caplaaacerint,
1081 728 1175 812 quale
1212 729 1267 792 boc
1297 743 1337 794 est
1362 733 1392 794 tle

289 827 415 888 animae
438 822 643 906 mortalitate,
669 836 725 888 aut
739 827 872 903 unitate,
898 836 927 888 et
949 823 1061 889 mundi
1076 828 1273 906 aeternitate,
1295 828 1396 892 atalia
1465 831 1466 866 l

288 923 485 1012 hujusmodi,
516 933 681 986 teneantur
705 921 821 987 eisdem
843 925 1007 988 vamtatem
1038 911 1203 1010 reli’pionir
1226 926 1395 989 marianae
1465 911 1466 929 ¹

288 1023 374 1085 omni
396 1031 511 1085 conatu
533 1019 738 1106 manifestam
758 1020 889 1107 facere,
926 1033 956 1085 et
982 1023 1206 1107 persuadendo
1234 1045 1294 1109 pro
1318 1046 1396 1110 posse
1465 1091 1466 1109 ,

289 1121 418 1198 docere,
443 1145 480 1182 ac
503 1119 589 1182 omni
612 1119 717 1184 studio
740 1119 920 1208 hujusmodi
936 1120 1199 1206 pbilosophorum
1223 1132 1396 1205 arpansnta,

289 1241 357 1282 cum
390 1221 495 1280 omnia
529 1217 680 1280 solubilia
703 1220 861 1294 arietant,
892 1241 955 1304 pro
979 1218 1101 1282 uiribus
1129 1218 1294 1282 excludere
1322 1229 1397 1304 atpae

289 1312 454 1380 resoluere.
504 1313 615 1394 Quum
647 1312 688 1377 de
720 1314 783 1378 hac
814 1312 911 1378 Bulla
941 1315 1100 1400 suffragia
1122 1315 1258 1380 Patrnm
1289 1315 1398 1399 coIIIge-

291 1425 420 1496 rentur,
457 1435 498 1475 ex
536 1413 598 1476 125
622 1410 778 1476 Patribus
813 1411 880 1476 duo
914 1413 992 1476 Non
1020 1411 1132 1498 placet
1165 1414 1398 1497 responderunt,

291 1533 430 1598 qnorum
455 1510 537 1574 alter
561 1520 633 1574 erat
656 1509 891 1574 celeberrimus
916 1510 1112 1595 Cajctanus,
1144 1513 1198 1575 cui
1225 1513 1397 1594 (immerito)

291 1632 356 1674 non
381 1607 552 1694 placebat,
585 1597 673 1694 quod
697 1605 886 1694 philosophi
906 1607 1106 1692 juberentur
1129 1609 1311 1674 revelatam
1332 1613 1398 1674 veri

290 1717 391 1772 tatem
415 1729 609 1818 proponere
656 1705 710 1769 Ex
735 1705 798 1769 hoc
822 1706 909 1770 iacto
934 1703 1085 1788 coIIIges,
1112 1705 1327 1792 Cajctanum,
1354 1707 1396 1793 qui

290 1807 377 1870 inter
409 1805 606 1890 praecipuos
640 1805 846 1868 auctoritatis
877 1810 909 1866 et
944 1802 1191 1868 infallibilitatis
1226 1805 1399 1890 pontificiae

290 1913 551 1988 propugnatores
573 1911 779 1983 recensetur,
815 1901 896 1965 falso
921 1900 1122 1966 adulationis
1146 1905 1315 1984 accusari3
1342 1901 1395 1966 talis
1465 1871 1466 1944 l

290 2003 379 2066 enirn
404 2001 431 2063 si
455 2000 580 2081 fuisset,
604 2009 778 2086 praesente
802 2000 873 2084 ipso
889 1997 1061 2078 Pontifice,
1087 2013 1202 2063 contra
1225 1999 1320 2066 illam
1336 2001 1392 2066 Con·

291 2098 494 2163 stitutionem
519 2120 586 2162 non
611 2095 756 2160 dedisset
780 2104 893 2160 votum
918 2117 1025 2162 suum.
1465 2140 1466 2210 p

148 2201 177 2230 ⁰¹¹
196 2201 269 2229 ΜΗ
381 2197 432 2261 72.
458 2195 497 2259 Ιιι
512 2196 656 2259 sessione
684 2193 870 2273 undecima,
896 2195 950 2259 die
968 2195 1027 2258 19⁰
1043 2193 1245 2260 Decembris
1269 2220 1299 2262 a.
1318 2193 1395 2260 1515.

149 2265 201 2352 lic
227 2263 280 2352 ,ιω
291 2293 544 2374 Constitutione,
570 2315 636 2378 qua
659 2292 782 2376 rejecta
805 2291 869 2356 tuit
892 2291 1104 2375 Pragmaticis
1128 2291 1279 2374 Sanctio,
1305 2293 1397 2358 contir-
1465 2285 1466 2288 ¹

291 2401 380 2455 mata
411 2391 512 2454 etiam
544 2401 593 2454 est
619 2383 717 2454 Bulla
752 2389 854 2454 Unam
884 2387 1035 2454 Sanctam
1064 2390 1225 2455 Bonifatii
1253 2392 1337 2456 VIII
1362 2391 1400 2454 his

292 2489 420 2554 verbis:
445 2491 487 2552 Et
511 2513 579 2552 cum
602 2488 640 2552 de
664 2488 850 2550 necessitate
874 2486 989 2551 salutis
1013 2489 1140 2564 eaiatat,
1165 2511 1275 2555 omnes
1302 2489 1402 2556 Ciristi

281 2587 398 2674 fideles
422 2589 565 2650 Romano
581 2585 728 2666 Pontifici
749 2582 884 2663 subesse,
902 2596 1004 2671 prout
1026 2585 1155 2650 diuinae
1178 2585 1362 2674 Scripturas
1381 2597 1403 2647 st

291 2685 423 2748 Petrum
447 2685 623 2748 testimonio
652 2683 823 2760 edocemur,
854 2705 892 2746 ac
919 2681 1147 2748 Constitutione
1162 2685 1227 2770 fel.
1254 2687 1404 2750 ammonae

290 2781 454 2868 Bonifatii
471 2782 505 2849 P.
527 2782 614 2860 VIII,
639 2803 718 2867 qaae
742 2779 857 2866 incipit
871 2780 1000 2858 „Unam
1016 2780 1198 2860 Sanctam‘,
1225 2783 1405 2849 declaratam

286 2876 878 2966 procorumdcmfideliumanimarum
893 2879 1006 2956 salute,
1030 2903 1068 2942 ac
1092 2883 1234 2946 Romani
1259 2882 1406 2968 Pontificio

291 2988 321 3041 et
334 2978 426 3066 bajus
441 2988 571 3042 sanctae
586 2975 680 3042 Sedis
702 2999 851 3061 suprema
874 2979 1073 3060 auctoritate,
1098 2979 1262 3043 Emleswe
1287 3002 1407 3066 sporum

291 3099 367 3139 sace
391 3077 513 3138 unitate
537 3085 566 3138 ct
583 3084 754 3161 potestate,
781 3072 1077 3138 Constitutionem
1064 3099 1178 3161 ipsam,
1210 3101 1305 3141 sacro
1324 3099 1406 3190 prae-

292 3184 376 3237 sente
405 3171 545 3238 Concilio
575 3171 828 3259 approbante,
815 3195 1001 3238 innovamus
1031 3184 1061 3236 et
1093 3174 1322 3260 approbamus,
1350 3177 1407 3238 sine
1465 3183 1466 3194 ²

291 3283 397 3335 tamen
416 3271 617 3359 praepeditio
642 3269 873 3334 declarationis
896 3279 1025 3334 sauctae
1055 3273 1223 3337 memoriae
1252 3272 1406 3338 &aaa

292 3371 329 3433 P.
350 3370 379 3432 V
398 3391 478 3454 quae
500 3369 617 3454 incipit
632 3367 761 3432 Meruit.
770 3369 792 3446 ¹)
809 3405 852 3416 -
870 3365 975 3430 Multa
998 3369 1099 3434 etiam
1123 3370 1157 3432 in
1174 3371 1280 3436 variis
1305 3373 1406 3436 sessio·
1465 3367 1466 3380 ¹

293 3465 394 3532 nibus
417 3488 476 3553 pro
501 3466 588 3531 bello
612 3476 727 3530 contra
750 3465 877 3530 Turcas
901 3465 1033 3530 decreta
1055 3477 1143 3532 sunt.

384 3568 436 3630 74.
484 3566 579 3630 Finis
603 3565 776 3650 impositus
805 3573 854 3628 est
877 3562 1026 3628 Concilio
1050 3563 1271 3630 Lateranensi
1299 3567 1327 3628 V
1357 3588 1408 3628 ses·

292 3666 386 3729 sione
417 3664 625 3744 duodecima,
656 3662 711 3727 die
743 3661 801 3724 16⁰
825 3661 937 3726 Martii
969 3673 998 3726 a:
1026 3663 1128 3736 lala
1162 3663 1275 3748 plures
1310 3675 1406 3728 nmen

295 3764 423 3842 Patres,
448 3763 535 3826 inter
551 3782 634 3848 quos
651 3757 830 3845 Oajetsnas
846 3759 886 3826 Ο.
904 3759 951 3838 Ρ.,
977 3760 1259 3826 commendabant
1277 3760 1407 3828 Consilii

295 3862 590 3926 continuationem.
616 3857 808 3922 Adfuerunt
822 3856 866 3921 ad
881 3855 1033 3922 ultimam
1048 3859 1226 3922 sessionem
1244 3859 1405 3923 sexdecim

295 4017 423 4024 ..aq-u...

371 4102 390 4168 ¹)
415 4099 450 4154 In
472 4099 527 4154 ista
551 4095 734 4153 declaratione
759 4093 866 4149 Meruit
895 4109 948 4149 non
973 4097 1105 4151 contineri
1132 4097 1350 4152 immutationem
1371 4091 1407 4147 sei

295 4181 497 4236 restrictionem
515 4180 610 4234 Ballae
632 4179 721 4234 Uriam
748 4181 883 4241 sanctam,
917 4175 963 4230 sed
986 4181 1094 4230 tantum
1119 4175 1338 4238 declarationem,
1363 4191 1406 4241 aar

296 4261 368 4316 iatsa
386 4261 534 4316 cavebatur
552 4257 755 4327 interpretatio,
771 4257 828 4325 jam
847 4255 972 4312 vidimus.
