2868 4844
423 422 464 476 De
482 419 602 476 Concilio
621 419 727 476 Pisano.
1080 417 1133 472 ate

102 565 155 631 40.
201 565 333 630 Interea
365 567 465 632 etiam
488 563 577 650 apud
603 561 717 630 Gallos
741 565 909 648 persuasio
935 563 1132 644 invaluerat,
1147 561 1300 666 goffffl‘i’
1341 597 1346 614 ·

34 664 232 728 benedictum
263 663 355 729 haud
379 673 530 750 paratum
565 684 635 727 esse
659 661 702 726 ad
725 663 882 728 unionem
908 663 1055 726 cessione
1079 660 1134 726 ob·
1195 687 1252 724 seni.

33 761 196 843 tinendam,
228 760 373 848 indeque
397 761 521 826 lactum
545 770 604 844 est,
634 769 672 824 ut
695 758 824 825 Galliae
854 781 914 824 rex
937 767 970 824 et
992 758 1135 845 populus

33 861 83 944 ipsi
118 881 229 924 mense
264 860 355 946 Maje
392 859 477 924 1408
520 857 745 923 obedientiam
785 857 1025 923 subtraherent
1084 855 1135 922 Ac

34 957 175 1040 paulatim
192 957 250 1022 alii
265 979 396 1044 quoque
408 977 513 1042 reges,
530 955 687 1021 videlicet
698 953 899 1020 Germaniae
911 967 944 1020 et
956 955 1136 1020 Bohemiac

33 1077 80 1118 rex
100 1055 325 1136 wenceslaus,
358 1054 592 1140 sigismundus
621 1077 681 1120 rex
709 1053 911 1137 Hungariae‚
947 1064 1046 1138 atque
1076 1074 1136 1116 rex

35 1153 196 1235 Naronae,
221 1153 382 1238 Gregorio
394 1153 620 1220 Benedictove
643 1151 867 1217 obedientiam
891 1151 1137 1231 subtraxerunt,

32 1251 328 1339 neutralitatemque
362 1252 406 1317 ad
438 1253 595 1316 unionem
619 1249 843 1316 'obtinendam
873 1249 1137 1314 declaraverunt.

35 1349 198 1436 Utriusque
228 1361 340 1414 autem
364 1349 584 1416 Obedientiac
608 1347 802 1414 Cardiuales
835 1356 1063 1412 convenerunt
1085 1346 1139 1410 Li-

33 1445 162 1512 burnum
196 1451 230 1513 in
261 1445 397 1514 Etruria
431 1457 464 1512 et
501 1469 612 1511 mense
641 1444 732 1511 lulio
768 1469 796 1510 a.
838 1445 921 1510 1408
960 1443 1139 1529 encyclicis

32 1543 135 1610 litteris
160 1545 247 1610 datis
269 1545 312 1611 ad
336 1545 535 1630 Gregorium
559 1544 627 1608 XII
659 1555 691 1608 et
722 1543 938 1608 Benedictum
965 1542 1065 1622 Xlll,
1096 1541 1139 1604 ad

32 1644 193 1728 episcopos
230 1643 379 1730 aliosque
419 1643 596 1728 praelatos,
636 1642 679 1706 ad
718 1640 868 1705 doctores
899 1651 932 1704 ct
962 1641 1139 1725 principes,

32 1736 207 1804 Concilium
231 1739 384 1824 generale
408 1751 637 1804 convocarunt
658 1761 745 1803 anno
776 1738 926 1823 sequenti
953 1738 1037 1804 Pisis
1060 1735 1140 1800 cele-

34 1837 196 1905 brandum.
226 1877 270 1886 -
298 1837 364 1904 Sed
388 1836 574 1921 Gregorius
597 1858 699 1923 quum
724 1835 1014 1900 animadvertisset
1037 1837 1142 1900 inten-

33 1935 144 2000 tionem
162 1936 392 2002 Cardinalium
410 1935 618 2001 convocandi
632 1933 784 2015 Concilii,
804 1934 876 2018 jam
893 1955 948 1996 eos
965 1954 1142 2017 praevene-

33 2041 81 2107 rat,
105 2034 258 2100 indicens
281 2057 323 2098 ex
346 2057 406 2098 sua
430 2044 523 2120 parte
540 2033 727 2098 Concilium
751 2053 810 2117 pro
833 2031 915 2096 festo
932 2031 1143 2095 Pentecostes

31 2134 189 2216 sequentis
231 2134 312 2197 anni
349 2133 532 2196 Ravennae
571 2131 624 2194 vel
663 2132 695 2194 in
735 2130 896 2193 territorio
937 2127 1143 2214 Aquileiensi

32 2225 225 2295 habendum.
261 2231 463 2296 Benedictus
487 2231 611 2315 pariter
634 2227 835 2292 convocavit
858 2225 1045 2292 Concilium
1069 2226 1144 2290 Per·
1202 2290 1203 2295 ,

33 2327 160 2408 pignani
192 2329 226 2392 in
251 2327 437 2414 Arragonia
468 2327 550 2392 festo
582 2325 741 2391 Omnium
767 2324 963 2390 Sanctorum
995 2347 1025 2388 a.
1059 2323 1144 2388 1408

32 2423 260 2506 inchoandum,
290 2429 468 2512 statimque
492 2447 595 2511 quum
620 2425 652 2488 in
678 2421 788 2488 Gallia
806 2423 879 2508 jam
904 2443 968 2486 non
992 2441 1145 2486 securum

32 2543 60 2582 ae
95 2523 258 2602 crederet,
298 2546 336 2587 eo
372 2523 538 2608 profectus
575 2531 631 2586 est.
687 2519 753 2586 Sed
784 2521 915 2604 utrique
947 2517 1144 2583 Pontificum

32 2624 284 2708 competentium
309 2621 459 2686 Concilio
490 2621 587 2706 pauci
620 2629 749 2684 tantum
781 2618 928 2703 episcopi
951 2615 1145 2686 adfuerunt;

31 2715 212 2784 Concilium
228 2740 307 2784 vero
323 2719 409 2783 Pisis
434 2741 554 2802 magno
579 2740 656 2782 cum
679 2716 864 2802 splendore,
890 2735 1044 2778 successu
1068 2734 1147 2776 vero

33 2814 113 2881 haud
138 2817 226 2882 felici
253 2815 455 2882 celebratum
479 2817 551 2880 luit.

545 3259 628 3338 ΠΤ.

359 3431 424 3497 Dc
449 3431 633 3498 Cootco'lto
656 3431 826 3496 Ρὶεαπο.

117 3611 170 3675 41.
220 3609 305 3672 Cum
347 3607 524 3672 celebratio
563 3607 698 3674 Concidit
727 3606 842 3668 Haooi
879 3610 1019 3665 eventus
1054 3600 1155 3665 fuerit

33 3715 176 3792 tempore
199 3705 388 3770 schismatis
413 3708 558 3770 maxime
583 3725 662 3770 sane
686 3702 855 3781 momenti,
880 3708 954 3784 post
977 3720 1055 3763 vero
1080 3721 1155 3764 con-

33 3806 209 3868 troversiae
233 3805 347 3867 variae
371 3803 412 3868 de
437 3803 554 3868 eodem
578 3803 713 3867 habitae
737 3802 817 3879 sint,
851 3799 1039 3862 accuratius
1070 3819 1155 3884 quae

34 3899 202 3984 Synodum
227 3903 325 3966 istam
357 3911 510 3988 spectant
539 3902 697 3970 convenit
719 3899 920 3962 examinare.
969 3894 1020 3959 Ac
1048 3897 1155 3982 primo

34 3999 165 4084 quidem
189 3997 420 4065 enarrabimus
436 3998 525 4062 facta
541 4000 732 4084 praecipua,
757 4015 843 4082 quae
860 4014 902 4055 ex
917 3992 1033 4058 ordine
1045 3995 1157 4080 quoad

35 4096 287 4163 celebrationem
329 4097 429 4184 hujus
461 4096 603 4162 Concilii
641 4092 932 4161 commemoranda
962 4092 1156 4170 obveniunt,

35 4193 111 4260 dein
147 4195 188 4260 de
224 4199 421 4260 auctoritate
461 4197 564 4281 ipsius
596 4193 724 4280 Synodi
757 4212 864 4278 pauca
902 4192 1075 4258 addemus.
1113 4229 1158 4238 —
