<?xml version="1.0" encoding="UTF-8"?>
<!DOCTYPE html PUBLIC "-//W3C//DTD XHTML 1.0 Transitional//EN"
    "http://www.w3.org/TR/xhtml1/DTD/xhtml1-transitional.dtd">
<html xmlns="http://www.w3.org/1999/xhtml" xml:lang="en" lang="en">
 <head>
  <title>
</title>
<meta http-equiv="Content-Type" content="text/html;charset=utf-8" />
  <meta name='ocr-system' content='tesseract 3.04.00' />
  <meta name='ocr-capabilities' content='ocr_page ocr_carea ocr_par ocr_line ocrx_word'/>
</head>
<body>
  <div class='ocr_page' id='page_1' title='image "./dissertationess00junggoog_0670.png"; bbox 0 0 2850 4834; ppageno 0'>
   <div class='ocr_carea' id='block_1_1' title="bbox 418 435 1122 492">
    <p class='ocr_par' dir='ltr' id='par_1_1' title="bbox 418 435 1122 492">
     <span class='ocr_line' id='line_1_1' title="bbox 418 435 1122 492; baseline 0 0"><span class='ocrx_word' id='word_1_1' title='bbox 418 435 514 492; x_wconf 86' lang='lat' dir='ltr'><strong>Modus</strong></span> <span class='ocrx_word' id='word_1_2' title='bbox 532 435 695 492; x_wconf 77' lang='lat' dir='ltr'><strong>abolitionis.</strong></span> <span class='ocrx_word' id='word_1_3' title='bbox 1006 453 1010 466; x_wconf 94' lang='lat'>·</span> <span class='ocrx_word' id='word_1_4' title='bbox 1072 439 1122 492; x_wconf 79' lang='lat'><strong>137</strong></span> 
     </span>
    </p>
   </div>
   <div class='ocr_carea' id='block_1_2' title="bbox 17 579 1124 1255">
    <p class='ocr_par' dir='ltr' id='par_1_2' title="bbox 17 579 1124 1255">
     <span class='ocr_line' id='line_1_2' title="bbox 22 579 1121 666; baseline 0.004 -26"><span class='ocrx_word' id='word_1_5' title='bbox 22 579 231 644; x_wconf 72' lang='lat' dir='ltr'><strong>observationes</strong></span> <span class='ocrx_word' id='word_1_6' title='bbox 254 591 284 644; x_wconf 82' lang='lat' dir='ltr'><strong>et</strong></span> <span class='ocrx_word' id='word_1_7' title='bbox 306 581 425 664; x_wconf 79' lang='lat' dir='ltr'><strong>nepotit‘</strong></span> <span class='ocrx_word' id='word_1_8' title='bbox 442 581 697 666; x_wconf 66' lang='lat' dir='ltr'><strong>prorogationes.</strong></span> <span class='ocrx_word' id='word_1_9' title='bbox 745 581 857 646; x_wconf 84' lang='lat' dir='ltr'><strong>Facile</strong></span> <span class='ocrx_word' id='word_1_10' title='bbox 881 595 991 646; x_wconf 86' lang='lat' dir='ltr'><strong>eutem</strong></span> <span class='ocrx_word' id='word_1_11' title='bbox 1017 581 1121 663; x_wconf 82' lang='lat' dir='ltr'><strong>vides,</strong></span> 
     </span>
     <span class='ocr_line' id='line_1_3' title="bbox 21 676 1122 765; baseline 0.004 -25"><span class='ocrx_word' id='word_1_12' title='bbox 21 681 90 742; x_wconf 86' lang='lat' dir='ltr'><strong>inter</strong></span> <span class='ocrx_word' id='word_1_13' title='bbox 111 677 171 743; x_wconf 91' lang='lat' dir='ltr'><strong>hoo</strong></span> <span class='ocrx_word' id='word_1_14' title='bbox 188 676 359 763; x_wconf 87' lang='lat' dir='ltr'><strong>judicium</strong></span> <span class='ocrx_word' id='word_1_15' title='bbox 383 687 416 742; x_wconf 88' lang='lat' dir='ltr'><strong>et</strong></span> <span class='ocrx_word' id='word_1_16' title='bbox 440 688 553 743; x_wconf 92' lang='lat' dir='ltr'><strong>votum</strong></span> <span class='ocrx_word' id='word_1_17' title='bbox 578 678 778 744; x_wconf 76' lang='lat' dir='ltr'><strong>antecedens</strong></span> <span class='ocrx_word' id='word_1_18' title='bbox 795 679 921 744; x_wconf 87' lang='lat' dir='ltr'><strong>nullam</strong></span> <span class='ocrx_word' id='word_1_19' title='bbox 937 701 1008 743; x_wconf 91' lang='lat' dir='ltr'><strong>esse</strong></span> <span class='ocrx_word' id='word_1_20' title='bbox 1024 701 1122 765; x_wconf 92' lang='lat' dir='ltr'><strong>oppo-</strong></span> 
     </span>
     <span class='ocr_line' id='line_1_4' title="bbox 20 775 1121 862; baseline 0.002 -24"><span class='ocrx_word' id='word_1_21' title='bbox 20 777 195 857; x_wconf 88' lang='lat' dir='ltr'><strong>sitionem.¹)</strong></span> <span class='ocrx_word' id='word_1_22' title='bbox 244 775 356 856; x_wconf 79' lang='lat' dir='ltr'><strong>Quum</strong></span> <span class='ocrx_word' id='word_1_23' title='bbox 387 797 466 840; x_wconf 81' lang='lat' dir='ltr'><strong>vero</strong></span> <span class='ocrx_word' id='word_1_24' title='bbox 497 775 614 861; x_wconf 81' lang='lat' dir='ltr'><strong>reliqui</strong></span> <span class='ocrx_word' id='word_1_25' title='bbox 647 779 759 860; x_wconf 84' lang='lat' dir='ltr'><strong>pauci,</strong></span> <span class='ocrx_word' id='word_1_26' title='bbox 793 777 849 862; x_wconf 91' lang='lat' dir='ltr'><strong>qui</strong></span> <span class='ocrx_word' id='word_1_27' title='bbox 875 776 1121 862; x_wconf 83' lang='lat' dir='ltr'><strong>judicaverant,</strong></span> 
     </span>
     <span class='ocr_line' id='line_1_5' title="bbox 19 872 1124 960; baseline 0.002 -22"><span class='ocrx_word' id='word_1_28' title='bbox 19 873 159 938; x_wconf 77' lang='lat' dir='ltr'><strong>Ordinem</strong></span> <span class='ocrx_word' id='word_1_29' title='bbox 198 872 371 938; x_wconf 84' lang='lat' dir='ltr'><strong>definitive</strong></span> <span class='ocrx_word' id='word_1_30' title='bbox 405 872 556 938; x_wconf 90' lang='lat' dir='ltr'><strong>damnari</strong></span> <span class='ocrx_word' id='word_1_31' title='bbox 591 895 699 958; x_wconf 89' lang='lat' dir='ltr'><strong>posse,</strong></span> <span class='ocrx_word' id='word_1_32' title='bbox 740 876 855 939; x_wconf 88' lang='lat' dir='ltr'><strong>merito</strong></span> <span class='ocrx_word' id='word_1_33' title='bbox 893 885 1124 960; x_wconf 82' lang='lat' dir='ltr'><strong>supponantur</strong></span> 
     </span>
     <span class='ocr_line' id='line_1_6' title="bbox 18 971 1121 1058; baseline 0.004 -24"><span class='ocrx_word' id='word_1_34' title='bbox 18 974 205 1057; x_wconf 76' lang='lat' dir='ltr'><strong>acquievisse</strong></span> <span class='ocrx_word' id='word_1_35' title='bbox 237 973 338 1036; x_wconf 88' lang='lat' dir='ltr'><strong>etiam</strong></span> <span class='ocrx_word' id='word_1_36' title='bbox 372 971 450 1036; x_wconf 87' lang='lat' dir='ltr'><strong>huic</strong></span> <span class='ocrx_word' id='word_1_37' title='bbox 482 971 579 1036; x_wconf 86' lang='lat' dir='ltr'><strong>ruodo</strong></span> <span class='ocrx_word' id='word_1_38' title='bbox 603 971 802 1048; x_wconf 79' lang='lat' dir='ltr'><strong>abolitionis,</strong></span> <span class='ocrx_word' id='word_1_39' title='bbox 835 983 934 1058; x_wconf 88' lang='lat' dir='ltr'><strong>patet,</strong></span> <span class='ocrx_word' id='word_1_40' title='bbox 965 975 1121 1040; x_wconf 81' lang='lat' dir='ltr'><strong>concordi</strong></span> 
     </span>
     <span class='ocr_line' id='line_1_7' title="bbox 19 1067 1123 1158; baseline 0.005 -28"><span class='ocrx_word' id='word_1_41' title='bbox 19 1087 79 1134; x_wconf 79' lang='lat' dir='ltr'><strong>voto</strong></span> <span class='ocrx_word' id='word_1_42' title='bbox 114 1071 212 1134; x_wconf 87' lang='lat' dir='ltr'><strong>totius</strong></span> <span class='ocrx_word' id='word_1_43' title='bbox 249 1067 391 1136; x_wconf 88' lang='lat' dir='ltr'><strong>Concilii</strong></span> <span class='ocrx_word' id='word_1_44' title='bbox 426 1093 446 1134; x_wconf 85' lang='lat' dir='ltr'><strong>a</strong></span> <span class='ocrx_word' id='word_1_45' title='bbox 481 1069 651 1136; x_wconf 76' lang='lat' dir='ltr'><strong>Clemente</strong></span> <span class='ocrx_word' id='word_1_46' title='bbox 689 1071 719 1134; x_wconf 97' lang='lat' dir='ltr'>V</span> <span class='ocrx_word' id='word_1_47' title='bbox 762 1073 1028 1158; x_wconf 86' lang='lat' dir='ltr'><strong>suppressionem</strong></span> <span class='ocrx_word' id='word_1_48' title='bbox 1064 1093 1123 1158; x_wconf 91' lang='lat' dir='ltr'><strong>per</strong></span> 
     </span>
     <span class='ocr_line' id='line_1_8' title="bbox 17 1167 609 1255; baseline 0 -23"><span class='ocrx_word' id='word_1_49' title='bbox 17 1169 133 1234; x_wconf 84' lang='lat' dir='ltr'><strong>modurn</strong></span> <span class='ocrx_word' id='word_1_50' title='bbox 158 1169 359 1255; x_wconf 81' lang='lat' dir='ltr'><strong>provisionis</strong></span> <span class='ocrx_word' id='word_1_51' title='bbox 382 1167 505 1234; x_wconf 64' lang='lat' dir='ltr'><strong>lacman</strong></span> <span class='ocrx_word' id='word_1_52' title='bbox 529 1189 609 1232; x_wconf 89' lang='lat' dir='ltr'><strong>esse.</strong></span> 
     </span>
    </p>
   </div>
   <div class='ocr_carea' id='block_1_3' title="bbox 11 1303 1124 2938">
    <p class='ocr_par' dir='ltr' id='par_1_3' title="bbox 11 1303 1124 2938">
     <span class='ocr_line' id='line_1_9' title="bbox 88 1303 1117 1387; baseline -0.002 -19"><span class='ocrx_word' id='word_1_53' title='bbox 88 1303 139 1368; x_wconf 81' lang='lat'><strong>50.</strong></span> <span class='ocrx_word' id='word_1_54' title='bbox 185 1303 317 1368; x_wconf 85' lang='lat' dir='ltr'><strong>Justarn</strong></span> <span class='ocrx_word' id='word_1_55' title='bbox 348 1323 444 1387; x_wconf 90' lang='lat' dir='ltr'><strong>porro</strong></span> <span class='ocrx_word' id='word_1_56' title='bbox 476 1311 508 1364; x_wconf 85' lang='lat' dir='ltr'><strong>et</strong></span> <span class='ocrx_word' id='word_1_57' title='bbox 539 1303 721 1387; x_wconf 85' lang='lat' dir='ltr'><strong>sapientem</strong></span> <span class='ocrx_word' id='word_1_58' title='bbox 757 1303 856 1367; x_wconf 82' lang='lat' dir='ltr'><strong>fuisso</strong></span> <span class='ocrx_word' id='word_1_59' title='bbox 887 1303 1117 1386; x_wconf 74' lang='lat' dir='ltr'><strong>hanc&#39;agcncli</strong></span> 
     </span>
     <span class='ocr_line' id='line_1_10' title="bbox 16 1399 1119 1485; baseline 0.003 -23"><span class='ocrx_word' id='word_1_60' title='bbox 16 1403 167 1480; x_wconf 77' lang='lat' dir='ltr'><strong>rationem,</strong></span> <span class='ocrx_word' id='word_1_61' title='bbox 206 1403 305 1464; x_wconf 91' lang='lat' dir='ltr'><strong>ctiam</strong></span> <span class='ocrx_word' id='word_1_62' title='bbox 340 1399 437 1463; x_wconf 80' lang='lat' dir='ltr'><strong>facile</strong></span> <span class='ocrx_word' id='word_1_63' title='bbox 461 1421 502 1462; x_wconf 88' lang='lat' dir='ltr'><strong>ex</strong></span> <span class='ocrx_word' id='word_1_64' title='bbox 527 1401 688 1463; x_wconf 88' lang='lat' dir='ltr'><strong>enarratis</strong></span> <span class='ocrx_word' id='word_1_65' title='bbox 719 1399 892 1485; x_wconf 82' lang='lat' dir='ltr'><strong>colligitur.</strong></span> <span class='ocrx_word' id='word_1_66' title='bbox 940 1401 1119 1465; x_wconf 90' lang='lat' dir='ltr'><strong>Damnatio</strong></span> 
     </span>
     <span class='ocr_line' id='line_1_11' title="bbox 16 1497 1121 1586; baseline 0.002 -26"><span class='ocrx_word' id='word_1_67' title='bbox 16 1500 129 1582; x_wconf 87' lang='lat' dir='ltr'><strong>quidern</strong></span> <span class='ocrx_word' id='word_1_68' title='bbox 164 1500 264 1562; x_wconf 89' lang='lat' dir='ltr'><strong>totins</strong></span> <span class='ocrx_word' id='word_1_69' title='bbox 288 1497 425 1564; x_wconf 90' lang='lat' dir='ltr'><strong>Ordinis</strong></span> <span class='ocrx_word' id='word_1_70' title='bbox 457 1509 493 1560; x_wconf 91' lang='lat' dir='ltr'><strong>ut</strong></span> <span class='ocrx_word' id='word_1_71' title='bbox 523 1497 598 1561; x_wconf 89' lang='lat' dir='ltr'><strong>talis</strong></span> <span class='ocrx_word' id='word_1_72' title='bbox 622 1519 689 1561; x_wconf 89' lang='lat' dir='ltr'><strong>non</strong></span> <span class='ocrx_word' id='word_1_73' title='bbox 714 1498 1011 1584; x_wconf 87' lang='lat' dir='ltr'><strong>videbatnrjnsta‚</strong></span> <span class='ocrx_word' id='word_1_74' title='bbox 1043 1502 1121 1586; x_wconf 89' lang='lat' dir='ltr'><strong>quia</strong></span> 
     </span>
     <span class='ocr_line' id='line_1_12' title="bbox 16 1595 1123 1682; baseline 0.003 -24"><span class='ocrx_word' id='word_1_75' title='bbox 16 1596 96 1682; x_wconf 85' lang='lat' dir='ltr'><strong>culpa</strong></span> <span class='ocrx_word' id='word_1_76' title='bbox 132 1595 270 1662; x_wconf 85' lang='lat' dir='ltr'><strong>Ordinis</strong></span> <span class='ocrx_word' id='word_1_77' title='bbox 307 1617 374 1660; x_wconf 91' lang='lat' dir='ltr'><strong>non</strong></span> <span class='ocrx_word' id='word_1_78' title='bbox 414 1609 484 1659; x_wconf 87' lang='lat' dir='ltr'><strong>erat</strong></span> <span class='ocrx_word' id='word_1_79' title='bbox 525 1597 605 1659; x_wconf 89' lang='lat' dir='ltr'><strong>satis</strong></span> <span class='ocrx_word' id='word_1_80' title='bbox 642 1595 790 1681; x_wconf 87' lang='lat' dir='ltr'><strong>probata,</strong></span> <span class='ocrx_word' id='word_1_81' title='bbox 830 1606 862 1659; x_wconf 92' lang='lat' dir='ltr'><strong>et</strong></span> <span class='ocrx_word' id='word_1_82' title='bbox 900 1599 933 1660; x_wconf 92' lang='lat' dir='ltr'><strong>in</strong></span> <span class='ocrx_word' id='word_1_83' title='bbox 973 1596 1123 1682; x_wconf 90' lang='lat' dir='ltr'><strong>pluribus</strong></span> 
     </span>
     <span class='ocr_line' id='line_1_13' title="bbox 16 1692 1123 1778; baseline 0.002 -22"><span class='ocrx_word' id='word_1_84' title='bbox 16 1696 189 1778; x_wconf 80' lang='lat' dir='ltr'><strong>regionibus</strong></span> <span class='ocrx_word' id='word_1_85' title='bbox 221 1717 337 1758; x_wconf 88' lang='lat' dir='ltr'><strong>revera</strong></span> <span class='ocrx_word' id='word_1_86' title='bbox 368 1715 434 1758; x_wconf 88' lang='lat' dir='ltr'><strong>non</strong></span> <span class='ocrx_word' id='word_1_87' title='bbox 460 1692 618 1758; x_wconf 90' lang='lat' dir='ltr'><strong>videntur</strong></span> <span class='ocrx_word' id='word_1_88' title='bbox 641 1692 882 1759; x_wconf 83' lang='lat' dir='ltr'><strong>abominabiles</strong></span> <span class='ocrx_word' id='word_1_89' title='bbox 907 1695 952 1759; x_wconf 88' lang='lat' dir='ltr'><strong>illi</strong></span> <span class='ocrx_word' id='word_1_90' title='bbox 977 1695 1123 1760; x_wconf 82' lang='lat' dir='ltr'><strong>adfuisse</strong></span> 
     </span>
     <span class='ocr_line' id='line_1_14' title="bbox 16 1790 1122 1878; baseline 0.003 -24"><span class='ocrx_word' id='word_1_91' title='bbox 16 1791 128 1858; x_wconf 85' lang='lat' dir='ltr'><strong>abusus.</strong></span> <span class='ocrx_word' id='word_1_92' title='bbox 176 1792 282 1857; x_wconf 88' lang='lat' dir='ltr'><strong>lllulto</strong></span> <span class='ocrx_word' id='word_1_93' title='bbox 312 1805 423 1856; x_wconf 70' lang='lat' dir='ltr'><strong>mmen</strong></span> <span class='ocrx_word' id='word_1_94' title='bbox 458 1790 634 1856; x_wconf 87' lang='lat' dir='ltr'><strong>obstabant</strong></span> <span class='ocrx_word' id='word_1_95' title='bbox 667 1794 791 1876; x_wconf 85' lang='lat' dir='ltr'><strong>negotii</strong></span> <span class='ocrx_word' id='word_1_96' title='bbox 829 1794 1041 1878; x_wconf 87' lang='lat' dir='ltr'><strong>protractioni</strong></span> <span class='ocrx_word' id='word_1_97' title='bbox 1076 1795 1122 1857; x_wconf 92' lang='lat' dir='ltr'><strong>in·</strong></span> 
     </span>
     <span class='ocr_line' id='line_1_15' title="bbox 16 1888 1124 1976; baseline 0.002 -25"><span class='ocrx_word' id='word_1_98' title='bbox 16 1893 181 1974; x_wconf 82' lang='lat' dir='ltr'><strong>commoda,</strong></span> <span class='ocrx_word' id='word_1_99' title='bbox 206 1915 245 1955; x_wconf 91' lang='lat' dir='ltr'><strong>ae</strong></span> <span class='ocrx_word' id='word_1_100' title='bbox 272 1912 328 1976; x_wconf 93' lang='lat' dir='ltr'><strong>pro</strong></span> <span class='ocrx_word' id='word_1_101' title='bbox 354 1891 585 1976; x_wconf 87' lang='lat' dir='ltr'><strong>suppressione</strong></span> <span class='ocrx_word' id='word_1_102' title='bbox 603 1888 740 1954; x_wconf 87' lang='lat' dir='ltr'><strong>Ordinis</strong></span> <span class='ocrx_word' id='word_1_103' title='bbox 763 1891 960 1974; x_wconf 78' lang='lat' dir='ltr'><strong>gravissima</strong></span> <span class='ocrx_word' id='word_1_104' title='bbox 984 1889 1124 1954; x_wconf 89' lang='lat' dir='ltr'><strong>aderant</strong></span> 
     </span>
     <span class='ocr_line' id='line_1_16' title="bbox 16 1985 1124 2075; baseline -0.001 -23"><span class='ocrx_word' id='word_1_105' title='bbox 16 1993 129 2056; x_wconf 85' lang='lat' dir='ltr'><strong>motiva.</strong></span> <span class='ocrx_word' id='word_1_106' title='bbox 162 1991 285 2075; x_wconf 87' lang='lat' dir='ltr'><strong>Ingens</strong></span> <span class='ocrx_word' id='word_1_107' title='bbox 309 1990 397 2052; x_wconf 89' lang='lat' dir='ltr'><strong>enim</strong></span> <span class='ocrx_word' id='word_1_108' title='bbox 423 2009 581 2052; x_wconf 89' lang='lat' dir='ltr'><strong>numerus</strong></span> <span class='ocrx_word' id='word_1_109' title='bbox 597 1985 862 2074; x_wconf 88' lang='lat' dir='ltr'><strong>Templariorum</strong></span> <span class='ocrx_word' id='word_1_110' title='bbox 889 1991 1030 2053; x_wconf 89' lang='lat' dir='ltr'><strong>crimina</strong></span> <span class='ocrx_word' id='word_1_111' title='bbox 1054 2001 1124 2052; x_wconf 89' lang='lat' dir='ltr'><strong>erat</strong></span> 
     </span>
     <span class='ocr_line' id='line_1_17' title="bbox 16 2085 1123 2171; baseline 0.003 -23"><span class='ocrx_word' id='word_1_112' title='bbox 16 2089 175 2168; x_wconf 83' lang='lat' dir='ltr'><strong>consessus,</strong></span> <span class='ocrx_word' id='word_1_113' title='bbox 216 2089 262 2150; x_wconf 89' lang='lat' dir='ltr'><strong>ita</strong></span> <span class='ocrx_word' id='word_1_114' title='bbox 299 2097 335 2149; x_wconf 92' lang='lat' dir='ltr'><strong>ut</strong></span> <span class='ocrx_word' id='word_1_115' title='bbox 367 2097 436 2150; x_wconf 88' lang='lat' dir='ltr'><strong>tum</strong></span> <span class='ocrx_word' id='word_1_116' title='bbox 471 2085 513 2150; x_wconf 91' lang='lat' dir='ltr'><strong>de</strong></span> <span class='ocrx_word' id='word_1_117' title='bbox 541 2085 617 2171; x_wconf 92' lang='lat' dir='ltr'><strong>jure</strong></span> <span class='ocrx_word' id='word_1_118' title='bbox 648 2095 718 2150; x_wconf 89' lang='lat' dir='ltr'><strong>tum</strong></span> <span class='ocrx_word' id='word_1_119' title='bbox 748 2086 789 2150; x_wconf 92' lang='lat' dir='ltr'><strong>de</strong></span> <span class='ocrx_word' id='word_1_120' title='bbox 812 2086 899 2151; x_wconf 86' lang='lat' dir='ltr'><strong>facto</strong></span> <span class='ocrx_word' id='word_1_121' title='bbox 939 2087 1123 2151; x_wconf 84' lang='lat' dir='ltr'><strong>diffamatio</strong></span> 
     </span>
     <span class='ocr_line' id='line_1_18' title="bbox 15 2183 1121 2270; baseline 0 -20"><span class='ocrx_word' id='word_1_122' title='bbox 15 2185 131 2251; x_wconf 86' lang='lat' dir='ltr'><strong>Ordinis</strong></span> <span class='ocrx_word' id='word_1_123' title='bbox 147 2185 279 2250; x_wconf 86' lang='lat' dir='ltr'><strong>adesset</strong></span> <span class='ocrx_word' id='word_1_124' title='bbox 295 2207 430 2268; x_wconf 82' lang='lat' dir='ltr'><strong>magna3</strong></span> <span class='ocrx_word' id='word_1_125' title='bbox 456 2205 552 2248; x_wconf 90' lang='lat' dir='ltr'><strong>nemo</strong></span> <span class='ocrx_word' id='word_1_126' title='bbox 569 2183 692 2270; x_wconf 91' lang='lat' dir='ltr'><strong>probus</strong></span> <span class='ocrx_word' id='word_1_127' title='bbox 709 2195 796 2248; x_wconf 89' lang='lat' dir='ltr'><strong>certe</strong></span> <span class='ocrx_word' id='word_1_128' title='bbox 813 2184 911 2248; x_wconf 85' lang='lat' dir='ltr'><strong>lalern</strong></span> <span class='ocrx_word' id='word_1_129' title='bbox 928 2185 1121 2270; x_wconf 77' lang='lat' dir='ltr'><strong>religionem</strong></span> 
     </span>
     <span class='ocr_line' id='line_1_19' title="bbox 11 2280 1120 2369; baseline 0.003 -23"><span class='ocrx_word' id='word_1_130' title='bbox 11 2285 65 2366; x_wconf 87' lang='lat' dir='ltr'><strong>jam</strong></span> <span class='ocrx_word' id='word_1_131' title='bbox 94 2287 261 2369; x_wconf 87' lang='lat' dir='ltr'><strong>ingressus</strong></span> <span class='ocrx_word' id='word_1_132' title='bbox 285 2295 379 2365; x_wconf 84' lang='lat' dir='ltr'><strong>esset,</strong></span> <span class='ocrx_word' id='word_1_133' title='bbox 409 2293 442 2345; x_wconf 91' lang='lat' dir='ltr'><strong>et</strong></span> <span class='ocrx_word' id='word_1_134' title='bbox 470 2280 561 2346; x_wconf 88' lang='lat' dir='ltr'><strong>Ordo</strong></span> <span class='ocrx_word' id='word_1_135' title='bbox 595 2281 772 2346; x_wconf 89' lang='lat' dir='ltr'><strong>videbatur</strong></span> <span class='ocrx_word' id='word_1_136' title='bbox 795 2283 964 2348; x_wconf 81' lang='lat' dir='ltr'><strong>Ecclesiae</strong></span> <span class='ocrx_word' id='word_1_137' title='bbox 994 2283 1120 2350; x_wconf 91' lang='lat' dir='ltr'><strong>inutilis</strong></span> 
     </span>
     <span class='ocr_line' id='line_1_20' title="bbox 15 2379 1120 2468; baseline 0.005 -26"><span class='ocrx_word' id='word_1_138' title='bbox 15 2405 42 2444; x_wconf 85' lang='lat' dir='ltr'><strong>ac</strong></span> <span class='ocrx_word' id='word_1_139' title='bbox 67 2385 213 2447; x_wconf 88' lang='lat' dir='ltr'><strong>nocivus.</strong></span> <span class='ocrx_word' id='word_1_140' title='bbox 262 2381 352 2446; x_wconf 88' lang='lat' dir='ltr'><strong>Hinc</strong></span> <span class='ocrx_word' id='word_1_141' title='bbox 382 2383 468 2466; x_wconf 90' lang='lat' dir='ltr'><strong>parti</strong></span> <span class='ocrx_word' id='word_1_142' title='bbox 493 2379 631 2445; x_wconf 90' lang='lat' dir='ltr'><strong>Ordinis</strong></span> <span class='ocrx_word' id='word_1_143' title='bbox 661 2383 831 2446; x_wconf 87' lang='lat' dir='ltr'><strong>innocenti</strong></span> <span class='ocrx_word' id='word_1_144' title='bbox 863 2391 1024 2468; x_wconf 89' lang='lat' dir='ltr'><strong>qnantum</strong></span> <span class='ocrx_word' id='word_1_145' title='bbox 1049 2382 1120 2447; x_wconf 87' lang='lat' dir='ltr'><strong>lieri</strong></span> 
     </span>
     <span class='ocr_line' id='line_1_21' title="bbox 16 2477 1119 2566; baseline 0.005 -26"><span class='ocrx_word' id='word_1_146' title='bbox 16 2484 102 2562; x_wconf 90' lang='lat' dir='ltr'><strong>potnit</strong></span> <span class='ocrx_word' id='word_1_147' title='bbox 134 2503 174 2544; x_wconf 89' lang='lat' dir='ltr'><strong>eo</strong></span> <span class='ocrx_word' id='word_1_148' title='bbox 207 2481 375 2566; x_wconf 84' lang='lat' dir='ltr'><strong>provisum</strong></span> <span class='ocrx_word' id='word_1_149' title='bbox 410 2489 467 2560; x_wconf 86' lang='lat' dir='ltr'><strong>est,</strong></span> <span class='ocrx_word' id='word_1_150' title='bbox 502 2479 591 2564; x_wconf 91' lang='lat' dir='ltr'><strong>qnod</strong></span> <span class='ocrx_word' id='word_1_151' title='bbox 622 2489 709 2543; x_wconf 90' lang='lat' dir='ltr'><strong>totus</strong></span> <span class='ocrx_word' id='word_1_152' title='bbox 734 2477 824 2544; x_wconf 90' lang='lat' dir='ltr'><strong>Ordo</strong></span> <span class='ocrx_word' id='word_1_153' title='bbox 856 2502 921 2566; x_wconf 90' lang='lat' dir='ltr'><strong>qna</strong></span> <span class='ocrx_word' id='word_1_154' title='bbox 951 2479 1026 2544; x_wconf 88' lang='lat' dir='ltr'><strong>talis</strong></span> <span class='ocrx_word' id='word_1_155' title='bbox 1054 2502 1119 2545; x_wconf 90' lang='lat' dir='ltr'><strong>non</strong></span> 
     </span>
     <span class='ocr_line' id='line_1_22' title="bbox 16 2575 1124 2657; baseline 0.002 -17"><span class='ocrx_word' id='word_1_156' title='bbox 16 2575 213 2643; x_wconf 85' lang='lat' dir='ltr'><strong>damnaretur</strong></span> <span class='ocrx_word' id='word_1_157' title='bbox 235 2587 271 2641; x_wconf 91' lang='lat' dir='ltr'><strong>ut</strong></span> <span class='ocrx_word' id='word_1_158' title='bbox 297 2599 382 2657; x_wconf 86' lang='lat' dir='ltr'><strong>reus,</strong></span> <span class='ocrx_word' id='word_1_159' title='bbox 408 2578 494 2641; x_wconf 91' lang='lat' dir='ltr'><strong>bono</strong></span> <span class='ocrx_word' id='word_1_160' title='bbox 512 2598 590 2641; x_wconf 88' lang='lat' dir='ltr'><strong>vero</strong></span> <span class='ocrx_word' id='word_1_161' title='bbox 607 2576 777 2642; x_wconf 79' lang='lat' dir='ltr'><strong>Ecclesiae</strong></span> <span class='ocrx_word' id='word_1_162' title='bbox 793 2587 825 2642; x_wconf 90' lang='lat' dir='ltr'><strong>et</strong></span> <span class='ocrx_word' id='word_1_163' title='bbox 841 2579 941 2641; x_wconf 86' lang='lat' dir='ltr'><strong>totins</strong></span> <span class='ocrx_word' id='word_1_164' title='bbox 957 2580 1124 2643; x_wconf 86' lang='lat' dir='ltr'><strong>societatis</strong></span> 
     </span>
     <span class='ocr_line' id='line_1_23' title="bbox 15 2674 1121 2764; baseline 0.006 -28"><span class='ocrx_word' id='word_1_165' title='bbox 15 2699 49 2740; x_wconf 75' lang='lat' dir='ltr'><strong>co.</strong></span> <span class='ocrx_word' id='word_1_166' title='bbox 77 2677 163 2764; x_wconf 91' lang='lat' dir='ltr'><strong>qnod</strong></span> <span class='ocrx_word' id='word_1_167' title='bbox 190 2698 248 2762; x_wconf 87' lang='lat' dir='ltr'><strong>per</strong></span> <span class='ocrx_word' id='word_1_168' title='bbox 271 2676 406 2740; x_wconf 89' lang='lat' dir='ltr'><strong>modum</strong></span> <span class='ocrx_word' id='word_1_169' title='bbox 431 2677 630 2761; x_wconf 87' lang='lat' dir='ltr'><strong>provisionis</strong></span> <span class='ocrx_word' id='word_1_170' title='bbox 658 2674 713 2740; x_wconf 88' lang='lat' dir='ltr'><strong>hic</strong></span> <span class='ocrx_word' id='word_1_171' title='bbox 737 2675 826 2742; x_wconf 90' lang='lat' dir='ltr'><strong>Ordo</strong></span> <span class='ocrx_word' id='word_1_172' title='bbox 851 2679 1121 2761; x_wconf 86' lang='lat' dir='ltr'><strong>supprimeretur.</strong></span> 
     </span>
     <span class='ocr_line' id='line_1_24' title="bbox 14 2773 1121 2862; baseline 0.002 -26"><span class='ocrx_word' id='word_1_173' title='bbox 14 2775 103 2862; x_wconf 76' lang='lat' dir='ltr'><strong>Atque</strong></span> <span class='ocrx_word' id='word_1_174' title='bbox 127 2773 284 2839; x_wconf 88' lang='lat' dir='ltr'><strong>omnibus</strong></span> <span class='ocrx_word' id='word_1_175' title='bbox 308 2776 480 2860; x_wconf 89' lang='lat' dir='ltr'><strong>perpensis</strong></span> <span class='ocrx_word' id='word_1_176' title='bbox 504 2773 591 2838; x_wconf 87' lang='lat' dir='ltr'><strong>hanc</strong></span> <span class='ocrx_word' id='word_1_177' title='bbox 607 2775 872 2860; x_wconf 88' lang='lat' dir='ltr'><strong>suppressionem</strong></span> <span class='ocrx_word' id='word_1_178' title='bbox 890 2773 988 2860; x_wconf 87' lang='lat' dir='ltr'><strong>plane</strong></span> <span class='ocrx_word' id='word_1_179' title='bbox 1013 2796 1121 2838; x_wconf 87' lang='lat' dir='ltr'><strong>neccs-</strong></span> 
     </span>
     <span class='ocr_line' id='line_1_25' title="bbox 14 2873 506 2938; baseline 0.004 -4"><span class='ocrx_word' id='word_1_180' title='bbox 14 2875 113 2938; x_wconf 87' lang='lat' dir='ltr'><strong>sariam</strong></span> <span class='ocrx_word' id='word_1_181' title='bbox 127 2873 242 2938; x_wconf 63' lang='lat' dir='ltr'><strong>luisse</strong></span> <span class='ocrx_word' id='word_1_182' title='bbox 266 2874 506 2937; x_wconf 86' lang='lat' dir='ltr'><strong>existimamus.</strong></span> 
     </span>
    </p>
   </div>
   <div class='ocr_carea' id='block_1_4' title="bbox 13 3005 1121 3484">
    <p class='ocr_par' dir='ltr' id='par_1_4' title="bbox 13 3005 1121 3484">
     <span class='ocr_line' id='line_1_26' title="bbox 82 3005 1121 3092; baseline 0 -22"><span class='ocrx_word' id='word_1_183' title='bbox 82 3009 134 3072; x_wconf 81' lang='lat'><strong>51.</strong></span> <span class='ocrx_word' id='word_1_184' title='bbox 168 3007 275 3071; x_wconf 84' lang='lat' dir='ltr'><strong>Varia</strong></span> <span class='ocrx_word' id='word_1_185' title='bbox 299 3005 434 3092; x_wconf 91' lang='lat' dir='ltr'><strong>quidem</strong></span> <span class='ocrx_word' id='word_1_186' title='bbox 459 3007 493 3070; x_wconf 91' lang='lat' dir='ltr'><strong>in</strong></span> <span class='ocrx_word' id='word_1_187' title='bbox 518 3007 650 3091; x_wconf 84' lang='lat' dir='ltr'><strong>negotio</strong></span> <span class='ocrx_word' id='word_1_188' title='bbox 666 3005 930 3091; x_wconf 84' lang='lat' dir='ltr'><strong>Templariornm</strong></span> <span class='ocrx_word' id='word_1_189' title='bbox 955 3027 1021 3070; x_wconf 88' lang='lat' dir='ltr'><strong>non</strong></span> <span class='ocrx_word' id='word_1_190' title='bbox 1044 3017 1121 3072; x_wconf 91' lang='lat' dir='ltr'><strong>suat</strong></span> 
     </span>
     <span class='ocr_line' id='line_1_27' title="bbox 13 3103 1120 3190; baseline 0.005 -26"><span class='ocrx_word' id='word_1_191' title='bbox 13 3107 126 3169; x_wconf 85' lang='lat' dir='ltr'><strong>omnino</strong></span> <span class='ocrx_word' id='word_1_192' title='bbox 158 3103 265 3180; x_wconf 88' lang='lat' dir='ltr'><strong>clara;</strong></span> <span class='ocrx_word' id='word_1_193' title='bbox 305 3104 362 3170; x_wconf 91' lang='lat' dir='ltr'><strong>sed</strong></span> <span class='ocrx_word' id='word_1_194' title='bbox 387 3116 584 3190; x_wconf 84' lang='lat' dir='ltr'><strong>argumenta</strong></span> <span class='ocrx_word' id='word_1_195' title='bbox 607 3105 730 3190; x_wconf 91' lang='lat' dir='ltr'><strong>quibus</strong></span> <span class='ocrx_word' id='word_1_196' title='bbox 752 3104 968 3178; x_wconf 81' lang='lat' dir='ltr'><strong>ostendimus,</strong></span> <span class='ocrx_word' id='word_1_197' title='bbox 1004 3107 1120 3169; x_wconf 89' lang='lat' dir='ltr'><strong>merito</strong></span> 
     </span>
     <span class='ocr_line' id='line_1_28' title="bbox 13 3199 1120 3290; baseline 0.004 -27"><span class='ocrx_word' id='word_1_198' title='bbox 13 3199 154 3268; x_wconf 84' lang='lat' dir='ltr'><strong>Ordinem</strong></span> <span class='ocrx_word' id='word_1_199' title='bbox 170 3203 273 3268; x_wconf 86' lang='lat' dir='ltr'><strong>fuisse</strong></span> <span class='ocrx_word' id='word_1_200' title='bbox 289 3225 514 3289; x_wconf 83' lang='lat' dir='ltr'><strong>suppressum,</strong></span> <span class='ocrx_word' id='word_1_201' title='bbox 539 3205 763 3290; x_wconf 89' lang='lat' dir='ltr'><strong>prompsimus</strong></span> <span class='ocrx_word' id='word_1_202' title='bbox 779 3223 821 3266; x_wconf 88' lang='lat' dir='ltr'><strong>ex</strong></span> <span class='ocrx_word' id='word_1_203' title='bbox 838 3203 880 3266; x_wconf 92' lang='lat' dir='ltr'><strong>iis</strong></span> <span class='ocrx_word' id='word_1_204' title='bbox 896 3223 981 3290; x_wconf 89' lang='lat' dir='ltr'><strong>qnae</strong></span> <span class='ocrx_word' id='word_1_205' title='bbox 999 3203 1120 3267; x_wconf 89' lang='lat' dir='ltr'><strong>validis</strong></span> 
     </span>
     <span class='ocr_line' id='line_1_29' title="bbox 14 3299 1118 3388; baseline 0.006 -29"><span class='ocrx_word' id='word_1_206' title='bbox 14 3299 245 3382; x_wconf 89' lang='lat' dir='ltr'><strong>probationibus</strong></span> <span class='ocrx_word' id='word_1_207' title='bbox 270 3303 433 3383; x_wconf 87' lang='lat' dir='ltr'><strong>nituntur,</strong></span> <span class='ocrx_word' id='word_1_208' title='bbox 467 3323 574 3388; x_wconf 90' lang='lat' dir='ltr'><strong>neque</strong></span> <span class='ocrx_word' id='word_1_209' title='bbox 598 3301 640 3365; x_wconf 95' lang='lat' dir='ltr'><strong>ob</strong></span> <span class='ocrx_word' id='word_1_210' title='bbox 665 3323 704 3364; x_wconf 86' lang='lat' dir='ltr'><strong>ea</strong></span> <span class='ocrx_word' id='word_1_211' title='bbox 728 3321 813 3388; x_wconf 88' lang='lat' dir='ltr'><strong>qnae</strong></span> <span class='ocrx_word' id='word_1_212' title='bbox 837 3299 1030 3366; x_wconf 85' lang='lat' dir='ltr'><strong>obscuriora</strong></span> <span class='ocrx_word' id='word_1_213' title='bbox 1054 3322 1118 3366; x_wconf 91' lang='lat' dir='ltr'><strong>ma·</strong></span> 
     </span>
     <span class='ocr_line' id='line_1_30' title="bbox 14 3397 1120 3484; baseline 0.004 -26"><span class='ocrx_word' id='word_1_214' title='bbox 14 3411 83 3478; x_wconf 82' lang='lat' dir='ltr'><strong>nent,</strong></span> <span class='ocrx_word' id='word_1_215' title='bbox 112 3399 225 3463; x_wconf 89' lang='lat' dir='ltr'><strong>omnia</strong></span> <span class='ocrx_word' id='word_1_216' title='bbox 255 3409 333 3464; x_wconf 90' lang='lat' dir='ltr'><strong>sunt</strong></span> <span class='ocrx_word' id='word_1_217' title='bbox 362 3398 516 3484; x_wconf 85' lang='lat' dir='ltr'><strong>neganda</strong></span> <span class='ocrx_word' id='word_1_218' title='bbox 545 3397 599 3464; x_wconf 82' lang='lat' dir='ltr'><strong>vel</strong></span> <span class='ocrx_word' id='word_1_219' title='bbox 623 3402 657 3464; x_wconf 92' lang='lat' dir='ltr'><strong>in</strong></span> <span class='ocrx_word' id='word_1_220' title='bbox 681 3397 821 3464; x_wconf 91' lang='lat' dir='ltr'><strong>dubium</strong></span> <span class='ocrx_word' id='word_1_221' title='bbox 853 3399 1052 3464; x_wconf 88' lang='lat' dir='ltr'><strong>revocanda.</strong></span> <span class='ocrx_word' id='word_1_222' title='bbox 1076 3435 1120 3448; x_wconf 94' lang='lat'>-</span> 
     </span>
    </p>
   </div>
   <div class='ocr_carea' id='block_1_5' title="bbox 13 3491 1119 3781">
    <p class='ocr_par' dir='ltr' id='par_1_5' title="bbox 13 3491 1119 3781">
     <span class='ocr_line' id='line_1_31' title="bbox 15 3491 1118 3584; baseline 0.005 -28"><span class='ocrx_word' id='word_1_223' title='bbox 15 3491 210 3580; x_wconf 68' lang='lat' dir='ltr'><strong>inpositione</strong></span> <span class='ocrx_word' id='word_1_224' title='bbox 234 3509 348 3562; x_wconf 87' lang='lat' dir='ltr'><strong>nostra</strong></span> <span class='ocrx_word' id='word_1_225' title='bbox 372 3499 692 3584; x_wconf 87' lang='lat' dir='ltr'><strong>praeoccupavimus</strong></span> <span class='ocrx_word' id='word_1_226' title='bbox 713 3519 752 3561; x_wconf 90' lang='lat' dir='ltr'><strong>ea</strong></span> <span class='ocrx_word' id='word_1_227' title='bbox 769 3518 854 3583; x_wconf 88' lang='lat' dir='ltr'><strong>qnae</strong></span> <span class='ocrx_word' id='word_1_228' title='bbox 869 3498 1054 3561; x_wconf 86' lang='lat' dir='ltr'><strong>afferuntur</strong></span> <span class='ocrx_word' id='word_1_229' title='bbox 1075 3496 1118 3563; x_wconf 89' lang='lat' dir='ltr'><strong>ab</strong></span> 
     </span>
     <span class='ocr_line' id='line_1_32' title="bbox 13 3595 1119 3682; baseline 0.007 -30"><span class='ocrx_word' id='word_1_230' title='bbox 13 3596 182 3659; x_wconf 87' lang='lat' dir='ltr'><strong>auctoribus</strong></span> <span class='ocrx_word' id='word_1_231' title='bbox 206 3597 262 3681; x_wconf 92' lang='lat' dir='ltr'><strong>qni</strong></span> <span class='ocrx_word' id='word_1_232' title='bbox 288 3605 433 3679; x_wconf 86' lang='lat' dir='ltr'><strong>censent,</strong></span> <span class='ocrx_word' id='word_1_233' title='bbox 458 3595 665 3682; x_wconf 84' lang='lat' dir='ltr'><strong>Templsrios</strong></span> <span class='ocrx_word' id='word_1_234' title='bbox 688 3617 760 3660; x_wconf 91' lang='lat' dir='ltr'><strong>reos</strong></span> <span class='ocrx_word' id='word_1_235' title='bbox 785 3616 850 3658; x_wconf 91' lang='lat' dir='ltr'><strong>non</strong></span> <span class='ocrx_word' id='word_1_236' title='bbox 868 3595 969 3660; x_wconf 88' lang='lat' dir='ltr'><strong>fnisse</strong></span> <span class='ocrx_word' id='word_1_237' title='bbox 993 3617 1119 3660; x_wconf 90' lang='lat' dir='ltr'><strong>eornm-</strong></span> 
     </span>
     <span class='ocr_line' id='line_1_33' title="bbox 13 3691 1118 3781; baseline 0.005 -28"><span class='ocrx_word' id='word_1_238' title='bbox 13 3709 61 3774; x_wconf 89' lang='lat' dir='ltr'><strong>qne</strong></span> <span class='ocrx_word' id='word_1_239' title='bbox 82 3696 346 3780; x_wconf 89' lang='lat' dir='ltr'><strong>suppressionem</strong></span> <span class='ocrx_word' id='word_1_240' title='bbox 372 3695 526 3780; x_wconf 84' lang='lat' dir='ltr'><strong>ignaviae</strong></span> <span class='ocrx_word' id='word_1_241' title='bbox 544 3691 725 3760; x_wconf 87' lang='lat' dir='ltr'><strong>Clementis</strong></span> <span class='ocrx_word' id='word_1_242' title='bbox 739 3703 770 3758; x_wconf 88' lang='lat' dir='ltr'><strong>et</strong></span> <span class='ocrx_word' id='word_1_243' title='bbox 785 3694 953 3780; x_wconf 87' lang='lat' dir='ltr'><strong>iniquitati</strong></span> <span class='ocrx_word' id='word_1_244' title='bbox 970 3693 1118 3781; x_wconf 90' lang='lat' dir='ltr'><strong>Philippi</strong></span> 
     </span>
    </p>
   </div>
   <div class='ocr_carea' id='block_1_6' title="bbox 14 3867 204 3884">
    <p class='ocr_par' dir='ltr' id='par_1_6' title="bbox 14 3867 204 3884">
     <span class='ocr_line' id='line_1_34' title="bbox 14 3867 204 3884; baseline 0 0"><span class='ocrx_word' id='word_1_245' title='bbox 14 3867 204 3884; x_wconf 40' lang='lat' dir='ltr'><strong>*Q—</strong></span> 
     </span>
    </p>
   </div>
   <div class='ocr_carea' id='block_1_7' title="bbox 15 3977 1120 4301">
    <p class='ocr_par' dir='ltr' id='par_1_7' title="bbox 15 3977 1120 4301">
     <span class='ocr_line' id='line_1_35' title="bbox 70 3977 1118 4046; baseline -0.007 -8"><span class='ocrx_word' id='word_1_246' title='bbox 70 3977 88 4038; x_wconf 72' lang='lat' dir='ltr'><strong>‘l</strong></span> <span class='ocrx_word' id='word_1_247' title='bbox 106 3978 137 4032; x_wconf 90' lang='lat' dir='ltr'><strong>ld</strong></span> <span class='ocrx_word' id='word_1_248' title='bbox 156 3985 248 4034; x_wconf 66' lang='lat' dir='ltr'><strong>umen</strong></span> <span class='ocrx_word' id='word_1_249' title='bbox 268 3977 340 4034; x_wconf 85' lang='lat' dir='ltr'><strong>baad</strong></span> <span class='ocrx_word' id='word_1_250' title='bbox 360 3977 511 4035; x_wconf 78' lang='lat' dir='ltr'><strong>advertisse</strong></span> <span class='ocrx_word' id='word_1_251' title='bbox 530 3978 639 4034; x_wconf 88' lang='lat' dir='ltr'><strong>videtur</strong></span> <span class='ocrx_word' id='word_1_252' title='bbox 658 3979 699 4035; x_wconf 94' lang='lat' dir='ltr'><strong>lll.</strong></span> <span class='ocrx_word' id='word_1_253' title='bbox 719 3977 822 4042; x_wconf 77' lang='lat' dir='ltr'><strong>Hassis,</strong></span> <span class='ocrx_word' id='word_1_254' title='bbox 848 3979 894 4046; x_wconf 85' lang='lat' dir='ltr'><strong>qui</strong></span> <span class='ocrx_word' id='word_1_255' title='bbox 919 3978 991 4036; x_wconf 90' lang='lat' dir='ltr'><strong>bunc</strong></span> <span class='ocrx_word' id='word_1_256' title='bbox 1008 3993 1118 4033; x_wconf 79' lang='lat' dir='ltr'><strong>consen</strong></span> 
     </span>
     <span class='ocr_line' id='line_1_36' title="bbox 15 4059 1118 4116; baseline 0.006 -8"><span class='ocrx_word' id='word_1_257' title='bbox 15 4067 57 4108; x_wconf 84' lang='lat' dir='ltr'><strong>uu</strong></span> <span class='ocrx_word' id='word_1_258' title='bbox 72 4073 121 4113; x_wconf 85' lang='lat' dir='ltr'><strong>non</strong></span> <span class='ocrx_word' id='word_1_259' title='bbox 139 4067 337 4116; x_wconf 86' lang='lat' dir='ltr'><strong>commemorat</strong></span> <span class='ocrx_word' id='word_1_260' title='bbox 363 4059 396 4114; x_wconf 92' lang='lat' dir='ltr'><strong>In</strong></span> <span class='ocrx_word' id='word_1_261' title='bbox 409 4059 533 4115; x_wconf 78' lang='lat' dir='ltr'><strong>versiam</strong></span> <span class='ocrx_word' id='word_1_262' title='bbox 543 4060 615 4115; x_wconf 88' lang='lat' dir='ltr'><strong>enim</strong></span> <span class='ocrx_word' id='word_1_263' title='bbox 622 4059 784 4115; x_wconf 80' lang='lat' dir='ltr'><strong>Germanica</strong></span> <span class='ocrx_word' id='word_1_264' title='bbox 792 4059 889 4114; x_wconf 85' lang='lat' dir='ltr'><strong>Bullse</strong></span> <span class='ocrx_word' id='word_1_265' title='bbox 903 4060 962 4114; x_wconf 76' lang='lat' dir='ltr'><strong>Vox</strong></span> <span class='ocrx_word' id='word_1_266' title='bbox 972 4062 1002 4114; x_wconf 81' lang='lat' dir='ltr'><strong>ia</strong></span> <span class='ocrx_word' id='word_1_267' title='bbox 1012 4063 1118 4116; x_wconf 67' lang='lat' dir='ltr'><strong>camiso</strong></span> 
     </span>
     <span class='ocr_line' id='line_1_37' title="bbox 23 4131 1120 4209; baseline 0.005 -19"><span class='ocrx_word' id='word_1_268' title='bbox 23 4131 121 4208; x_wconf 81' lang='lat' dir='ltr'><strong>ltbing.</strong></span> <span class='ocrx_word' id='word_1_269' title='bbox 134 4139 320 4207; x_wconf 75' lang='lat' dir='ltr'><strong>Quartalschr.</strong></span> <span class='ocrx_word' id='word_1_270' title='bbox 337 4140 413 4196; x_wconf 85' lang='grc'>1866.</span> <span class='ocrx_word' id='word_1_271' title='bbox 433 4141 467 4206; x_wconf 82' lang='lat' dir='ltr'><strong>l.)</strong></span> <span class='ocrx_word' id='word_1_272' title='bbox 486 4141 570 4196; x_wconf 87' lang='lat' dir='ltr'><strong>verbs</strong></span> <span class='ocrx_word' id='word_1_273' title='bbox 588 4141 714 4209; x_wconf 87' lang='lat' dir='ltr'><strong>superius</strong></span> <span class='ocrx_word' id='word_1_274' title='bbox 733 4141 823 4196; x_wconf 81' lang='lat' dir='ltr'><strong>relata</strong></span> <span class='ocrx_word' id='word_1_275' title='bbox 840 4140 939 4196; x_wconf 81' lang='lat' dir='ltr'><strong>omissa</strong></span> <span class='ocrx_word' id='word_1_276' title='bbox 957 4146 1029 4204; x_wconf 87' lang='lat' dir='ltr'><strong>sunt,</strong></span> <span class='ocrx_word' id='word_1_277' title='bbox 1049 4140 1120 4196; x_wconf 87' lang='lat' dir='ltr'><strong>tbrte</strong></span> 
     </span>
     <span class='ocr_line' id='line_1_38' title="bbox 16 4217 878 4301; baseline -0.002 -23"><span class='ocrx_word' id='word_1_278' title='bbox 16 4217 68 4278; x_wconf 68' lang='lat' dir='ltr'><strong>luel</strong></span> <span class='ocrx_word' id='word_1_279' title='bbox 84 4219 246 4276; x_wconf 78' lang='lat' dir='ltr'><strong>haberentur</strong></span> <span class='ocrx_word' id='word_1_280' title='bbox 263 4229 297 4276; x_wconf 90' lang='lat' dir='ltr'><strong>ut</strong></span> <span class='ocrx_word' id='word_1_281' title='bbox 315 4221 444 4290; x_wconf 88' lang='lat' dir='ltr'><strong>repetitio</strong></span> <span class='ocrx_word' id='word_1_282' title='bbox 463 4223 594 4301; x_wconf 83' lang='lat' dir='ltr'><strong>quaedam</strong></span> <span class='ocrx_word' id='word_1_283' title='bbox 613 4229 706 4276; x_wconf 85' lang='lat' dir='ltr'><strong>textus</strong></span> <span class='ocrx_word' id='word_1_284' title='bbox 724 4220 878 4277; x_wconf 88' lang='lat' dir='ltr'><strong>anterioris.</strong></span> 
     </span>
    </p>
   </div>
   <div class='ocr_carea' id='block_1_8' title="bbox 0 0 1430 4834">
    <p class='ocr_par' dir='ltr' id='par_1_8' title="bbox 0 0 1430 4834">
     <span class='ocr_line' id='line_1_39' title="bbox 0 0 1430 4834; baseline 0 0"><span class='ocrx_word' id='word_1_285' title='bbox 0 0 1430 4834; x_wconf 95' lang='lat' dir='ltr'><strong> </strong></span> 
     </span>
    </p>
   </div>
  </div>
 </body>
</html>
