3000 4838
410 480 450 535 De
468 480 612 536 donatione
631 479 814 536 Constantini.
1152 476 1188 530 26

159 624 209 688 30.
255 623 471 688 Conveniunt
494 623 567 708 jam
600 645 723 700 omnes,
755 624 991 688 documentum
1024 619 1087 685 hoe
1114 641 1188 704 spu·

84 725 158 784 rium
186 743 263 788 esse.
312 722 527 806 Argumentis
558 723 696 786 internis
727 734 761 786 et
784 722 930 786 externis
962 718 998 784 id
1022 727 1110 783 certo
1135 717 1188 781 de-

85 829 276 900 monstratur,
300 841 364 884 neo
388 841 427 883 ea
452 819 492 883 tle
514 841 550 883 re
573 819 630 884 hic
653 819 758 885 fusius
781 841 927 904 agemus.
952 854 994 864 -
1018 817 1187 902 Antiquis-

13 929 14 938 ’
82 918 189 980 simum
209 925 473 998 monumentum,
499 919 532 982 in
548 940 612 1004 quo
628 919 759 982 donatio
778 917 979 984 Constantini
990 917 1186 994 continetur,
1202 921 1358 962 noeumane.

83 1012 183 1078 Codex
205 1025 255 1079 est
277 1018 524 1101 manuscriptus
547 1017 603 1102 qui
628 1038 718 1080 nunc
742 1019 777 1080 in
800 1014 1004 1080 bibliotheca
1027 1013 1187 1078 nationali

83 1113 243 1178 Parisiensi
268 1123 468 1178 asservatur.
516 1113 589 1178 Hoc
620 1113 809 1200 diplomatis
834 1112 1006 1198 exemplar
1029 1114 1187 1198 scriptum

81 1231 141 1274 esse
162 1210 291 1276 mecnlo
316 1233 414 1292 nono,
439 1233 479 1275 ao
493 1215 637 1276 maxima
661 1233 738 1276 cum
753 1211 987 1296 probabilitate
1011 1233 1053 1274 ex
1068 1234 1093 1276 s.
1110 1211 1188 1276 Dio

82 1309 157 1390 nysii
171 1307 293 1373 celebri
307 1310 504 1374 monasterio
521 1332 592 1375 ease
605 1310 847 1396 depromptum,
863 1318 1018 1373 accurato
1034 1312 1188 1374 examine

81 1405 214 1472 instituto
238 1427 357 1471 recens
380 1416 496 1471 auctor
518 1407 557 1474 cl.
584 1407 627 1473 H.
652 1405 796 1472 Grauert
823 1406 976 1472 ostendit.
984 1405 1009 1493 ¹)
1055 1408 1188 1473 Inveni-

80 1511 125 1566 tur
137 1525 228 1589 porro
242 1503 403 1590 Diploma
418 1505 453 1570 in
468 1505 619 1590 pluribus
633 1505 806 1570 codicibus
821 1504 1032 1570 Collectionis
1044 1505 1188 1571 Pseudo·

78 1599 280 1667 [sidoniense.
328 1602 513 1668 Advertere
543 1613 655 1668 tamen
678 1604 787 1688 juvat,
819 1605 928 1668 varios
952 1624 1023 1668 esse
1049 1602 1189 1672 Codices

78 1701 127 1782 qui
148 1701 320 1763 continent
342 1709 472 1764 tantum
495 1701 637 1786 primam
660 1709 789 1788 partem
811 1700 1022 1766 Collectionis
1045 1701 1189 1767 Pseudo·

79 1793 193 1878 Isidori,
218 1796 380 1862 videlicet
398 1798 590 1863 Decreteles
614 1798 771 1888 (spurias)
795 1800 993 1865 Pontificum
1019 1823 1121 1886 usque
1145 1800 1189 1865 ad

78 1893 260 1976 Damasum,
297 1905 397 1982 atque
428 1898 462 1960 in
494 1896 585 1961 hisce
610 1895 791 1962 (lodicibus
821 1896 937 1962 haberi
969 1898 1103 1984 quidem
1128 1897 1188 1964 Sil-

13 1999 14 2016 *
77 1995 165 2056 vestri
188 1991 368 2076 legendam
392 2004 425 2058 et
448 1993 657 2059 Constantini
682 1996 922 2061 confessionem
947 2018 1031 2082 quae
1056 1995 1188 2078 dicitur,

77 2087 153 2154 baud
177 2113 258 2156 vero
283 2091 495 2176 Imperatoris
518 2092 729 2159 donationem.

151 2199 204 2264 31.
241 2198 448 2262 Mentionem
472 2197 549 2262 dein
567 2199 750 2264 donationis
767 2197 975 2264 Constantini
1000 2203 1190 2267 invenimus

82 2295 156 2378 apud
180 2296 313 2381 aliquos
336 2307 488 2360 auctores
502 2297 649 2362 Francos
665 2297 788 2362 saeculi
813 2299 902 2381 noni,
928 2299 1085 2364 videlicet
1099 2301 1189 2387 apud

85 2391 215 2459 ‚laneam
242 2397 435 2480 episcopum
460 2394 680 2458 Parisiensem
704 2395 747 2480 (a.
766 2395 966 2477 857-870),
991 2399 1106 2482 quiin
1131 2422 1189 2464 suo

82 2489 224 2558 Tractetu
262 2491 423 2556 adversus
447 2492 595 2556 Graecos
625 2494 714 2556 circa
742 2515 771 2556 a.
797 2493 861 2557 869
894 2494 983 2558 edito
1007 2517 1081 2560 eam
1105 2518 1189 2562 com·

80 2588 272 2672 memorat,¹)
306 2590 397 2675 apud
421 2589 573 2654 Adonem
599 2590 821 2655 Viennensem
858 2595 900 2674 (a.
927 2592 1118 2676 859-874)
1154 2597 1188 2660 iu

77 2685 138 2768 ojus
160 2686 372 2770 Chronico,³)
401 2699 433 2752 et
457 2688 546 2773 apud
570 2689 791 2752 Hiuomarum
818 2688 1077 2772 Rbemcnsem.⁴)
1115 2691 1190 2757 Sae-

78 2783 141 2848 culo
172 2787 354 2850 undecimo
387 2808 412 2850 s.
437 2785 505 2849 Leo
533 2786 585 2851 IX
615 2807 682 2850 non
711 2808 819 2871 panca
852 2809 894 2850 ex
924 2787 987 2852 hae
1018 2790 1190 2856 densatione

78 2883 162 2948 affert
184 2885 218 2948 in
245 2882 386 2969 epistola
410 2907 440 2947 a.
467 2883 552 2948 1053
577 2883 655 2948 data
678 2883 719 2947 ad
745 2882 942 2950 Michaclem
961 2885 1189 2953 Caerularium

79 2981 292 3062 patriarcham
312 2981 490 3068 Cptanum,
515 2983 561 3046 ita
580 2991 617 3045 ut
640 2991 800 3067 appareat
824 2985 932 3068 ipsum
955 2983 1019 3048 hoc
1044 2984 1191 3072 diploma

77 3080 200 3143 omnino
225 3082 412 3164 genuinum
436 3078 602 3145 habuisse.
643 3081 770 3145 Eodem
794 3080 926 3146 sacculo
951 3105 976 3147 s.
993 3082 1110 3148 Petrus
1124 3084 1190 3148 Da-

78 3175 169 3240 miani
201 3177 352 3263 diploma
384 3179 571 3242 donationis
602 3177 755 3242 laudavit
789 3179 823 3242 in
848 3180 1007 3265 opusculo
1031 3181 1119 3268 quod
1144 3183 1189 3246 in·

77 3274 239 3339 scribitur:
280 3277 481 3364 Disceptatio
520 3275 684 3362 sysnodalis
722 3279 807 3341 inter
840 3280 922 3363 repis
951 3279 1138 3343 advocatum
1162 3290 1192 3343 et

77 3433 282 3446 ⁸*-

144 3543 164 3610 ¹)
182 3541 240 3596 Cir.
260 3543 379 3596 Grauert
397 3541 414 3596 l.
434 3559 456 3596 e.
475 3541 498 3598 Ι.
536 3542 626 3596 Codex
643 3541 687 3596 hic
705 3542 856 3612 insignitur
873 3558 900 3598 n.
920 3542 998 3610 2777,
1027 3551 1110 3598 antee
1128 3560 1192 3599 vere

77 3633 150 3684 qvam
167 3631 241 3676 esset
260 3622 290 3676 in
308 3621 472 3677 Collectione
491 3621 647 3676 Colbertina
673 3638 700 3676 n.
720 3623 800 3678 5034.
827 3653 860 3662 -
889 3623 1059 3678 Censueruut
1084 3623 1192 3691 quidem

78 3701 139 3754 rarii
158 3711 291 3768 meteres
311 3701 528 3768 antiquissimum
547 3701 684 3770 exemplar
702 3701 857 3770 diplomatis
876 3703 969 3757 haberi
989 3704 1017 3756 in
1032 3704 1126 3758 Codice
1145 3705 1192 3769 qui

78 3778 169 3836 dicitur
186 3781 361 3836 Colbertinus
378 3783 450 3838 3368
473 3780 606 3852 tbiblioth.
626 3781 728 3836 astion.
749 3782 811 3836 Cod.
835 3785 927 3854 1455);
956 3784 1002 3838 sed
1021 3784 1052 3838 ol.
1073 3783 1192 3838 Grauert

79 3861 199 3926 ostendit,
220 3860 290 3916 hunc
301 3861 424 3916 Codicem
443 3862 549 3916 saeculo
569 3862 671 3918 decimo
689 3861 893 3917 attribuendum
911 3879 977 3918 esse.

142 3941 328 4010 ”l‘l'ractotus
346 3943 405 3997 adv.
428 3941 544 3998 Graecos
563 3959 584 3997 e.
604 3944 665 4000 209.
695 3943 792 3996 Addit:
813 3943 913 4011 ,Cujus
932 3943 1086 3997 donationis
1105 3957 1192 3997 exem·

79 4019 190 4083 plaribus
209 4021 381 4077 eeoloeiarnm
399 4023 428 4077 in
446 4021 538 4078 Gallis
555 4023 732 4078 existentium
756 4023 874 4076 armaria
897 4038 931 4076 ex
956 4023 1064 4092 integro
1083 4023 1192 4091 potiun-

80 4103 143 4152 ιη’·
178 4101 211 4155 V.
231 4103 325 4171 iligna
343 4103 373 4156 P.
394 4103 425 4158 L.
443 4103 475 4159 Τ.
495 4101 592 4157 CXXI.
611 4118 638 4171 p.
657 4102 718 4158 758.

143 4183 163 4245 ἢ
181 4181 282 4239 Adonis
301 4183 460 4250 chronicon,
479 4183 563 4237 Aetas
582 4183 631 4240 VI.
649 4183 684 4238 V.
703 4183 785 4236 Perta
803 4183 839 4237 il.
860 4181 892 4238 G.
911 4181 966 4236 Ser.
985 4181 1021 4236 II.
1041 4182 1101 4238 315.
1168 4237 1174 4246 ,

144 4264 165 4330 ⁴)
184 4265 225 4319 De
242 4265 335 4322 ordine
353 4262 451 4334 palatii
470 4279 492 4319 c.
514 4263 561 4331 13;
580 4263 621 4319 ed.
641 4263 772 4319 sirmond.
792 4263 823 4318 T.
843 4262 880 4317 Il.
899 4279 924 4330 p.
944 4262 1005 4317 206.
