2916 4842
405 472 583 528 Dissidiornm
600 473 689 528 initia
1085 474 1135 529 109

44 639 97 680 sero
118 617 192 682 tulit
216 616 407 682 Fridericus
429 616 642 699 Barbarossa,
674 616 764 703 quod
787 616 943 681 Pontifex
967 639 1042 681 cum
1067 616 1136 682 Gu-

42 713 122 778 lielmo
142 735 264 800 pacem
287 716 431 796 iniisset3
462 723 654 799 speraverat
677 716 767 778 enim
790 714 869 797 fore,
898 725 935 779 ut
962 717 1135 780 occasione

40 811 141 876 dissidii
169 814 261 897 regis
289 833 367 876 aum
403 811 566 877 Pontifice
606 811 736 878 efficere
771 821 882 897 posset
911 813 999 898 quod
1023 815 1135 878 animo

39 909 176 992 solvebat,
202 908 362 975 videlicet
385 918 423 974 ut
437 909 570 975 Italiam
595 909 846 975 meridionalem
870 911 933 974 sibi
958 911 1137 997 subjiceret

37 1007 212 1093 erimperio
239 1008 406 1094 jungeret.
442 1008 599 1096 ansque
632 1018 746 1095 postea
773 1010 942 1095 processit,
968 1018 1004 1072 ut
1025 1010 1136 1075 Ponti·

36 1105 110 1168 tieem
131 1104 341 1170 insimularet
363 1106 506 1171 violatae
530 1104 770 1172 Consentionis
793 1128 870 1170 cum
886 1106 1037 1192 Eugenio
1061 1128 1135 1172 con·

34 1201 132 1268 clusae.
160 1201 231 1268 Sed
255 1203 354 1290 plane
378 1205 553 1270 immerito.
588 1203 627 1269 In
653 1205 769 1270 eadem
795 1202 1023 1274 Conventione
1046 1206 1136 1270 enim

33 1312 168 1365 mtutnm
192 1301 331 1388 quidem
355 1311 434 1385 erat,
459 1325 501 1367 ne
516 1304 701 1389 Imperator
716 1304 822 1367 invito
839 1303 1000 1368 Pontifice
1019 1302 1136 1368 foedus

33 1419 92 1462 rum
112 1400 248 1466 Siciliae
280 1423 356 1485 rege
388 1402 496 1482 iniret,
528 1401 701 1466 Pontificis
732 1423 809 1465 vero
844 1411 943 1487 pacta
975 1423 1051 1466 cam
1079 1399 1135 1467 illo

33 1499 128 1582 lipsius
160 1498 306 1580 vasallo)
344 1497 533 1564 nullatenus
572 1508 666 1564 crant
703 1499 891 1584 interdicta.
942 1497 1155 1566 Generatim,

33 1597 243 1662 tantummodo
268 1596 504 1662 statuebaturr
527 1600 642 1682 Reqem
665 1597 817 1685 Pontefeae
839 1599 1065 1686 Imperatorem
1088 1621 1135 1661 co-

34 1695 145 1775 ronabit,
169 1707 203 1760 et
220 1695 265 1760 ad
280 1695 544 1760 manutenendam
567 1707 659 1782 atque
682 1695 860 1782 aagendam
884 1696 1136 1762 acdilatandnm

32 1789 154 1857 bearem
176 1794 272 1880 repns'
287 1817 351 1879 pro
376 1793 481 1857 debito
498 1793 598 1880 officii
620 1796 671 1858 sai
686 1793 824 1885 juvabit.
848 1832 893 1842 -
915 1794 1022 1859 Erant
1044 1818 1135 1881 prae·

32 1904 99 1953 terea
120 1893 212 1955 inter
234 1889 369 1974 aulicos,
401 1893 458 1978 qui
491 1893 604 1977 pravis
633 1891 900 1976 suggestionibus
922 1893 1136 1977 Imperatoris

32 1987 190 2072 superbum
217 1998 250 2052 ct
273 1988 468 2055 dominandi
492 1990 653 2076 cupidum
675 1993 825 2055 animum
849 1989 1074 2073 stimulabant,
1103 2002 1136 2056 et

32 2085 83 2166 ejus
104 2089 136 2150 iu
152 2087 342 2152 Ecclesiam
367 2097 400 2152 et
422 2086 619 2153 Pontificem
642 2091 864 2154 reverentiam
889 2089 994 2173 magis
1018 2090 1135 2174 magis·

34 2203 78 2264 que
104 2184 377 2270 exstinguebant.
429 2187 521 2251 Inter
553 2209 635 2274 quos
671 2188 822 2273 primarii
865 2186 1022 2252 censendi
1059 2196 1137 2252 sant
1208 2253 1213 2265 .

34 2277 195 2348 Bsinaldus
221 2283 263 2347 de
286 2283 405 2348 Dassel
428 2283 646 2350 cancellarius
669 2285 713 2372 (a.
732 2285 843 2367 1156),
867 2295 900 2350 et
923 2283 1000 2350 Otto
1025 2305 1135 2350 comes

34 2377 186 2462 palatinus.
944 2399 946 2402 '

100 2525 151 2590 10.
199 2524 357 2590 Pontifex
390 2526 510 2588 certior
541 2525 649 2589 factus
679 2535 729 2590 est
756 2526 797 2590 de
827 2526 938 2589 animo
971 2525 1058 2609 regis
1088 2525 1135 2588 in·
1156 2537 1287 2580 sermea

28 2619 101 2686 fesso
128 2647 171 2688 ac
205 2623 247 2688 de
280 2623 351 2708 ejus
383 2621 581 2688 consiliariis
613 2620 786 2708 malignis3
825 2645 973 2687 rumores
1003 2644 1134 2709 quoque
1166 2600 1279 2642 mm

32 2717 112 2805 'falso
136 2724 244 2808 sparsi
270 2729 357 2805 sunt,
381 2720 470 2807 quod
493 2721 685 2786 Fridericus
709 2743 784 2786 cum
805 2719 943 2786 Graecis
965 2742 1000 2784 sc
1018 2720 1136 2806 junge·

27 2832 73 2898 ret,
95 2817 198 2905 bique
223 2821 253 2883 ei
277 2829 406 2905 partem
430 2819 548 2883 Italiae
581 2819 806 2884 meridionalis
837 2818 1000 2883 cederent.
1040 2818 1135 2882 Prae-

27 2927 100 2978 terea
131 2939 214 2980 vero
239 2915 304 2982 illis
338 2916 456 2981 diebus
480 2919 515 2980 in
538 2916 662 2982 finibus
685 2919 821 3003 Imperii
852 2916 975 2982 accidit
996 2917 1135 2996 facinus,

28 3012 100 3094 quod
123 3013 329 3098 Fridericus,
363 3014 509 3080 officium
534 3015 689 3080 advocati
712 3015 882 3080 Ecclesiae
916 3014 1013 3100 plane
1036 3015 1137 3100 negli-

29 3131 102 3192 gens,
135 3111 283 3176 inultum
308 3113 442 3180 dimisit.
490 3113 650 3198 Eskyllus
681 3112 847 3195 videlicet,
880 3113 1067 3178 Lundensis
1102 3116 1138 3178 in

30 3205 123 3274 banis
146 3209 421 3297 archiepiscopus
445 3214 534 3276 etin
559 3211 614 3276 illo
638 3234 740 3297 regno
763 3209 891 3297 legatus
916 3211 1137 3297 Apostolicus,

32 3303 118 3370 Roma
140 3307 277 3373 rediens
308 3321 338 3373 et
355 3332 416 3396 per
438 3310 659 3396 Barqundiam
688 3310 897 3398 repatriando
925 3312 985 3373 iter
1006 3310 1138 3396 faciens

31 3429 43 3463 ἰ
63 3407 248 3490 pinacem
270 3419 382 3494 captes
400 3408 483 3494 ficit,
517 3407 667 3494 rebusque
690 3407 832 3472 omnibns
856 3409 1033 3472 denudatas
1057 3407 1139 3472 lncri

29 3507 118 3584 qaia
141 3507 180 3568 ia
196 3507 370 3571 crestods'am
391 3509 514 3588 missas,
539 3507 758 3572 dissimulante
780 3505 830 3570 cel
843 3506 933 3592 forte
957 3507 1138 3570 connivente

31 3601 210 3686 Imperatore
232 3606 515 3690 querimoniamque
533 3627 596 3691 pro
620 3606 676 3668 lsac
699 3629 733 3669 re
753 3605 1013 3692 parvipendente.
1021 3602 1045 3690 ¹)
1085 3603 1138 3667 Ex

32 3695 108 3764 bisce
139 3701 281 3788 aliisque
305 3703 414 3766 causis
437 3711 553 3767 mutua
576 3704 662 3767 inter
684 3702 880 3768 Pontificem
905 3713 937 3765 et
961 3703 1138 3793 Imperato-

33 3819 87 3859 rem
117 3801 296 3865 concordia
327 3810 360 3865 et
390 3801 538 3864 amicitia
555 3800 627 3886 jam
652 3801 757 3885 magis
781 3802 953 3885 magisque
977 3799 1138 3884 periclita-

31 3889 147 3960 bantur.

35 4065 231 4078 —..--—-—-

98 4171 116 4241 ¹)
143 4171 180 4228 V.
200 4171 262 4228 Otto
280 4174 472 4230 Seublasisnus
496 4191 538 4244 ap.
559 4173 721 4241 Wstterich.
748 4174 783 4230 IL
808 4174 862 4228 360
885 4177 950 4228 nota
971 4175 999 4240 1;
1031 4175 1059 4225 et
1078 4169 1140 4224 Ale-

41 4251 123 4307 ¹²1¹lri
140 4253 187 4308 ΠΙ
206 4269 244 4322 ep.
263 4256 296 4310 sd
313 4256 458 4312 Amulium
477 4255 679 4321 Lexovienscm
697 4254 860 4320 Watterich‚
879 4253 916 4308 Π.
934 4254 996 4308 490.
