2822 4838
141 861 303 904 Elcottonova.

311 474 365 527 272
578 477 678 531 XXVI.
698 477 738 532 De
756 475 921 532 Pontificatn
940 477 1097 532 Innocentii
1116 475 1169 533 m.

312 639 411 702 quam
444 618 484 683 de
509 620 659 684 nullitate
689 622 808 706 prioris
840 622 1003 686 sententia
1034 619 1207 685 definitiva
1231 619 1324 686 Sedis
1345 620 1404 704 Apu

312 715 446 781 stolicae
470 717 536 782 lata
560 730 653 784 esset.
1226 743 1228 748 ’
1403 713 1404 772 l

403 851 456 916 57.
504 851 594 916 Hinc
621 853 692 938 jam
727 874 849 918 novam
881 852 1075 916 electionem
1100 851 1338 938 archiepiscopi
1361 829 1404 924 lici

313 952 536 1014 necessarium
561 961 639 1031 erat,
665 973 834 1037 quumque
850 950 949 1036 legati
967 950 1204 1014 monachorum
1222 948 1404 1014 cantuarien

313 1047 397 1110 sium
423 1049 522 1112 etiam
547 1049 589 1112 ad
613 1048 676 1113 hoc
700 1071 719 1112 a
743 1048 903 1113 fratribus
927 1049 1077 1134 deputati
1104 1057 1222 1128 essent,
1247 1047 1366 1111 Rornae
1386 1033 1404 1112 dl

312 1145 428 1209 eadem
461 1145 620 1210 electione
654 1157 766 1211 actum
795 1157 854 1212 est.
900 1147 1048 1211 ioannes
1072 1167 1203 1232 quoque
1231 1168 1302 1230 rex,
1333 1119 1404 1230 quui

311 1245 548 1328 praesensisset
571 1246 618 1309 rei
643 1246 780 1327 exitum,
806 1244 979 1309 monacbis
996 1245 1132 1308 Romam
1160 1243 1325 1329 deputatis
1348 1227 1404 1328 poti

312 1350 428 1404 statem
453 1342 585 1424 fecerat,
621 1353 658 1406 ut
681 1343 728 1406 ibi
753 1365 875 1408 novam
905 1343 1098 1407 electionem
1128 1344 1346 1421 instituerent,
1374 1347 1404 1412 sel

311 1441 563 1523 promissionem
588 1440 630 1504 ab
655 1443 695 1504 iis
719 1451 883 1527 exegerat,
908 1449 1034 1505 utnon
1058 1439 1160 1503 alium
1185 1441 1249 1503 nisi
1271 1415 1404 1505 Joannel

312 1535 557 1602 Norwicensem
583 1537 751 1622 eligerent.
783 1541 823 1604 In
848 1537 986 1625 epistola
1011 1549 1121 1602 autem
1146 1537 1188 1602 ad
1204 1525 1404 1602 Innocentini

312 1634 457 1718 generali
483 1637 579 1700 modo
605 1636 787 1718 insistebat,
813 1647 849 1700 ut
873 1639 959 1722 regis
980 1636 1057 1722 jura
1082 1635 1194 1699 illaesa
1215 1645 1399 1699 servarentu

311 1733 527 1812 Deatiuamua,
566 1735 690 1816 scribit,
729 1736 773 1798 ad
799 1735 901 1820 pedes
942 1733 1131 1798 Sanctitutia
1166 1745 1289 1798 restrae
1323 1731 1397 1796 lator

307 1834 534 1918 maerentium,
558 1843 715 1917 ropautea,
746 1843 899 1918 qautenus
924 1833 1094 1917 otiositates
1116 1842 1254 1910 uostraa,
1281 1855 1393 1918 praru

313 1939 342 1993 ct
360 1941 473 2016 patros
496 1933 599 1994 austri
621 1930 785 1995 habuimus
820 1954 914 2017 super
933 1929 1173 2016 provisionibus
1204 1940 1268 1992 tam
1292 1929 1393 1992 ecclesi

316 2026 556 2093 Cautuariaaais
578 2053 671 2115 quarn
684 2029 822 2092 aliarum
845 2027 1071 2092 cathedralium
1096 2027 1226 2106 sodium,
1242 2003 1404 2114 integrati

311 2125 446 2190 illaesus
476 2149 658 2190 coareruare
685 2127 800 2206 velitis,
832 2137 861 2190 et
892 2126 1038 2190 ecclcsiae
1062 2125 1260 2212 Applicoaae
1293 2136 1323 2188 et
1344 2097 1404 2210 rapi

311 2225 347 2288 ia
370 2235 455 2288 arcto
475 2226 593 2310 positia
610 2237 752 2312 paterna
770 2226 955 2312 provisione
974 2223 1153 2311 providere.
1162 2221 1186 2309 ¹)

402 2375 456 2440 58.
495 2375 541 2439 At
564 2398 642 2440 vero
667 2377 882 2443 Innocentius
904 2375 957 2440 lll
980 2377 1178 2458 gravissima
1201 2374 1350 2439 habebat
1371 2381 1404 2448 ml

313 2474 393 2555 tiva,
419 2497 478 2538 cur
500 2474 665 2539 Joannem
683 2473 775 2558 Gray
799 2477 833 2538 in
858 2473 1145 2559 archiepiscopum
1163 2465 1404 2550 Cantuariensel

313 2571 415 2636 nollet
445 2575 559 2638 creari.
606 2573 688 2637 Erat
718 2575 806 2637 enim
836 2575 897 2636 istc
921 2573 1098 2656 primarius
1122 2573 1284 2654 minister,
1316 2592 1377 2656 quo

314 2670 586 2733 administrandis
609 2673 656 2734 rei
681 2669 835 2756 publicae
859 2671 1001 2754 negotiis
1030 2692 1090 2734 rex
1121 2669 1287 2752 utebatur,
1315 2669 1402 2753 judio

315 2767 423 2832 officio
455 2768 666 2852 fungebatur,
705 2776 737 2831 et
770 2769 816 2830 ita
840 2769 982 2851 negotiis
1007 2766 1162 2831 civilibus
1202 2776 1274 2830 erat
1312 2769 1387 2830 imru

315 2887 379 2946 sus,
412 2875 449 2929 ut
472 2864 514 2929 ad
539 2865 717 2930 dioecesim
741 2865 922 2950 regendam
947 2888 1008 2929 nec
1032 2874 1162 2950 tempus
1194 2866 1223 2928 ei
1255 2886 1399 2950 superes·

314 2983 376 3028 neo
392 2964 489 3027 vires.
528 2963 639 3049 Atque
651 2963 722 3048 jam
739 2963 797 3026 diu
814 2964 875 3026 iste
890 2962 1014 3027 abusus
1038 2963 1072 3026 in
1096 2960 1236 3026 ecclesia
1250 2962 1390 3046 Anglica

316 3061 520 3144 cernebatur,
560 3071 596 3125 ut
635 3061 770 3147 quidam
803 3062 948 3146 episcopi
979 3059 1064 3125 adeo
1096 3061 1236 3144 negotiis
1267 3063 1368 3145 regiis

316 3159 470 3224 civilibus
493 3159 766 3223 administrandis
790 3168 1040 3244 occuparentur,
1075 3168 1112 3221 ut
1139 3158 1302 3222 dioecesis
1327 3181 1400 3222 cura

315 3256 520 3343 spiritualem
550 3256 648 3322 valde
684 3255 898 3341 negligerent.
951 3256 1049 3322 Unde
1081 3257 1180 3320 etiam
1214 3257 1398 3321 Humbertu

316 3353 588 3419 cantuariensem
619 3353 803 3440 praesulem
838 3353 1033 3418 breviante
1058 3353 1252 3419 defunctum
1277 3355 1399 3419 Innoce

315 3455 380 3517 tius
403 3453 544 3517 abusum
569 3452 661 3516 illum
686 3455 926 3537 exstirpaturus
951 3473 988 3516 eo
1013 3451 1209 3534 adduxerat,
1244 3461 1280 3516 ut
1307 3445 1404 3536 nagal

315 3550 450 3638 publica
482 3549 745 3615 administranda
775 3548 984 3636 relinqueret,
1017 3571 1081 3636 quo
1107 3548 1264 3614 ecclesiae
1289 3523 1404 3656 suarii

315 3650 431 3733 gimini
456 3649 641 3712 necessario
673 3670 706 3712 se
737 3656 846 3734 posset
869 3647 1038 3711 efficacius
1062 3647 1238 3712 devovere.
1285 3647 1404 3732 Nonp

315 3757 400 3811 terat
423 3749 524 3832 igitur
546 3745 701 3810 Pontifex
725 3767 783 3831 pro
808 3745 916 3810 officio
941 3765 1000 3818 suo
1025 3745 1262 3809 convenienter
1286 3744 1404 3846 electiop

316 3845 456 3911 Joannis
480 3843 700 3908 Norwicensis
723 3844 845 3908 favere.
884 3843 950 3910 Sed
974 3841 1076 3907 alium
1099 3843 1191 3907 nisus
1216 3852 1264 3906 est
1288 3843 1404 4006 iuven}

316 3945 437 4024 virum,
476 3946 531 4028 qni
568 3943 757 4028 aptissimus
795 3940 953 4006 ecclesiae
994 3939 1226 4007 cantuariensi
1262 3939 1385 4026 regend

317 4041 415 4106 simul
439 4051 523 4105 esset
546 4041 615 4124 regi
640 4049 805 4125 acceptus,
831 4041 857 4104 si
882 4061 1097 4124 personarum
1122 4041 1239 4104 merita
1263 4039 1320 4104 bic
1336 4019 1404 4123 aeqi

392 4262 412 4329 ¹)
431 4263 481 4330 Ap.
501 4260 631 4330 Lingard¹
650 4259 724 4316 Hiet
743 4259 796 4315 vol.
815 4259 852 4315 11.
872 4277 893 4316 e.
912 4261 938 4316 5.
