2832 4844
374 495 434 550 RR.
453 497 615 553 Pontificum
633 499 724 554 series.
1058 501 1112 557 483

1 655 2 664 ¹
28 635 71 696 tica
90 637 304 702 Decretalium
330 637 541 706 Collectione.
596 640 855 707 Constitutiones
883 641 1043 710 videlicet
1072 669 1112 711 ac

26 755 150 818 responsa
166 736 371 802 decessorum
397 761 529 803 suorum
554 763 613 825 per
633 765 658 806 s.
676 741 901 807 Raimundum
926 742 967 806 de
984 742 1112 808 Penna-

24 831 68 894 iert
86 833 276 921 capellanum
305 847 336 900 et
361 840 643 923 poenitentiarium
675 864 764 904 mcum
786 843 821 904 in
843 865 939 905 uuum
969 841 1112 906 volumen

1 930 141 997 ‘cruentis
163 938 337 1024 mperfluis,
365 939 511 1024 prouidit
533 939 721 1024 redipenda,
753 949 786 1001 et
808 961 895 1003 anno
921 942 1008 1005 1234
1040 962 1112 1026 pro-

21 1029 153 1116 mulgavit
181 1033 275 1099 libris
298 1037 445 1122 quinque
469 1059 551 1122 quos
574 1035 758 1101 Decretales
785 1039 962 1124 inscripsit,
994 1039 1111 1124 uolens,

20 1129 247 1196 alluctantem
270 1133 491 1220 compilatione
519 1137 660 1200 uniuersi
682 1147 844 1200 uterentur
871 1139 906 1200 in
921 1137 1058 1226 judiciis
1083 1155 1113 1207 ee

18 1227 39 1287 ir
57 1230 176 1294 sactis.-
204 1233 381 1296 districtius
399 1233 581 1320 prohibens,
612 1258 651 1298 ne
675 1237 745 1319 quis
762 1247 980 1321 praesumeret
1013 1232 1111 1299 aliam

9 1325 97 1408 ‚ierac
119 1329 231 1416 absque
255 1334 444 1396 auctoritate
477 1331 839 1420 SedteApouoticae.¹)
885 1332 1040 1417 Elegium
1065 1335 1112 1396 in·

13 1423 85 1505 tigne
122 1425 274 1511 Gregorii
304 1428 355 1493 IX
386 1431 421 1493 in
451 1432 647 1516 perantiquo
679 1431 792 1495 codice
823 1431 987 1495 Vaticano
1020 1430 1111 1495 hisce

13 1523 102 1588 verbis
123 1526 280 1590 habetur:
304 1529 520 1593 Innocentium
528 1553 654 1616 papam
668 1531 725 1593 ΙΙΙ
742 1531 1028 1616 consanpuinitatis
1052 1541 1111 1592 ter-

12 1619 44 1680 tie
61 1625 159 1708 prada
182 1627 341 1710 attinpens
364 1625 558 1711 (Gregorius
577 1626 652 1714 IX),
677 1639 777 1692 matre
799 1651 870 1693 aero
895 1629 934 1692 de
951 1629 1110 1716 potentio-

10 1719 76 1781 n'lae
90 1723 272 1808 Anapuinis
288 1735 424 1805 ecortnr,
441 1724 555 1809 forma
570 1726 701 1790 decorus
717 1737 747 1790 et
755 1737 955 1812 pervetustus
971 1737 1110 1814 aspectu,

2 1822 179 1904 perpicacis
203 1822 326 1905 inperii
348 1834 378 1886 et
392 1821 504 1906 fidelis
533 1826 698 1888 memoriae
726 1825 962 1910 praeropatiuu,
996 1823 1110 1887 libera·

8 1913 64 1978 lina
86 1921 205 1983 artium
222 1930 314 2004 atque
330 1922 491 2006 utriusque
508 1923 595 2010 juris
608 1923 730 2008 peritia
744 1923 914 1986 eminenter
930 1925 1110 2000 instructus,

6 2013 95 2080 tria
117 2017 315 2104 eloquentiae
344 2018 524 2098 Tullianae,
556 2042 666 2084 sacrae
684 2023 826 2105 popinae
851 2021 988 2106 dilipcns
1011 2019 1111 2084 obser-

5 2125 76 2175 arra·
105 2127 136 2177 et
166 2115 287 2194 doctor,
319 2116 439 2180 zelator
458 2117 551 2201 fidei,
585 2117 759 2203 disciplina
789 2121 926 2198 uirtutis,
955 2118 1110 2182 rectitudo

1 2215 134 2296 patriae,
161 2213 313 2278 solatium
334 2216 527 2299 miserorum,
556 2215 721 2300 relipionis
738 2216 909 2303 plantator
941 2227 970 2279 et
1000 2216 1110 2296 cultor,

6 2313 140 2373 celticas
166 2321 292 2373 amator
316 2322 345 2374 et
368 2316 464 2377 totius
488 2316 669 2378 sanctitatis
693 2312 895 2400 cremplar.¹)

74 2409 148 2474 115.
186 2407 266 2472 Post
288 2407 423 2474 brevem
456 2410 625 2476 Caelestini
647 2413 702 2476 IV
719 2413 948 2497 pontificatum
983 2414 1109 2495 (1241),
1166 2419 1235 2492 ¹9⁰0·

1 2511 143 2571 sucerescit
159 2507 365 2571 Innocentius
380 2510 401 2572 Ι
405 2509 435 2572 V
445 2509 710 2597 (1243—1254);
735 2511 808 2595 ejus
824 2509 1015 2574 conflictum
1034 2531 1109 2574 cum
1129 2489 1217 2523 mmm
1232 2484 1273 2524 W*

1 2597 167 2686 friderico,
194 2601 450 2671 celebrationem
476 2606 616 2672 Consilii
639 2608 804 2692 generalis
827 2608 1063 2693 Lugdunensis
1083 2608 1109 2690 Ι,

1 2719 55 2765 rere
79 2705 195 2792 quoad
220 2723 272 2766 res
296 2701 439 2786 Siciliae,
466 2706 538 2791 jam
562 2708 799 2772 enarravimus.
841 2705 1039 2770 'Virtutibus
1063 2707 1113 2769 in-

10 2803 79 2886 11111
104 2829 146 2870 ac
177 2804 302 2870 meritis
330 2803 438 2867 clarus
461 2804 676 2868 Innocentius
699 2804 748 2868 IV
773 2804 827 2869 die
853 2805 889 2867 7⁰
912 2803 1111 2868 Decembris

0 2905 169 2970 11111254
194 2903 334 2989 Neapoli
360 2924 550 2988 supremum
576 2901 779 2968 diem'obiit.
820 2901 907 2968 Satis
932 2905 1043 2988 inepte
1068 2902 1109 2965 de

2 2998 49 3082 jus
80 3001 183 3066 obitu
214 3000 331 3065 scribit
355 2999 612 3087 Cantipratanus
644 3001 727 3066 haec
750 3023 835 3087 quae
859 3002 980 3065 referre
999 3002 1109 3086 juvat,

0 3114 19 3156 rt
40 3111 202 3185 appareat
227 3121 328 3186 quam
353 3098 574 3185 periculosum
606 3100 649 3164 sit
671 3100 853 3183 angustiori
879 3109 987 3164 mente
1011 3119 1110 3183 nego·
1136 3128 1139 3134 ¹

0 3219 25 3256 a
56 3197 287 3262 ecclesiastica
322 3197 483 3263 demetiri.
532 3195 670 3270 Quidam
699 3207 806 3260 nostro
839 3209 974 3283 tempore
1004 3199 1107 3283 Papa,

19 3295 100 3376 111111,
126 3302 222 3386 crsjus
245 3319 358 3360 nomen
368 3307 502 3382 propter
524 3307 653 3359 sanctae
670 3294 762 3359 Sedis
784 3297 991 3358 reuerentiam
1014 3294 1108 3359 silen-

2 3391 22 3454 '1
40 3397 292 3479 pertransimus,
324 3418 401 3473 eum,
432 3397 512 3458 sicud
535 3393 575 3457 ab
598 3393 666 3457 illis
688 3393 907 3458 indubitanter
932 3396 1108 3480 accepimus

25 3493 179 3556 'Romae
213 3493 250 3556 iu
279 3493 370 3557 curia
402 3503 474 3556 tunc
499 3492 646 3578 ficerunt,
678 3491 802 3555 litteras
834 3492 972 3556 dedisset
995 3504 1107 3556 contra

1 3589 147 3677 ›dcdcpia
182 3616 203 3654 a
229 3593 332 3678 seipso
356 3603 386 3654 et
409 3593 475 3655 suis
490 3589 789 3676 praedecessoribus
816 3600 950 3676 quatuor·
973 3589 1108 3676 Aposto-

1 3688 45 3749 ‘eu
67 3689 203 3753 obtema
229 3689 362 3754 duorum
381 3690 544 3772 Ordinum‚
570 3711 699 3774 qnorum
721 3709 816 3752 unum
833 3711 896 3774 per
919 3689 1107 3752 Zachariam

18 3789 164 3872 aptatam
189 3787 336 3852 conditor
367 3788 406 3852 ab
431 3799 556 3852 aeterno
580 3789 721 3851 decorem
751 3788 874 3850 uocauit
902 3785 1009 3870 (Zacb.
1034 3790 1074 3850 11
1073 3787 1104 3872 ),

21 3887 244 3948 radicator-um
266 3887 394 3964 scilicet,
426 3885 560 3950 alterum
582 3908 653 3950 cero
669 3884 863 3971 funiculum,
895 3907 953 3969 quo
977 3885 1104 3949 lucidis-

1 3985 46 4042 'ue
69 3983 246 4069 intellipas
269 3996 299 4047 et
315 3985 467 4060 Minores,
492 3985 600 4048 eadem
623 3983 674 4046 die
692 3983 844 4070 paralysi
862 4005 1030 4068 permissus
1053 3983 1105 4047 olr-

57 4139 193 4148 --.-.—--

45 4219 64 4271 Ζ1
85 4217 179 4284 Greg.
198 4213 242 4268 IX
261 4214 289 4267 in
309 4213 483 4268 Praelationo
501 4213 693 4268 Decretoiium.

45 4312 65 4366 ·)
86 4295 173 4368 Apud
193 4294 424 4361 senatusue.
444 4297 522 4351 1227.
