<?xml version="1.0" encoding="UTF-8"?>
<!DOCTYPE html PUBLIC "-//W3C//DTD XHTML 1.0 Transitional//EN"
    "http://www.w3.org/TR/xhtml1/DTD/xhtml1-transitional.dtd">
<html xmlns="http://www.w3.org/1999/xhtml" xml:lang="en" lang="en">
 <head>
  <title>
</title>
<meta http-equiv="Content-Type" content="text/html;charset=utf-8" />
  <meta name='ocr-system' content='tesseract 3.04.00' />
  <meta name='ocr-capabilities' content='ocr_page ocr_carea ocr_par ocr_line ocrx_word'/>
</head>
<body>
  <div class='ocr_page' id='page_1' title='image "./dissertationess00junggoog_0145.png"; bbox 0 0 2916 4842; ppageno 0'>
   <div class='ocr_carea' id='block_1_1' title="bbox 301 379 1279 440">
    <p class='ocr_par' dir='ltr' id='par_1_1' title="bbox 301 379 1279 440">
     <span class='ocr_line' id='line_1_1' title="bbox 301 379 1279 440; baseline 0.001 -5"><span class='ocrx_word' id='word_1_1' title='bbox 301 383 354 438; x_wconf 82' lang='lat'>130</span> <span class='ocrx_word' id='word_1_2' title='bbox 463 381 563 436; x_wconf 83' lang='lat' dir='ltr'>XXIV.</span> <span class='ocrx_word' id='word_1_3' title='bbox 583 381 623 435; x_wconf 88' lang='lat' dir='ltr'>De</span> <span class='ocrx_word' id='word_1_4' title='bbox 641 379 760 434; x_wconf 77' lang='lat' dir='ltr'>dissidiis</span> <span class='ocrx_word' id='word_1_5' title='bbox 780 379 913 435; x_wconf 76' lang='lat' dir='ltr'>Friderici</span> <span class='ocrx_word' id='word_1_6' title='bbox 932 381 946 440; x_wconf 92' lang='lat' dir='ltr'>I</span> <span class='ocrx_word' id='word_1_7' title='bbox 965 396 1024 434; x_wconf 75' lang='lat' dir='ltr'>crim</span> <span class='ocrx_word' id='word_1_8' title='bbox 1043 381 1075 434; x_wconf 91' lang='lat' dir='ltr'>R.</span> <span class='ocrx_word' id='word_1_9' title='bbox 1096 381 1279 436; x_wconf 84' lang='lat' dir='ltr'>Pontificibus</span> 
     </span>
    </p>
   </div>
   <div class='ocr_carea' id='block_1_2' title="bbox 226 523 1423 1882">
    <p class='ocr_par' dir='ltr' id='par_1_2' title="bbox 226 523 1423 1882">
     <span class='ocr_line' id='line_1_2' title="bbox 296 523 1420 612; baseline -0.001 -22"><span class='ocrx_word' id='word_1_10' title='bbox 296 533 395 608; x_wconf 87' lang='lat' dir='ltr'>metu,</span> <span class='ocrx_word' id='word_1_11' title='bbox 419 526 540 612; x_wconf 87' lang='lat' dir='ltr'>partim</span> <span class='ocrx_word' id='word_1_12' title='bbox 557 524 739 590; x_wconf 75' lang='lat' dir='ltr'>mendaciis</span> <span class='ocrx_word' id='word_1_13' title='bbox 754 524 876 610; x_wconf 91' lang='lat' dir='ltr'>quibus</span> <span class='ocrx_word' id='word_1_14' title='bbox 892 523 1070 590; x_wconf 88' lang='lat' dir='ltr'>Octaviani</span> <span class='ocrx_word' id='word_1_15' title='bbox 1087 523 1203 590; x_wconf 79' lang='lat' dir='ltr'>electio</span> <span class='ocrx_word' id='word_1_16' title='bbox 1228 525 1335 590; x_wconf 85' lang='lat' dir='ltr'>fuerat</span> <span class='ocrx_word' id='word_1_17' title='bbox 1366 549 1420 590; x_wconf 88' lang='lat' dir='ltr'>ex-</span> 
     </span>
     <span class='ocr_line' id='line_1_3' title="bbox 297 621 1419 709; baseline 0.002 -23"><span class='ocrx_word' id='word_1_18' title='bbox 297 624 414 709; x_wconf 86' lang='lat' dir='ltr'>posita,</span> <span class='ocrx_word' id='word_1_19' title='bbox 432 624 522 704; x_wconf 88' lang='lat' dir='ltr'>moti,</span> <span class='ocrx_word' id='word_1_20' title='bbox 539 621 706 687; x_wconf 78' lang='lat' dir='ltr'>Victorem</span> <span class='ocrx_word' id='word_1_21' title='bbox 721 622 769 688; x_wconf 94' lang='lat' dir='ltr'>IV</span> <span class='ocrx_word' id='word_1_22' title='bbox 787 622 998 687; x_wconf 88' lang='lat' dir='ltr'>declararunt</span> <span class='ocrx_word' id='word_1_23' title='bbox 1012 621 1197 706; x_wconf 89' lang='lat' dir='ltr'>legitimum</span> <span class='ocrx_word' id='word_1_24' title='bbox 1214 623 1419 704; x_wconf 85' lang='lat' dir='ltr'>Pontificem,</span> 
     </span>
     <span class='ocr_line' id='line_1_4' title="bbox 297 717 1420 805; baseline 0.002 -21"><span class='ocrx_word' id='word_1_25' title='bbox 297 719 527 785; x_wconf 80' lang='lat' dir='ltr'>Alexandrum</span> <span class='ocrx_word' id='word_1_26' title='bbox 551 742 630 784; x_wconf 89' lang='lat' dir='ltr'>vero</span> <span class='ocrx_word' id='word_1_27' title='bbox 654 719 858 805; x_wconf 88' lang='lat' dir='ltr'>abjecerunt.</span> <span class='ocrx_word' id='word_1_28' title='bbox 907 717 1089 785; x_wconf 80' lang='lat' dir='ltr'>Confestim</span> <span class='ocrx_word' id='word_1_29' title='bbox 1110 719 1317 786; x_wconf 82' lang='lat' dir='ltr'>Octavianus</span> <span class='ocrx_word' id='word_1_30' title='bbox 1340 725 1420 786; x_wconf 87' lang='lat' dir='ltr'>anti·</span> 
     </span>
     <span class='ocr_line' id='line_1_5' title="bbox 298 817 1422 905; baseline 0 -22"><span class='ocrx_word' id='word_1_31' title='bbox 298 840 385 905; x_wconf 87' lang='lat' dir='ltr'>papa</span> <span class='ocrx_word' id='word_1_32' title='bbox 416 817 637 882; x_wconf 83' lang='lat' dir='ltr'>anathematis</span> <span class='ocrx_word' id='word_1_33' title='bbox 660 821 858 882; x_wconf 84' lang='lat' dir='ltr'>sententiam</span> <span class='ocrx_word' id='word_1_34' title='bbox 888 819 922 882; x_wconf 88' lang='lat' dir='ltr'>in</span> <span class='ocrx_word' id='word_1_35' title='bbox 946 817 1176 882; x_wconf 81' lang='lat' dir='ltr'>Alexandrum</span> <span class='ocrx_word' id='word_1_36' title='bbox 1205 817 1253 882; x_wconf 88' lang='lat' dir='ltr'>Ill</span> <span class='ocrx_word' id='word_1_37' title='bbox 1286 820 1422 905; x_wconf 86' lang='lat' dir='ltr'>ejusque</span> 
     </span>
     <span class='ocr_line' id='line_1_6' title="bbox 298 913 1422 1002; baseline 0 -22"><span class='ocrx_word' id='word_1_38' title='bbox 298 916 443 980; x_wconf 85' lang='lat' dir='ltr'>fautores</span> <span class='ocrx_word' id='word_1_39' title='bbox 472 916 618 1002; x_wconf 91' lang='lat' dir='ltr'>protulit.</span> <span class='ocrx_word' id='word_1_40' title='bbox 644 953 686 962; x_wconf 90' lang='lat'>—</span> <span class='ocrx_word' id='word_1_41' title='bbox 713 913 872 980; x_wconf 85' lang='lat' dir='ltr'>Confecta</span> <span class='ocrx_word' id='word_1_42' title='bbox 895 916 1031 980; x_wconf 89' lang='lat' dir='ltr'>fuerunt</span> <span class='ocrx_word' id='word_1_43' title='bbox 1054 915 1267 981; x_wconf 87' lang='lat' dir='ltr'>conciliabuli</span> <span class='ocrx_word' id='word_1_44' title='bbox 1292 927 1422 980; x_wconf 83' lang='lat' dir='ltr'>actast</span> 
     </span>
     <span class='ocr_line' id='line_1_7' title="bbox 298 1011 1422 1100; baseline -0.001 -21"><span class='ocrx_word' id='word_1_45' title='bbox 298 1011 437 1100; x_wconf 88' lang='lat' dir='ltr'>epistola</span> <span class='ocrx_word' id='word_1_46' title='bbox 470 1014 589 1098; x_wconf 86' lang='lat' dir='ltr'>synodi</span> <span class='ocrx_word' id='word_1_47' title='bbox 623 1015 749 1078; x_wconf 88' lang='lat' dir='ltr'>directa</span> <span class='ocrx_word' id='word_1_48' title='bbox 782 1014 826 1080; x_wconf 87' lang='lat' dir='ltr'>ad</span> <span class='ocrx_word' id='word_1_49' title='bbox 855 1036 970 1078; x_wconf 91' lang='lat' dir='ltr'>omnes</span> <span class='ocrx_word' id='word_1_50' title='bbox 998 1013 1122 1080; x_wconf 89' lang='lat' dir='ltr'>fideles.</span> <span class='ocrx_word' id='word_1_51' title='bbox 1169 1015 1210 1080; x_wconf 90' lang='lat' dir='ltr'>In</span> <span class='ocrx_word' id='word_1_52' title='bbox 1233 1037 1272 1080; x_wconf 88' lang='lat' dir='ltr'>ea</span> <span class='ocrx_word' id='word_1_53' title='bbox 1301 1015 1422 1080; x_wconf 89' lang='lat' dir='ltr'>dicitur</span> 
     </span>
     <span class='ocr_line' id='line_1_8' title="bbox 298 1111 1422 1200; baseline 0.001 -25"><span class='ocrx_word' id='word_1_54' title='bbox 298 1111 454 1198; x_wconf 88' lang='lat' dir='ltr'>quidem:</span> <span class='ocrx_word' id='word_1_55' title='bbox 478 1113 537 1176; x_wconf 86' lang='lat' dir='ltr'>Est</span> <span class='ocrx_word' id='word_1_56' title='bbox 552 1123 655 1176; x_wconf 83' lang='lat' dir='ltr'>autem</span> <span class='ocrx_word' id='word_1_57' title='bbox 668 1134 815 1177; x_wconf 65' lang='lat' dir='ltr'>numerate</span> <span class='ocrx_word' id='word_1_58' title='bbox 832 1113 1138 1199; x_wconf 79' lang='lat' dir='ltr'>archiepiscoporum</span> <span class='ocrx_word' id='word_1_59' title='bbox 1152 1124 1181 1177; x_wconf 86' lang='lat' dir='ltr'>ct</span> <span class='ocrx_word' id='word_1_60' title='bbox 1196 1113 1422 1200; x_wconf 77' lang='lat' dir='ltr'>episcoporum,</span> 
     </span>
     <span class='ocr_line' id='line_1_9' title="bbox 298 1210 1423 1297; baseline -0.002 -23"><span class='ocrx_word' id='word_1_61' title='bbox 298 1212 354 1297; x_wconf 78' lang='lat' dir='ltr'>qui</span> <span class='ocrx_word' id='word_1_62' title='bbox 374 1220 561 1296; x_wconf 69' lang='lat' dir='ltr'>praesumes</span> <span class='ocrx_word' id='word_1_63' title='bbox 579 1211 728 1296; x_wconf 81' lang='lat' dir='ltr'>fueruat,</span> <span class='ocrx_word' id='word_1_64' title='bbox 763 1222 794 1274; x_wconf 84' lang='lat' dir='ltr'>ct</span> <span class='ocrx_word' id='word_1_65' title='bbox 824 1212 878 1297; x_wconf 79' lang='lat' dir='ltr'>qui</span> <span class='ocrx_word' id='word_1_66' title='bbox 901 1210 1017 1275; x_wconf 81' lang='lat' dir='ltr'>litteris</span> <span class='ocrx_word' id='word_1_67' title='bbox 1040 1212 1106 1274; x_wconf 81' lang='lat' dir='ltr'>sais</span> <span class='ocrx_word' id='word_1_68' title='bbox 1130 1233 1311 1274; x_wconf 75' lang='lat' dir='ltr'>consensum</span> <span class='ocrx_word' id='word_1_69' title='bbox 1334 1233 1423 1273; x_wconf 82' lang='lat' dir='ltr'>suam</span> 
     </span>
     <span class='ocr_line' id='line_1_10' title="bbox 226 1307 1422 1396; baseline 0.001 -25"><span class='ocrx_word' id='word_1_70' title='bbox 226 1312 230 1318; x_wconf 82' lang='lat'>&#39;</span> <span class='ocrx_word' id='word_1_71' title='bbox 292 1307 519 1396; x_wconf 80' lang='lat' dir='ltr'>praebuerunt,</span> <span class='ocrx_word' id='word_1_72' title='bbox 544 1319 664 1372; x_wconf 82' lang='lat' dir='ltr'>centum</span> <span class='ocrx_word' id='word_1_73' title='bbox 690 1309 921 1395; x_wconf 69' lang='lat' dir='ltr'>quinquaqinta</span> <span class='ocrx_word' id='word_1_74' title='bbox 945 1319 1016 1372; x_wconf 85' lang='lat' dir='ltr'>tres.</span> <span class='ocrx_word' id='word_1_75' title='bbox 1042 1309 1201 1372; x_wconf 83' lang='lat' dir='ltr'>Abbatum</span> <span class='ocrx_word' id='word_1_76' title='bbox 1223 1331 1295 1372; x_wconf 86' lang='lat' dir='ltr'>vcro</span> <span class='ocrx_word' id='word_1_77' title='bbox 1319 1318 1351 1372; x_wconf 86' lang='lat' dir='ltr'>et</span> <span class='ocrx_word' id='word_1_78' title='bbox 1372 1333 1422 1372; x_wconf 83' lang='lat' dir='ltr'>or-</span> 
     </span>
     <span class='ocr_line' id='line_1_11' title="bbox 297 1405 1421 1493; baseline -0.001 -23"><span class='ocrx_word' id='word_1_79' title='bbox 297 1405 552 1470; x_wconf 77' lang='lat' dir='ltr'>chidiacoaoram</span> <span class='ocrx_word' id='word_1_80' title='bbox 583 1417 614 1471; x_wconf 85' lang='lat' dir='ltr'>et</span> <span class='ocrx_word' id='word_1_81' title='bbox 639 1407 899 1493; x_wconf 78' lang='lat' dir='ltr'>praepositorum</span> <span class='ocrx_word' id='word_1_82' title='bbox 921 1405 1091 1470; x_wconf 81' lang='lat' dir='ltr'>maltorum</span> <span class='ocrx_word' id='word_1_83' title='bbox 1113 1429 1277 1492; x_wconf 65' lang='lat' dir='ltr'>rapacium</span> <span class='ocrx_word' id='word_1_84' title='bbox 1293 1409 1421 1470; x_wconf 76' lang='lat' dir='ltr'>incesti·</span> 
     </span>
     <span class='ocr_line' id='line_1_12' title="bbox 297 1501 1421 1591; baseline -0.002 -23"><span class='ocrx_word' id='word_1_85' title='bbox 297 1503 424 1568; x_wconf 81' lang='lat' dir='ltr'>madidis</span> <span class='ocrx_word' id='word_1_86' title='bbox 447 1501 615 1568; x_wconf 80' lang='lat' dir='ltr'>multitudo</span> <span class='ocrx_word' id='word_1_87' title='bbox 639 1504 802 1591; x_wconf 81' lang='lat' dir='ltr'>interfuit,</span> <span class='ocrx_word' id='word_1_88' title='bbox 828 1516 948 1568; x_wconf 81' lang='lat' dir='ltr'>etcum</span> <span class='ocrx_word' id='word_1_89' title='bbox 972 1503 1131 1568; x_wconf 80' lang='lat' dir='ltr'>desiderio</span> <span class='ocrx_word' id='word_1_90' title='bbox 1155 1506 1320 1568; x_wconf 82' lang='lat' dir='ltr'>consensit.</span> <span class='ocrx_word' id='word_1_91' title='bbox 1357 1501 1421 1568; x_wconf 85' lang='lat' dir='ltr'>Sed</span> 
     </span>
     <span class='ocr_line' id='line_1_13' title="bbox 298 1600 1421 1688; baseline 0.001 -23"><span class='ocrx_word' id='word_1_92' title='bbox 298 1601 439 1665; x_wconf 85' lang='lat' dir='ltr'>conficta</span> <span class='ocrx_word' id='word_1_93' title='bbox 463 1600 545 1665; x_wconf 88' lang='lat' dir='ltr'>haec</span> <span class='ocrx_word' id='word_1_94' title='bbox 569 1623 649 1682; x_wconf 86' lang='lat' dir='ltr'>esse,</span> <span class='ocrx_word' id='word_1_95' title='bbox 682 1601 941 1687; x_wconf 86' lang='lat' dir='ltr'>subscriptiones</span> <span class='ocrx_word' id='word_1_96' title='bbox 963 1601 1107 1684; x_wconf 84' lang='lat' dir='ltr'>falsatas,</span> <span class='ocrx_word' id='word_1_97' title='bbox 1143 1611 1176 1666; x_wconf 88' lang='lat' dir='ltr'>et</span> <span class='ocrx_word' id='word_1_98' title='bbox 1198 1601 1308 1688; x_wconf 88' lang='lat' dir='ltr'>plures</span> <span class='ocrx_word' id='word_1_99' title='bbox 1331 1624 1421 1687; x_wconf 83' lang='lat' dir='ltr'>prae</span> 
     </span>
     <span class='ocr_line' id='line_1_14' title="bbox 298 1698 1423 1785; baseline -0.002 -21"><span class='ocrx_word' id='word_1_100' title='bbox 298 1698 385 1764; x_wconf 82' lang='lat' dir='ltr'>eules</span> <span class='ocrx_word' id='word_1_101' title='bbox 409 1708 445 1762; x_wconf 89' lang='lat' dir='ltr'>ut</span> <span class='ocrx_word' id='word_1_102' title='bbox 466 1698 611 1763; x_wconf 83' lang='lat' dir='ltr'>fautores</span> <span class='ocrx_word' id='word_1_103' title='bbox 626 1699 772 1762; x_wconf 86' lang='lat' dir='ltr'>Victoris</span> <span class='ocrx_word' id='word_1_104' title='bbox 788 1699 835 1762; x_wconf 95' lang='lat' dir='ltr'>lV</span> <span class='ocrx_word' id='word_1_105' title='bbox 861 1699 1038 1781; x_wconf 88' lang='lat' dir='ltr'>exhibitos,</span> <span class='ocrx_word' id='word_1_106' title='bbox 1062 1702 1211 1785; x_wconf 85' lang='lat' dir='ltr'>quicum</span> <span class='ocrx_word' id='word_1_107' title='bbox 1235 1698 1423 1764; x_wconf 83' lang='lat' dir='ltr'>nullatenus</span> 
     </span>
     <span class='ocr_line' id='line_1_15' title="bbox 299 1796 1315 1882; baseline 0.002 -22"><span class='ocrx_word' id='word_1_108' title='bbox 299 1804 516 1882; x_wconf 85' lang='lat' dir='ltr'>agnoverunt,</span> <span class='ocrx_word' id='word_1_109' title='bbox 536 1796 607 1882; x_wconf 92' lang='lat' dir='ltr'>jam</span> <span class='ocrx_word' id='word_1_110' title='bbox 632 1798 807 1882; x_wconf 90' lang='lat' dir='ltr'>scriptores</span> <span class='ocrx_word' id='word_1_111' title='bbox 831 1796 920 1861; x_wconf 89' lang='lat' dir='ltr'>illius</span> <span class='ocrx_word' id='word_1_112' title='bbox 943 1797 1062 1862; x_wconf 89' lang='lat' dir='ltr'>aetatis</span> <span class='ocrx_word' id='word_1_113' title='bbox 1086 1798 1315 1862; x_wconf 88' lang='lat' dir='ltr'>observarunt.</span> 
     </span>
    </p>
   </div>
   <div class='ocr_carea' id='block_1_3' title="bbox 299 1945 1444 3794">
    <p class='ocr_par' dir='ltr' id='par_1_3' title="bbox 299 1945 1444 3794">
     <span class='ocr_line' id='line_1_16' title="bbox 390 1945 1444 2033; baseline 0.001 -22"><span class='ocrx_word' id='word_1_114' title='bbox 390 1949 444 2013; x_wconf 87' lang='lat'>31.</span> <span class='ocrx_word' id='word_1_115' title='bbox 476 1945 666 2011; x_wconf 83' lang='lat' dir='ltr'>Fridericus</span> <span class='ocrx_word' id='word_1_116' title='bbox 689 1946 845 2011; x_wconf 92' lang='lat' dir='ltr'>omnibus</span> <span class='ocrx_word' id='word_1_117' title='bbox 869 1946 1005 2032; x_wconf 88' lang='lat' dir='ltr'>Imperii</span> <span class='ocrx_word' id='word_1_118' title='bbox 1030 1949 1079 2011; x_wconf 90' lang='lat' dir='ltr'>eui</span> <span class='ocrx_word' id='word_1_119' title='bbox 1105 1948 1269 2033; x_wconf 91' lang='lat' dir='ltr'>episcopis</span> <span class='ocrx_word' id='word_1_120' title='bbox 1291 1969 1444 2033; x_wconf 51' lang='lat' dir='ltr'>pracce-¹</span> 
     </span>
     <span class='ocr_line' id='line_1_17' title="bbox 302 2044 1422 2133; baseline -0.002 -23"><span class='ocrx_word' id='word_1_121' title='bbox 302 2048 362 2133; x_wconf 89' lang='lat' dir='ltr'>pit,</span> <span class='ocrx_word' id='word_1_122' title='bbox 387 2057 423 2110; x_wconf 92' lang='lat' dir='ltr'>ut</span> <span class='ocrx_word' id='word_1_123' title='bbox 446 2045 572 2108; x_wconf 89' lang='lat' dir='ltr'>Victori</span> <span class='ocrx_word' id='word_1_124' title='bbox 597 2055 756 2130; x_wconf 85' lang='lat' dir='ltr'>tanquam</span> <span class='ocrx_word' id='word_1_125' title='bbox 781 2045 933 2109; x_wconf 87' lang='lat' dir='ltr'>Pontifici</span> <span class='ocrx_word' id='word_1_126' title='bbox 959 2044 1143 2128; x_wconf 86' lang='lat' dir='ltr'>obedirent,</span> <span class='ocrx_word' id='word_1_127' title='bbox 1173 2053 1205 2109; x_wconf 87' lang='lat' dir='ltr'>et</span> <span class='ocrx_word' id='word_1_128' title='bbox 1228 2067 1283 2109; x_wconf 87' lang='lat' dir='ltr'>eos</span> <span class='ocrx_word' id='word_1_129' title='bbox 1307 2047 1365 2132; x_wconf 93' lang='lat' dir='ltr'>qui</span> <span class='ocrx_word' id='word_1_130' title='bbox 1390 2044 1422 2108; x_wconf 91' lang='lat' dir='ltr'>id</span> 
     </span>
     <span class='ocr_line' id='line_1_18' title="bbox 299 2140 1417 2227; baseline -0.004 -17"><span class='ocrx_word' id='word_1_131' title='bbox 299 2147 408 2210; x_wconf 86' lang='lat' dir='ltr'>facere</span> <span class='ocrx_word' id='word_1_132' title='bbox 431 2141 631 2207; x_wconf 86' lang='lat' dir='ltr'>recusabant</span> <span class='ocrx_word' id='word_1_133' title='bbox 662 2140 796 2206; x_wconf 86' lang='lat' dir='ltr'>sedibus</span> <span class='ocrx_word' id='word_1_134' title='bbox 820 2144 953 2227; x_wconf 86' lang='lat' dir='ltr'>privare</span> <span class='ocrx_word' id='word_1_135' title='bbox 977 2153 1010 2206; x_wconf 86' lang='lat' dir='ltr'>et</span> <span class='ocrx_word' id='word_1_136' title='bbox 1033 2144 1068 2208; x_wconf 92' lang='lat' dir='ltr'>in</span> <span class='ocrx_word' id='word_1_137' title='bbox 1091 2164 1204 2207; x_wconf 89' lang='lat' dir='ltr'>eorum</span> <span class='ocrx_word' id='word_1_138' title='bbox 1227 2141 1301 2207; x_wconf 88' lang='lat' dir='ltr'>loca</span> <span class='ocrx_word' id='word_1_139' title='bbox 1323 2141 1417 2206; x_wconf 87' lang='lat' dir='ltr'>schis—</span> 
     </span>
     <span class='ocr_line' id='line_1_19' title="bbox 300 2238 1422 2325; baseline -0.004 -18"><span class='ocrx_word' id='word_1_140' title='bbox 300 2244 437 2307; x_wconf 85' lang='lat' dir='ltr'>maticos</span> <span class='ocrx_word' id='word_1_141' title='bbox 461 2239 630 2304; x_wconf 87' lang='lat' dir='ltr'>intrudere</span> <span class='ocrx_word' id='word_1_142' title='bbox 654 2249 791 2304; x_wconf 89' lang='lat' dir='ltr'>conatus</span> <span class='ocrx_word' id='word_1_143' title='bbox 816 2250 882 2322; x_wconf 71' lang='lat' dir='ltr'>est,</span> <span class='ocrx_word' id='word_1_144' title='bbox 917 2240 1006 2305; x_wconf 91' lang='lat' dir='ltr'>unde</span> <span class='ocrx_word' id='word_1_145' title='bbox 1034 2262 1155 2325; x_wconf 85' lang='lat' dir='ltr'>magna</span> <span class='ocrx_word' id='word_1_146' title='bbox 1184 2261 1294 2304; x_wconf 88' lang='lat' dir='ltr'>rerum</span> <span class='ocrx_word' id='word_1_147' title='bbox 1322 2238 1422 2303; x_wconf 89' lang='lat' dir='ltr'>eccle-</span> 
     </span>
     <span class='ocr_line' id='line_1_20' title="bbox 300 2335 1424 2424; baseline -0.005 -19"><span class='ocrx_word' id='word_1_148' title='bbox 300 2342 507 2405; x_wconf 89' lang='lat' dir='ltr'>siasticarum</span> <span class='ocrx_word' id='word_1_149' title='bbox 532 2347 648 2401; x_wconf 87' lang='lat' dir='ltr'>exorta</span> <span class='ocrx_word' id='word_1_150' title='bbox 671 2347 720 2401; x_wconf 87' lang='lat' dir='ltr'>est</span> <span class='ocrx_word' id='word_1_151' title='bbox 743 2337 959 2424; x_wconf 86' lang='lat' dir='ltr'>perturbatio.</span> <span class='ocrx_word' id='word_1_152' title='bbox 1006 2337 1072 2403; x_wconf 86' lang='lat' dir='ltr'>Sed</span> <span class='ocrx_word' id='word_1_153' title='bbox 1097 2340 1131 2402; x_wconf 94' lang='lat' dir='ltr'>in</span> <span class='ocrx_word' id='word_1_154' title='bbox 1156 2340 1227 2424; x_wconf 87' lang='lat' dir='ltr'>ipsa</span> <span class='ocrx_word' id='word_1_155' title='bbox 1242 2335 1424 2402; x_wconf 84' lang='lat' dir='ltr'>Germania</span> 
     </span>
     <span class='ocr_line' id='line_1_21' title="bbox 301 2433 1423 2521; baseline -0.006 -18"><span class='ocrx_word' id='word_1_156' title='bbox 301 2441 331 2504; x_wconf 89' lang='lat' dir='ltr'>ei</span> <span class='ocrx_word' id='word_1_157' title='bbox 355 2439 474 2502; x_wconf 86' lang='lat' dir='ltr'>restitit</span> <span class='ocrx_word' id='word_1_158' title='bbox 498 2457 619 2521; x_wconf 83' lang='lat' dir='ltr'>magna</span> <span class='ocrx_word' id='word_1_159' title='bbox 643 2457 718 2500; x_wconf 89' lang='lat' dir='ltr'>cum</span> <span class='ocrx_word' id='word_1_160' title='bbox 740 2437 926 2500; x_wconf 88' lang='lat' dir='ltr'>constantia</span> <span class='ocrx_word' id='word_1_161' title='bbox 940 2435 1156 2501; x_wconf 84' lang='lat' dir='ltr'>Eberhardus</span> <span class='ocrx_word' id='word_1_162' title='bbox 1173 2433 1423 2518; x_wconf 84' lang='lat' dir='ltr'>Salzburgensis</span> 
     </span>
     <span class='ocr_line' id='line_1_22' title="bbox 301 2531 1422 2621; baseline -0.005 -21"><span class='ocrx_word' id='word_1_163' title='bbox 301 2536 587 2621; x_wconf 86' lang='lat' dir='ltr'>archiepiscopus,</span> <span class='ocrx_word' id='word_1_164' title='bbox 630 2556 691 2598; x_wconf 89' lang='lat' dir='ltr'>nec</span> <span class='ocrx_word' id='word_1_165' title='bbox 735 2533 882 2599; x_wconf 88' lang='lat' dir='ltr'>Hillinus</span> <span class='ocrx_word' id='word_1_166' title='bbox 921 2535 1129 2599; x_wconf 84' lang='lat' dir='ltr'>Trevircnsis</span> <span class='ocrx_word' id='word_1_167' title='bbox 1171 2532 1340 2598; x_wconf 88' lang='lat' dir='ltr'>Victorem</span> <span class='ocrx_word' id='word_1_168' title='bbox 1378 2531 1422 2595; x_wconf 91' lang='lat' dir='ltr'>lV</span> 
     </span>
     <span class='ocr_line' id='line_1_23' title="bbox 300 2631 1424 2720; baseline -0.006 -21"><span class='ocrx_word' id='word_1_169' title='bbox 300 2636 447 2720; x_wconf 87' lang='lat' dir='ltr'>agnovit.</span> <span class='ocrx_word' id='word_1_170' title='bbox 488 2671 520 2680; x_wconf 92' lang='lat'><em>-</em></span> <span class='ocrx_word' id='word_1_171' title='bbox 549 2631 618 2696; x_wconf 93' lang='lat' dir='ltr'>Alii</span> <span class='ocrx_word' id='word_1_172' title='bbox 643 2654 721 2696; x_wconf 87' lang='lat' dir='ltr'>vero</span> <span class='ocrx_word' id='word_1_173' title='bbox 753 2654 846 2716; x_wconf 78' lang='lat' dir='ltr'>reges</span> <span class='ocrx_word' id='word_1_174' title='bbox 870 2643 903 2696; x_wconf 86' lang='lat' dir='ltr'>et</span> <span class='ocrx_word' id='word_1_175' title='bbox 926 2633 1092 2718; x_wconf 88' lang='lat' dir='ltr'>principes</span> <span class='ocrx_word' id='word_1_176' title='bbox 1125 2631 1311 2710; x_wconf 89' lang='lat' dir='ltr'>christiani,</span> <span class='ocrx_word' id='word_1_177' title='bbox 1342 2650 1424 2717; x_wconf 89' lang='lat' dir='ltr'>quos</span> 
     </span>
     <span class='ocr_line' id='line_1_24' title="bbox 300 2729 1423 2816; baseline -0.005 -19"><span class='ocrx_word' id='word_1_178' title='bbox 300 2731 492 2797; x_wconf 81' lang='lat' dir='ltr'>Fridericus</span> <span class='ocrx_word' id='word_1_179' title='bbox 522 2730 642 2794; x_wconf 88' lang='lat' dir='ltr'>frustra</span> <span class='ocrx_word' id='word_1_180' title='bbox 671 2729 713 2793; x_wconf 89' lang='lat' dir='ltr'>ad</span> <span class='ocrx_word' id='word_1_181' title='bbox 742 2730 886 2795; x_wconf 89' lang='lat' dir='ltr'>schisma</span> <span class='ocrx_word' id='word_1_182' title='bbox 916 2730 1106 2816; x_wconf 87' lang='lat' dir='ltr'>pertrahere</span> <span class='ocrx_word' id='word_1_183' title='bbox 1134 2729 1293 2812; x_wconf 88' lang='lat' dir='ltr'>tentavit,</span> <span class='ocrx_word' id='word_1_184' title='bbox 1324 2739 1423 2815; x_wconf 87' lang='lat' dir='ltr'>atque</span> 
     </span>
     <span class='ocr_line' id='line_1_25' title="bbox 303 2826 1423 2915; baseline -0.004 -21"><span class='ocrx_word' id='word_1_185' title='bbox 303 2828 515 2894; x_wconf 86' lang='lat' dir='ltr'>ecclesiarum</span> <span class='ocrx_word' id='word_1_186' title='bbox 539 2826 716 2912; x_wconf 88' lang='lat' dir='ltr'>praesules,</span> <span class='ocrx_word' id='word_1_187' title='bbox 750 2828 874 2915; x_wconf 91' lang='lat' dir='ltr'>ubique</span> <span class='ocrx_word' id='word_1_188' title='bbox 898 2826 1129 2892; x_wconf 85' lang='lat' dir='ltr'>Alexandrum</span> <span class='ocrx_word' id='word_1_189' title='bbox 1154 2850 1215 2891; x_wconf 87' lang='lat' dir='ltr'>eeu</span> <span class='ocrx_word' id='word_1_190' title='bbox 1237 2826 1423 2911; x_wconf 82' lang='lat' dir='ltr'>legitimum</span> 
     </span>
     <span class='ocr_line' id='line_1_26' title="bbox 301 2924 1423 3012; baseline -0.006 -19"><span class='ocrx_word' id='word_1_191' title='bbox 301 2926 498 2993; x_wconf 86' lang='lat' dir='ltr'>Pontificem</span> <span class='ocrx_word' id='word_1_192' title='bbox 538 2935 762 3011; x_wconf 86' lang='lat' dir='ltr'>susceperunt.</span> <span class='ocrx_word' id='word_1_193' title='bbox 822 2925 991 3012; x_wconf 90' lang='lat' dir='ltr'>Imprimis</span> <span class='ocrx_word' id='word_1_194' title='bbox 1030 2927 1178 3012; x_wconf 90' lang='lat' dir='ltr'>episcopi</span> <span class='ocrx_word' id='word_1_195' title='bbox 1215 2924 1423 2989; x_wconf 88' lang='lat' dir='ltr'>Palaestinae</span> 
     </span>
     <span class='ocr_line' id='line_1_27' title="bbox 304 3020 1423 3108; baseline -0.005 -18"><span class='ocrx_word' id='word_1_196' title='bbox 304 3047 380 3090; x_wconf 90' lang='lat' dir='ltr'>cum</span> <span class='ocrx_word' id='word_1_197' title='bbox 404 3020 571 3088; x_wconf 89' lang='lat' dir='ltr'>Amalrico</span> <span class='ocrx_word' id='word_1_198' title='bbox 603 3023 792 3108; x_wconf 87' lang='lat' dir='ltr'>patriarcha</span> <span class='ocrx_word' id='word_1_199' title='bbox 815 3023 1120 3108; x_wconf 85' lang='lat' dir='ltr'>Hierosolymitano</span> <span class='ocrx_word' id='word_1_200' title='bbox 1152 3044 1238 3087; x_wconf 85' lang='lat' dir='ltr'>anno</span> <span class='ocrx_word' id='word_1_201' title='bbox 1266 3021 1348 3086; x_wconf 85' lang='lat'>1161</span> <span class='ocrx_word' id='word_1_202' title='bbox 1391 3023 1423 3084; x_wconf 92' lang='lat' dir='ltr'>in</span> 
     </span>
     <span class='ocr_line' id='line_1_28' title="bbox 303 3120 1423 3210; baseline -0.005 -22"><span class='ocrx_word' id='word_1_203' title='bbox 303 3122 429 3210; x_wconf 88' lang='lat' dir='ltr'>synodo</span> <span class='ocrx_word' id='word_1_204' title='bbox 453 3120 685 3185; x_wconf 87' lang='lat' dir='ltr'>Nazarethana</span> <span class='ocrx_word' id='word_1_205' title='bbox 716 3120 908 3187; x_wconf 87' lang='lat' dir='ltr'>Alexandro</span> <span class='ocrx_word' id='word_1_206' title='bbox 932 3121 984 3186; x_wconf 90' lang='lat' dir='ltr'>Ill</span> <span class='ocrx_word' id='word_1_207' title='bbox 1014 3121 1238 3186; x_wconf 84' lang='lat' dir='ltr'>obedientiam</span> <span class='ocrx_word' id='word_1_208' title='bbox 1270 3121 1423 3206; x_wconf 89' lang='lat' dir='ltr'>promise·</span> 
     </span>
     <span class='ocr_line' id='line_1_29' title="bbox 301 3217 1422 3306; baseline -0.007 -18"><span class='ocrx_word' id='word_1_209' title='bbox 301 3230 389 3304; x_wconf 89' lang='lat' dir='ltr'>runt,</span> <span class='ocrx_word' id='word_1_210' title='bbox 414 3218 599 3285; x_wconf 87' lang='lat' dir='ltr'>Octaviano</span> <span class='ocrx_word' id='word_1_211' title='bbox 615 3240 693 3283; x_wconf 83' lang='lat' dir='ltr'>vero</span> <span class='ocrx_word' id='word_1_212' title='bbox 709 3221 846 3306; x_wconf 90' lang='lat' dir='ltr'>ejusque</span> <span class='ocrx_word' id='word_1_213' title='bbox 861 3218 1046 3284; x_wconf 87' lang='lat' dir='ltr'>fautoribus</span> <span class='ocrx_word' id='word_1_214' title='bbox 1063 3217 1240 3282; x_wconf 88' lang='lat' dir='ltr'>anathema</span> <span class='ocrx_word' id='word_1_215' title='bbox 1256 3217 1422 3281; x_wconf 78' lang='lat' dir='ltr'>dixerunt</span> 
     </span>
     <span class='ocr_line' id='line_1_30' title="bbox 301 3314 1422 3404; baseline -0.007 -20"><span class='ocrx_word' id='word_1_216' title='bbox 301 3318 431 3384; x_wconf 86' lang='lat' dir='ltr'>Eadem</span> <span class='ocrx_word' id='word_1_217' title='bbox 460 3315 501 3380; x_wconf 90' lang='lat' dir='ltr'>de</span> <span class='ocrx_word' id='word_1_218' title='bbox 525 3337 626 3380; x_wconf 88' lang='lat' dir='ltr'>causa</span> <span class='ocrx_word' id='word_1_219' title='bbox 654 3339 741 3382; x_wconf 85' lang='lat' dir='ltr'>anno</span> <span class='ocrx_word' id='word_1_220' title='bbox 765 3328 923 3404; x_wconf 87' lang='lat' dir='ltr'>sequente</span> <span class='ocrx_word' id='word_1_221' title='bbox 946 3317 1113 3381; x_wconf 91' lang='lat' dir='ltr'>chricus</span> <span class='ocrx_word' id='word_1_222' title='bbox 1137 3315 1170 3380; x_wconf 85' lang='lat' dir='ltr'>ll</span> <span class='ocrx_word' id='word_1_223' title='bbox 1200 3338 1259 3380; x_wconf 89' lang='lat' dir='ltr'>rex</span> <span class='ocrx_word' id='word_1_224' title='bbox 1284 3314 1422 3399; x_wconf 87' lang='lat' dir='ltr'>Angliae</span> 
     </span>
     <span class='ocr_line' id='line_1_31' title="bbox 301 3407 1422 3504; baseline -0.009 -21"><span class='ocrx_word' id='word_1_225' title='bbox 301 3416 392 3504; x_wconf 87' lang='lat' dir='ltr'>apud</span> <span class='ocrx_word' id='word_1_226' title='bbox 408 3413 750 3498; x_wconf 86' lang='lat' dir='ltr'>Novum-Mercatum,</span> <span class='ocrx_word' id='word_1_227' title='bbox 768 3425 800 3479; x_wconf 89' lang='lat' dir='ltr'>et</span> <span class='ocrx_word' id='word_1_228' title='bbox 816 3415 1009 3480; x_wconf 88' lang='lat' dir='ltr'>Ludovicus</span> <span class='ocrx_word' id='word_1_229' title='bbox 1025 3413 1092 3480; x_wconf 94' lang='lat' dir='ltr'>VII</span> <span class='ocrx_word' id='word_1_230' title='bbox 1104 3434 1164 3478; x_wconf 86' lang='lat' dir='ltr'>rex</span> <span class='ocrx_word' id='word_1_231' title='bbox 1180 3411 1311 3478; x_wconf 86' lang='lat' dir='ltr'>Galliae</span> <span class='ocrx_word' id='word_1_232' title='bbox 1335 3407 1422 3498; x_wconf 89' lang='lat' dir='ltr'>apud</span> 
     </span>
     <span class='ocr_line' id='line_1_32' title="bbox 302 3513 1421 3599; baseline -0.006 -18"><span class='ocrx_word' id='word_1_233' title='bbox 302 3515 518 3581; x_wconf 86' lang='lat' dir='ltr'>Bellovacum</span> <span class='ocrx_word' id='word_1_234' title='bbox 547 3513 728 3598; x_wconf 88' lang='lat' dir='ltr'>episcopos,</span> <span class='ocrx_word' id='word_1_235' title='bbox 757 3513 905 3596; x_wconf 87' lang='lat' dir='ltr'>abbates,</span> <span class='ocrx_word' id='word_1_236' title='bbox 941 3533 1160 3599; x_wconf 87' lang='lat' dir='ltr'>proceresque</span> <span class='ocrx_word' id='word_1_237' title='bbox 1188 3517 1421 3588; x_wconf 65' lang='lat' dir='ltr'>convocarunt,</span> 
     </span>
     <span class='ocr_line' id='line_1_33' title="bbox 303 3605 1421 3695; baseline -0.009 -17"><span class='ocrx_word' id='word_1_238' title='bbox 303 3625 337 3678; x_wconf 90' lang='lat' dir='ltr'>et</span> <span class='ocrx_word' id='word_1_239' title='bbox 353 3615 387 3677; x_wconf 93' lang='lat' dir='ltr'>in</span> <span class='ocrx_word' id='word_1_240' title='bbox 404 3621 544 3694; x_wconf 68' lang='lat' dir='ltr'>unoque</span> <span class='ocrx_word' id='word_1_241' title='bbox 560 3609 726 3676; x_wconf 77' lang='lat' dir='ltr'>contentu</span> <span class='ocrx_word' id='word_1_242' title='bbox 743 3610 938 3677; x_wconf 85' lang='lat' dir='ltr'>Alexander</span> <span class='ocrx_word' id='word_1_243' title='bbox 952 3609 1004 3675; x_wconf 93' lang='grc' dir='ltr'>ΙΙΙ</span> <span class='ocrx_word' id='word_1_244' title='bbox 1019 3619 1201 3695; x_wconf 89' lang='lat' dir='ltr'>susceptus,</span> <span class='ocrx_word' id='word_1_245' title='bbox 1219 3605 1421 3674; x_wconf 85' lang='lat' dir='ltr'>Octavianus</span> 
     </span>
     <span class='ocr_line' id='line_1_34' title="bbox 303 3708 641 3794; baseline -0.006 -17"><span class='ocrx_word' id='word_1_246' title='bbox 303 3733 382 3776; x_wconf 87' lang='lat' dir='ltr'>vero</span> <span class='ocrx_word' id='word_1_247' title='bbox 405 3709 547 3794; x_wconf 86' lang='lat' dir='ltr'>rejectus</span> <span class='ocrx_word' id='word_1_248' title='bbox 571 3708 641 3775; x_wconf 87' lang='lat' dir='ltr'>fuit.</span> 
     </span>
    </p>
   </div>
   <div class='ocr_carea' id='block_1_4' title="bbox 304 3845 1444 4236">
    <p class='ocr_par' dir='ltr' id='par_1_4' title="bbox 304 3845 1444 4236">
     <span class='ocr_line' id='line_1_35' title="bbox 393 3845 1421 3936; baseline -0.017 -13"><span class='ocrx_word' id='word_1_249' title='bbox 393 3857 447 3922; x_wconf 84' lang='lat'>32.</span> <span class='ocrx_word' id='word_1_250' title='bbox 477 3851 571 3917; x_wconf 82' lang='lat' dir='ltr'>Idem</span> <span class='ocrx_word' id='word_1_251' title='bbox 595 3849 721 3915; x_wconf 87' lang='lat' dir='ltr'>facturn</span> <span class='ocrx_word' id='word_1_252' title='bbox 745 3860 794 3916; x_wconf 89' lang='lat' dir='ltr'>est</span> <span class='ocrx_word' id='word_1_253' title='bbox 816 3850 911 3915; x_wconf 90' lang='lat' dir='ltr'>brevi</span> <span class='ocrx_word' id='word_1_254' title='bbox 935 3860 1009 3936; x_wconf 92' lang='lat' dir='ltr'>post</span> <span class='ocrx_word' id='word_1_255' title='bbox 1032 3847 1209 3913; x_wconf 89' lang='lat' dir='ltr'>solemnius</span> <span class='ocrx_word' id='word_1_256' title='bbox 1233 3847 1268 3910; x_wconf 92' lang='lat' dir='ltr'>in</span> <span class='ocrx_word' id='word_1_257' title='bbox 1291 3845 1421 3931; x_wconf 87' lang='lat' dir='ltr'>copiosa</span> 
     </span>
     <span class='ocr_line' id='line_1_36' title="bbox 304 3942 1421 4041; baseline -0.017 -19"><span class='ocrx_word' id='word_1_258' title='bbox 304 3955 441 4041; x_wconf 84' lang='lat' dir='ltr'>synodo,</span> <span class='ocrx_word' id='word_1_259' title='bbox 471 3976 570 4040; x_wconf 89' lang='lat' dir='ltr'>quam</span> <span class='ocrx_word' id='word_1_260' title='bbox 601 3949 699 4014; x_wconf 86' lang='lat' dir='ltr'>ambo</span> <span class='ocrx_word' id='word_1_261' title='bbox 731 3971 824 4034; x_wconf 85' lang='lat' dir='ltr'>reges</span> <span class='ocrx_word' id='word_1_262' title='bbox 852 3971 895 4013; x_wconf 90' lang='lat' dir='ltr'>ex</span> <span class='ocrx_word' id='word_1_263' title='bbox 923 3957 1062 4034; x_wconf 88' lang='lat' dir='ltr'>utroque</span> <span class='ocrx_word' id='word_1_264' title='bbox 1097 3966 1199 4031; x_wconf 84' lang='lat' dir='ltr'>regno</span> <span class='ocrx_word' id='word_1_265' title='bbox 1232 3942 1421 4008; x_wconf 88' lang='lat' dir='ltr'>indixerunt</span> 
     </span>
     <span class='ocr_line' id='line_1_37' title="bbox 305 4037 1444 4140; baseline -0.017 -21"><span class='ocrx_word' id='word_1_266' title='bbox 305 4053 454 4138; x_wconf 85' lang='lat' dir='ltr'>Tolosae,</span> <span class='ocrx_word' id='word_1_267' title='bbox 480 4054 600 4138; x_wconf 88' lang='lat' dir='ltr'>cuique</span> <span class='ocrx_word' id='word_1_268' title='bbox 625 4052 724 4114; x_wconf 85' lang='lat' dir='ltr'>etiam</span> <span class='ocrx_word' id='word_1_269' title='bbox 748 4045 1082 4129; x_wconf 84' lang='lat' dir='ltr'>interfueruntlegati</span> <span class='ocrx_word' id='word_1_270' title='bbox 1099 4042 1287 4124; x_wconf 86' lang='lat' dir='ltr'>Octaviani,</span> <span class='ocrx_word' id='word_1_271' title='bbox 1313 4037 1444 4140; x_wconf 48' lang='lat' dir='ltr'>Fride·¹</span> 
     </span>
     <span class='ocr_line' id='line_1_38' title="bbox 305 4135 1418 4236; baseline -0.017 -19"><span class='ocrx_word' id='word_1_272' title='bbox 305 4154 365 4217; x_wconf 88' lang='lat' dir='ltr'>rici</span> <span class='ocrx_word' id='word_1_273' title='bbox 389 4151 611 4236; x_wconf 87' lang='lat' dir='ltr'>Imperatoris,</span> <span class='ocrx_word' id='word_1_274' title='bbox 636 4158 668 4214; x_wconf 89' lang='lat' dir='ltr'>et</span> <span class='ocrx_word' id='word_1_275' title='bbox 690 4147 777 4232; x_wconf 84' lang='lat' dir='ltr'>regis</span> <span class='ocrx_word' id='word_1_276' title='bbox 800 4143 995 4230; x_wconf 88' lang='lat' dir='ltr'>Hispaniae,</span> <span class='ocrx_word' id='word_1_277' title='bbox 1020 4154 1109 4208; x_wconf 87' lang='lat' dir='ltr'>etex</span> <span class='ocrx_word' id='word_1_278' title='bbox 1132 4149 1225 4228; x_wconf 86' lang='lat' dir='ltr'>parte</span> <span class='ocrx_word' id='word_1_279' title='bbox 1240 4135 1418 4204; x_wconf 86' lang='lat' dir='ltr'>Alexandri</span> 
     </span>
    </p>
   </div>
   <div class='ocr_carea' id='block_1_5' title="bbox 0 0 1471 4842">
    <p class='ocr_par' dir='ltr' id='par_1_5' title="bbox 0 0 1471 4842">
     <span class='ocr_line' id='line_1_39' title="bbox 0 0 1471 4842; baseline 0 0"><span class='ocrx_word' id='word_1_280' title='bbox 0 0 1471 4842; x_wconf 95' lang='lat' dir='ltr'> </span> 
     </span>
    </p>
   </div>
  </div>
 </body>
</html>
