3000 4838
332 416 367 468 ‘18
527 413 634 471 XXIII.
653 417 694 470 De
712 422 789 470 statu
808 417 908 472 Eccles.
929 419 1011 485 priori
1031 419 1118 474 medio
1136 437 1204 476 suec
1224 422 1284 476 XII.

330 569 420 634 timis
451 576 582 659 sparsit,
618 579 718 657 atque
748 570 915 634 Henricus
946 573 980 634 in
1012 572 1130 636 iisdem
1162 573 1231 638 fere
1264 577 1450 661 regionibus

330 669 491 756 populum
525 673 669 737 seduxit.
716 668 856 754 Scripsit
890 678 1005 734 contra
1037 667 1098 735 hos
1125 669 1310 738 haereticos
1339 674 1450 739 Petrus

330 768 542 833 Venerabilis
565 767 741 856 epistolam
765 786 822 829 seu
846 764 980 847 librum,
1004 789 1103 852 quem
1129 790 1203 832 cum
1229 769 1296 834 elia
1318 771 1450 857 epistula

328 868 372 934 ad
406 868 672 956 archiepiscopos
701 863 933 929 Arelatensem
969 873 1002 929 et
1032 865 1320 950 Ebrudunensem,
1356 879 1449 955 atque

328 966 372 1032 ad
405 967 578 1051 episcopos
613 965 777 1029 Diensem
825 970 857 1024 et
898 961 1122 1047 Vapicensem
1158 967 1350 1031 transmisit.
1402 967 1450 1030 Ex

329 1063 419 1128 Petri
433 1065 566 1149 scriptis
580 1060 755 1147 colligitur,
773 1068 976 1145 quantopere
989 1083 1145 1146 perversa
1157 1061 1289 1128 illorum
1303 1062 1449 1130 doctrina

329 1171 510 1248 propagata
550 1163 609 1243 sit,
652 1171 685 1224 et
719 1157 826 1244 qualis
863 1157 964 1222 luerit
1002 1159 1073 1244 ejus
1117 1159 1255 1225 indoles.
1309 1161 1447 1247 „Scripsi

328 1281 449 1345 nuper,
487 1259 597 1346 inquit
632 1259 667 1322 in
712 1253 870 1341 epistolae
909 1256 1132 1341 praefatione,
1180 1257 1354 1344 epistolam
1395 1260 1448 1323 Rc·

330 1359 498 1422 versutiae
522 1366 652 1421 vestrae
676 1364 791 1420 eontra
814 1351 966 1416 haereses
989 1353 1080 1418 Petri
1104 1353 1146 1418 de
1162 1355 1260 1420 Bruis
1284 1356 1447 1442 disputan·

328 1466 405 1538 tem,
431 1453 490 1518 sed
511 1454 696 1518 innumeris
716 1461 749 1515 et
768 1451 898 1535 magnis
922 1450 1064 1535 negotiis
1083 1473 1103 1514 a
1121 1451 1279 1518 dictando
1292 1457 1447 1536 animum,

327 1575 348 1618 a
371 1552 546 1617 scribendo
562 1550 687 1635 stylum
702 1546 959 1630 retardantibus,
984 1547 1156 1635 hueusque
1180 1552 1310 1615 mittere
1328 1551 1445 1616 distuli.

327 1652 423 1716 Mitto
440 1672 532 1714 nunc
548 1648 684 1714 tandem
701 1669 775 1712 eam
791 1645 988 1733 prudentiae
1005 1657 1145 1732 vestrae,
1171 1660 1208 1712 ut
1223 1672 1282 1735 per
1297 1671 1360 1714 vos
1376 1650 1445 1714 hae·

326 1749 437 1812 reticis
462 1757 578 1812 eontra
601 1768 684 1833 quos
707 1747 830 1831 scripta
854 1753 912 1826 est,
944 1753 977 1808 et
1000 1746 1100 1809 etiam
1124 1745 1298 1811 catholicis
1330 1748 1448 1834 quibus

326 1847 464 1911 forsitan
480 1845 637 1931 prodesse
652 1845 773 1930 poterit
789 1844 985 1907 innotescat.
1033 1842 1140 1908 Vobis
1154 1865 1228 1908 eam
1244 1847 1353 1929 mitto,
1379 1868 1448 1932 quo·

326 1945 417 2010 niam
449 1942 660 2030 inpartibus
694 1942 812 2005 vestris
844 1951 903 2005 aut
930 1941 1020 2004 circa
1051 1940 1186 2005 easdem
1217 1941 1318 2007 stulta
1345 1941 1400 2008 illa
1421 1953 1450 2006 et

325 2043 429 2127 impia
444 2040 590 2105 haeresis
614 2061 704 2104 more
718 2039 821 2126 pestis
845 2037 978 2102 validae
1002 2037 1122 2104 multos
1139 2039 1319 2122 interfecit,
1346 2040 1450 2126 plures

325 2140 454 2222 infecit3
479 2138 536 2203 sed
550 2139 658 2222 gratia
673 2137 739 2201 Dei
755 2137 942 2199 concitante
955 2145 987 2199 et
1002 2135 1184 2222 adjuvante
1199 2137 1314 2202 studia
1332 2148 1447 2216 vestra,

325 2261 345 2303 a
368 2239 486 2302 vestris
509 2233 701 2318 regionibus
725 2255 796 2298 sese
819 2232 992 2318 paululum
1020 2236 1171 2301 removit.
1219 2233 1383 2318 Migravit
1403 2249 1443 2300 ta·

324 2357 412 2418 men,
437 2336 523 2398 sieut
545 2331 672 2413 audivi,
697 2331 740 2394 ad
763 2329 836 2394 loca
860 2331 939 2394 satis
959 2329 1055 2395 vobis
1071 2334 1237 2416 contigua,
1263 2344 1328 2398 eta
1345 2335 1443 2420 Septi·

325 2433 436 2498 mania
460 2440 571 2495 vestra
594 2429 690 2493 vobis
719 2427 994 2515 persequentibus
1026 2429 1178 2514 expulsa,
1211 2432 1246 2495 in
1275 2434 1447 2517 provincia

323 2529 632 2615 Novempopulana,
657 2549 742 2612 quae
770 2525 870 2610 vulgo
900 2523 1067 2591 Gasconia
1091 2537 1239 2610 vocatur,
1265 2539 1297 2592 et
1321 2531 1357 2595 in
1380 2553 1447 2616 pnr-

323 2627 413 2692 tibus
437 2628 467 2690 ei
492 2624 723 2711 adjacentibus
746 2624 811 2688 sibi
841 2624 955 2688 foveas
987 2628 1209 2710 praeparavit
1255 2629 1295 2692 In
1330 2630 1447 2715 quibus

323 2747 414 2790 nunc
437 2746 472 2790 se
494 2726 613 2787 timore
636 2723 816 2804 occultans,
840 2744 930 2787 nunc
955 2722 1092 2809 deipsis
1116 2724 1259 2790 audacia
1280 2740 1447 2813 assumpta

323 2822 489 2908 prodiens,
511 2843 593 2907 quos
609 2830 717 2907 potest
733 2821 866 2906 decipit,
892 2841 974 2906 quos
986 2830 1095 2905 potest
1106 2826 1298 2909 corrumpit,
1314 2834 1351 2888 et
1362 2847 1446 2888 nunc

323 2921 395 2985 istis
418 2941 509 2984 nunc
532 2916 597 2983 illis
619 2917 755 2984 lethalia
779 2939 910 2981 venena
934 2919 1155 3004 propinat.“¹)

412 3019 465 3082 99.
511 3017 675 3082 Recenset
704 3016 782 3081 dein
806 3016 923 3079 Petrus
946 3015 1156 3082 Venerabilis
1188 3021 1371 3105 praecipua
1400 3041 1441 3083 er·

321 3137 434 3182 rorum
460 3117 571 3203 capita
602 3138 623 3180 a
650 3115 748 3179 Petro
778 3113 819 3176 de
841 3113 940 3176 Bruis
969 3117 1138 3200 proposita
1171 3126 1204 3179 et
1232 3116 1275 3181 ab
1300 3116 1444 3181 Henrico

321 3214 432 3280 adhuc
464 3225 572 3280 aucta.
622 3214 802 3298 ,Primum
838 3210 963 3294 scribit,
993 3211 1234 3278 haereticorum
1265 3215 1443 3300 capitulum

321 3323 430 3399 negat,
465 3311 623 3399 parvulos
657 3311 744 3375 infra
779 3308 1023 3392 intelligibilem
1060 3321 1202 3376 aetatem
1238 3314 1444 3392 constitutos,

322 3410 445 3476 Christi
475 3409 675 3497 baptismate
699 3430 794 3494 posse
823 3406 955 3488 salvari,
988 3418 1021 3471 et
1054 3407 1200 3494 aliquam
1232 3410 1333 3474 fidem
1369 3411 1444 3496 ipsis

321 3530 416 3596 posse
447 3507 612 3594 prodesse,
646 3508 788 3593 quisue
816 3506 865 3569 uti
893 3526 960 3569 non
988 3517 1136 3592 possunt,
1171 3511 1328 3595 quoniam
1349 3509 1442 3595 juxta

321 3629 376 3672 eos
400 3628 466 3671 non
499 3605 608 3671 aliena
640 3605 723 3669 fides
746 3602 805 3668 sed
828 3604 963 3689 propria
998 3625 1074 3668 cum
1099 3604 1299 3691 baptismate
1329 3606 1443 3686 salvet,

320 3705 465 3772 Domino
496 3703 641 3768 dicente:
679 3701 742 3776 Qut
772 3699 944 3764 crediderit
974 3712 1003 3764 et
1035 3701 1215 3788 baptizatus
1234 3703 1352 3790 frwrit,
1384 3700 1442 3768 sal·

319 3825 375 3868 uua
411 3803 489 3882 erit,·
527 3803 582 3886 qui
610 3823 682 3865 uero
712 3823 777 3864 uon
810 3797 996 3878 crediderit,
1032 3800 1298 3864 condemnabitur.
1323 3839 1368 3848 -
1391 3799 1441 3864 Se·

320 3900 467 3966 cundum
499 3897 682 3984 capitulum
713 3897 803 3978 dicit,
832 3894 1043 3981 templorum,
1072 3896 1125 3961 vel
1157 3896 1372 3962 ecelesiarum
1399 3897 1438 3960 fu·

319 3999 446 4064 bricam
477 3997 548 4061 lieri
572 4017 639 4060 non
670 3994 801 4076 debere,
835 3993 940 4058 factas
970 3995 1105 4080 insuper
1138 3994 1253 4060 subrui
1284 4005 1437 4081 oportere,

1430 4069 1448 4080 ιι

394 4131 414 4200 ¹)
435 4129 558 4184 Tractat.
588 4132 674 4184 contr.
703 4124 935 4192 Petrobrusianos,
961 4125 1093 4194 praeiet,
1122 4141 1164 4196 ap.
1184 4126 1279 4196 iligna
1303 4126 1333 4181 P.
1353 4126 1383 4181 1..
1410 4123 1438 4179 Τ.

318 4209 469 4265 LXXXIX.
489 4224 514 4277 p.
535 4208 596 4265 719.
