2828 4842
283 452 336 506 332
444 451 560 508 XXVII.
579 452 620 506 De
638 452 742 510 haeres.
762 453 929 520 repressione
947 469 979 507 ao
997 453 1029 508 de
1048 453 1242 511 Decretelibns.

285 617 389 680 usque
412 595 455 660 ed
479 597 598 660 festum
613 597 762 660 omnium
785 593 992 678 Sanctorum,
1016 597 1167 683 adeoque
1190 608 1261 662 erte
1284 597 1387 662 celliis

283 693 383 777 legati
408 715 483 758 eum
504 695 576 779 jem
600 703 680 757 tanc
705 694 871 758 manifesti
889 695 1026 781 perjurii
1044 718 1136 760 reum
1154 696 1279 760 fectum
1296 697 1388 760 fuisse.

118 788 408 855 E¹1³0³¹¹‘¹¹²¹·'·Verum
441 791 528 854 hanc
559 791 748 876 opinionem
781 793 945 876 corrigere
977 815 1118 878 pronum
1141 804 1212 856 eret
1251 795 1390 878 inspeetis

283 888 410 969 litteris,
435 889 477 952 ad
495 911 577 974 ques
601 887 653 951 bis
669 899 828 974 provocet
842 889 932 971 Milo,
957 912 1108 976 quaeque
1124 891 1315 956 immediate
1330 906 1392 976 post

284 988 418 1050 citatem
442 996 626 1072 sequuntur
649 986 832 1072 epistolem.
880 986 1038 1052 Scribant
1054 987 1214 1053 videlicet
1233 989 1328 1073 Hugo
1343 989 1391 1052 Re·

282 1084 406 1167 giensis
429 1093 462 1146 et
485 1083 564 1148 Milo
588 1083 689 1169 legati
713 1085 907 1150 Innocentio
921 1085 987 1151 III:
1018 1085 1094 1151 Cam
1107 1109 1210 1173 nuper
1224 1089 1312 1174 apad
1332 1089 1393 1149 ciri-

285 1192 380 1244 tatem
402 1181 639 1246 Arimonensem
663 1205 728 1269 pro
753 1194 840 1246 stata
864 1185 1050 1268 provinciae
1081 1208 1147 1248 cam
1172 1185 1280 1250 maltis
1309 1187 1394 1250 arcii-

283 1280 439 1364 episcopis
462 1289 492 1342 et
515 1282 670 1366 episcopis
701 1291 730 1343 el
754 1281 831 1345 aliis
855 1281 1056 1346 ecclesiaram
1082 1283 1244 1368 praelatis
1276 1306 1395 1348 essemus

282 1379 316 1440 ia
341 1377 473 1440 concilio
489 1381 678 1463 conprepati,
703 1379 741 1442 de
758 1378 889 1443 oonsilio
907 1391 937 1443 et
952 1401 1103 1444 consensa
1125 1383 1290 1446 reverendi
1299 1383 1396 1468 patris

283 1475 418 1539 Abbalis
446 1473 661 1540 Cisterciensis
685 1488 714 1540 et
738 1479 823 1540 socri
846 1478 1076 1564 approbatione
1096 1479 1233 1558 concilii,
1262 1477 1398 1544 Comitem

288 1573 478 1638 Tolosanum
502 1577 711 1638 anathematio
734 1575 857 1640 vincalo
889 1576 1111 1641 innodavimus
1134 1588 1164 1640 et
1188 1589 1285 1642 totam
1306 1579 1398 1663 ipsias

284 1682 399 1734 terram
415 1673 624 1737 ecclesiastico
640 1675 1054 1760 sapposaimasiaterdiote,
1073 1698 1137 1760 pro
1161 1697 1196 1738 eo
1220 1676 1303 1761 qaod
1326 1676 1399 1738 idem

287 1767 393 1834 Comes
416 1769 610 1834 venerabiles
635 1782 749 1855 patres
782 1767 1098 1857 Carpentoratensem
1128 1783 1157 1834 et
1188 1773 1399 1836 Vasionense

283 1868 444 1953 episcopos
478 1892 545 1932 eam
575 1869 641 1932 sais
672 1868 795 1932 clericis
822 1892 887 1933 non
918 1871 1058 1934 restitnit
1086 1869 1181 1956 pleno
1208 1875 1295 1958 jare,
1328 1872 1400 1934 dcet

283 1987 346 2050 epe,
372 1965 465 2044 Milo,
490 1968 520 2030 ei
537 1989 764 2052 praeceperam
794 1967 851 2030 sab
881 1967 1032 2054 relipione
1057 1970 1212 2054 praest-iti
1232 1969 1401 2056 juramenti

283 2074 313 2126 et
330 2086 437 2149 poena
459 2067 494 2128 ia
517 2066 586 2150 ipso
604 2069 788 2154 juramento
813 2066 949 2154 adjecta,
968 2089 1032 2152 pro
1057 2089 1091 2129 eo
1116 2068 1212 2129 etiem
1234 2065 1318 2150 qaod
1339 2067 1401 2128 hae·

282 2165 396 2226 retieoe
428 2173 457 2224 et
491 2162 650 2226 credentes
682 2162 720 2226 de
752 2173 838 2226 terra
869 2187 928 2228 saa
950 2187 1015 2228 noa
1046 2164 1181 2248 cmpulit,
1212 2185 1267 2227 aec
1290 2187 1341 2226 eos
1365 2163 1402 2224 ad

283 2258 452 2322 arbitrium
475 2259 613 2323 tradidit
646 2263 850 2345 sipnatoram,
884 2261 1020 2325 eeclesiis
1044 2285 1163 2347 qaoqae
1195 2257 1225 2325 et
1252 2262 1403 2346 relipiesis

283 2357 425 2420 domitas
449 2381 486 2420 ec
503 2359 653 2443 personis
676 2357 910 2424 miserabilibus
926 2361 1099 2448 justitiam,
1128 2361 1209 2422 sicat
1233 2361 1263 2421 ei
1278 2383 1401 2444 pracce-

277 2465 370 2541 ptam
385 2455 511 2539 suerat,
535 2478 599 2518 non
622 2457 770 2537 eabibait,
800 2480 854 2520 nec
879 2457 923 2520 ad
946 2457 1200 2544 respondendum
1223 2457 1261 2520 de
1285 2479 1317 2519 se
1342 2481 1409 2552 con-3

283 2553 482 2637 querentibus
506 2554 629 2638 aliq-aes
653 2555 815 2618 constitnit
841 2555 1050 2640 responsales,
1086 2554 1233 2620 sineiliter
1263 2555 1403 2618 incastel-

284 2650 369 2714 latas
393 2650 539 2714 ecclesias
563 2651 607 2714 ad
631 2652 885 2716 dioecesanoram
914 2657 1131 2740 episcoporum
1154 2654 1324 2718 arbitr-iam
1347 2651 1409 2714 noa}

283 2748 457 2826 sterterent,
491 2759 521 2811 et
538 2751 683 2836 pedapia
706 2773 760 2814 eea
784 2753 964 2815 exactiones
992 2751 1153 2815 indebitas
1182 2776 1246 2815 noa
1276 2751 1409 2818 dionisii„

285 2845 378 2910 Hane
402 2858 505 2910 actem
528 2851 715 2912 sententiam
743 2849 893 2913 decimas
924 2849 1160 2927 moderandam,
1191 2848 1275 2933 qaod
1299 2851 1329 2911 si
1356 2847 1409 2914 Cor

282 2967 345 3007 mes
368 2947 436 3030 epse
461 2969 555 3031 usqae
580 2947 624 3010 ad
643 2949 827 3032 proaeimam
847 2948 969 3033 festam
993 2949 1130 3010 omniam
1154 2943 1409 3028 seminasset

279 3045 497 3128 praesentiam
519 3055 659 3108 nostram
677 3047 841 3108 accesserit
865 3056 894 3107 et
911 3068 1005 3131 saper
1018 3045 1193 3131 praedietis
1208 3041 1409 3132 satim‘eeerit,

281 3163 346 3204 non
369 3143 411 3203 eit
433 3142 490 3204 boo
506 3145 825 3206 eaecommanicntione
842 3143 969 3228 lipatas,
995 3141 1139 3228 alioquin
1154 3155 1218 3206 tam
1233 3144 1303 3228 ipse
1318 3165 1409 3227 paoem

282 3251 369 3302 terra
392 3240 502 3324 modas,
528 3250 562 3302 at
586 3263 685 3326 aspra
701 3240 851 3321 dieimas,
876 3251 906 3302 et
922 3241 1253 3304 eaeommanicationis
1269 3251 1299 3302 et
1316 3244 1409 3316 {riter-j

282 3338 362 3400 dicti
385 3339 541 3401 sententia
570 3349 723 3402 teneatur.
774 3337 858 3411 Qaia
874 3339 981 3422 opilea
1012 3349 1118 3402 sancte
1139 3338 1244 3417 Pater,
1269 3338 1409 3412 acridiae

281 3435 448 3498 etalteram
472 3434 627 3499 relatione
652 3435 832 3513 didicimus,
857 3437 940 3522 qrrod
960 3435 1066 3500 Comes
1090 3437 1158 3522 ipse
1175 3445 1220 3498 est
1236 3435 1281 3498 ad
1299 3435 1409 3500 Sedem

281 3533 499 3619 Apostolieam
523 3555 713 3612 accesseras,
821 3544 856 3597 at
881 3546 984 3597 terrae
1006 3556 1091 3607 serae,
1116 3557 1194 3618 qaae
1218 3543 1285 3596 tota
1305 3547 1409 3620 parom

280 3634 317 3695 in
338 3630 485 3694 manibus
507 3633 620 3694 vestris
635 3633 787 3712 consistit,
812 3633 1041 3696 restitutionem
1057 3631 1205 3708 obtineat,
1227 3633 1319 3694 etsie
1336 3637 1409 3706 essct

279 3730 469 3792 novissimas
499 3752 587 3792 error
617 3729 706 3816 lonpe
734 3731 844 3815 priore
876 3730 1022 3808 deterior,
1055 3731 1150 3792 toties
1181 3729 1302 3813 nepotii
1337 3729 1409 3812 ceri-3

282 3837 377 3890 tatem
400 3825 527 3890 Vestrae
544 3825 734 3890 Sanctitatis
758 3827 888 3890 caribus
905 3827 1055 3892 duximus
1071 3823 1302 3890 declarandam
1318 3825 1409 3900 mestit

281 3925 336 3989 Ex
360 3923 450 3988 hisce
479 3924 592 4010 liquet,
631 3925 666 3988 1⁰
691 3923 855 3988 Comitem
887 3925 1088 3990 Tolosanum
1122 3923 1298 3988 manifeste
1331 3925 1406 4014 deje-

280 4045 380 4100 rasse,
405 4032 568 4107 quotenus
592 4044 658 4086 non
682 4021 880 4108 impleverat
904 4023 1121 4104 conditiones,
1153 4043 1235 4107 quas
1258 4023 1409 4118 apprime

359 4242 379 4312 Ι)
400 4243 467 4310 npp.
487 4241 550 4296 xa.
573 4243 630 4298 ior.
