2868 4844
415 459 520 516 Electio
539 459 641 516 Urbani
661 460 708 515 vt
1086 463 1139 522 245

29 597 100 663 litus
121 611 149 662 et
165 601 352 690 petentibus
367 605 585 690 coneffpatem.
594 604 619 684 ¹)
649 603 714 670 Hic
729 601 893 672 Robertus
907 629 927 670 a
944 609 1014 674 suis
1028 606 1138 674 dictus

30 707 71 760 est
94 696 231 763 Clemens
258 697 328 778 VII,
353 712 483 765 etcum
508 701 543 764 in
559 700 657 766 Italia
680 701 801 789 pedem
825 726 920 774 suum
946 704 1047 790 figere
1070 725 1138 770 non

30 805 133 880 posset,
164 797 267 864 altero
291 820 378 866 euno
405 797 491 864 1379
522 798 557 864 in
581 797 726 868 Galliam
758 803 960 886 properavit,
994 812 1027 866 et
1049 801 1137 866 Ave-

31 893 114 956 niene
138 896 250 962 sedem
274 917 368 962 suam
393 897 575 965 contituit.

105 1047 133 1110 7.
159 1047 373 1112 Manifestum
399 1047 545 1133 prolecto
570 1058 628 1132 est,
652 1059 690 1112 ut
703 1047 916 1134 dijudicetur,
941 1051 1015 1136 quis
1037 1050 1138 1113 fuerit
1147 1055 1299 1104 visontionem

27 1141 181 1226 legitimus
197 1145 363 1227 Pontifex,
390 1145 545 1214 Urbanus
563 1147 612 1212 VI
635 1169 679 1214 en
695 1146 849 1213 Clemens
864 1147 939 1228 VII,
965 1148 1135 1214 cardinem
1178 1121 1267 1161 ‘m'

25 1243 217 1324 quaestionis
248 1244 282 1307 in
315 1265 355 1308 eo
387 1246 529 1326 versari,
563 1257 674 1309 utrum
705 1244 852 1330 legitima
882 1245 983 1310 luerit
1021 1245 1137 1310 electio

28 1337 154 1420 Urbani,
179 1361 221 1404 an
235 1363 327 1406 ‘vero
350 1342 412 1408 sub
437 1342 496 1408 tali
521 1353 611 1408 metu
635 1353 668 1408 et
691 1346 724 1408 vi
749 1345 876 1424 effecte,
902 1354 938 1408 ut
953 1343 1030 1412 inde
1046 1343 1140 1407 valor

26 1438 119 1519 ipsius
150 1451 292 1505 cerrum.
340 1439 439 1506 Nulle
477 1443 567 1508 enim
604 1441 669 1508 elio
708 1443 790 1508 vitio
825 1441 913 1508 heac
943 1441 1137 1510 electionem

24 1535 167 1600 affectem
199 1557 279 1618 esse,
313 1537 524 1602 adversarios
548 1539 677 1604 Urbani
704 1539 751 1603 VI
785 1539 967 1604 affirmasse
999 1549 1137 1618 constat

27 1635 78 1696 nisi
102 1633 191 1720 qnod
216 1657 281 1700 nou
306 1635 420 1712 libere,
455 1636 513 1700 sed
545 1646 669 1702 terrere
702 1639 849 1704 immisso
881 1638 998 1701 vitiata
1028 1639 1136 1702 fuerit.

25 1729 114 1810 Quod
139 1734 164 1796 si
190 1733 340 1818 legitima
364 1734 428 1798 fuit
451 1732 578 1813 electio,
604 1733 905 1822 pseudopontifices
929 1734 1063 1799 fuerunt
1078 1733 1138 1800 Ro-

27 1827 128 1893 bertus
144 1852 202 1896 seu
220 1830 374 1900 Clemens
391 1831 467 1912 VII,
492 1840 525 1896 et
548 1834 605 1918 qui
629 1833 658 1896 ei
683 1835 844 1898 suecessit
860 1833 978 1899 Petrus
991 1832 1032 1897 de
1041 1832 1139 1900 Luna

25 1929 88 1990 aive
111 1928 314 1996 Benedictus
337 1929 433 2010 XIII,
459 1932 532 1994 ueri
554 1939 665 1994 eutem
691 1929 814 1995 Christi
840 1931 969 1996 Vicae-ii
993 1951 1032 1996 ae
1055 1929 1139 1994 Pou-

27 2025 121 2089 tilices
145 2029 202 2112 qni
227 2027 351 2108 Romae
376 2027 570 2092 resederunt
593 2026 750 2094 Urbanus
775 2029 835 2106 Vl,
867 2029 1054 2094 Bonifatius
1077 2028 1139 2108 IX,

27 2121 232 2190 Innocentius
265 2126 347 2206 Vll,
380 2124 561 2211 Gregorius
590 2125 669 2192 XII.
714 2127 882 2198 ,Jamvero
915 2135 1139 2206 monumenta,

23 2241 100 2304 quae
124 2222 253 2290 Urbani
279 2222 475 2290 electionem
499 2225 691 2310 respiciunt,
723 2246 799 2288 eum
828 2223 974 2308 legitime
999 2223 1140 2288 electum

25 2317 116 2384 luisse
142 2331 232 2388 certe
255 2322 494 2404 demonstrent,
527 2321 627 2408 idq-ue
659 2320 714 2388 illo
746 2344 877 2408 quoque
908 2333 1055 2407 tempere
1079 2345 1142 2408 per

24 2439 50 2478 ss
71 2417 169 2482 saelle
194 2419 343 2504 dignosci
369 2422 485 2506 potuit
526 2419 592 2486 Sed
617 2422 651 2486 in
677 2419 823 2486 schisma
841 2421 913 2506 jem
938 2430 1140 2484 commotum

24 2513 94 2578 talia
118 2519 323 2603 irrepserunt
346 2519 516 2605 adjuncta,
542 2529 587 2600 ut,
605 2517 726 2604 quibus
744 2539 823 2583 rere
840 2520 940 2582 tetius
956 2519 1035 2583 fecti
1049 2519 1141 2602 origo

26 2613 129 2698 ignota
152 2627 224 2680 erat
246 2627 304 2682 eut
332 2616 374 2681 de
398 2617 562 2684 industrie
592 2615 674 2683 falso
707 2616 883 2704 descripte,
918 2619 952 2681 in
986 2638 1141 2700 magnam

24 2711 252 2782 obscuritatem
276 2713 404 2782 inducti
430 2717 505 2782 siut
531 2753 573 2764 -
598 2715 697 2782 Modo
708 2717 779 2801 jem
795 2738 835 2780 ee
851 2737 936 2800 quae
953 2715 996 2778 ed
1012 2714 1141 2778 electio·

23 2831 94 2876 neue
128 2811 256 2878 Urbani
301 2825 335 2878 et
379 2822 485 2878 ortum
531 2813 718 2878 schismatis
759 2823 912 2898 spectent
952 2814 1142 2876 accuratius

89 3125 111 3192 ²)
131 3123 201 3180 Ibid.
221 3141 242 3180 e.
264 3123 305 3180 10,
334 3153 367 3164 -
395 3124 564 3194 (insistente,
590 3125 635 3191 qui
655 3123 752 3180 dubius
771 3125 866 3182 meret
885 3125 912 3178 'ru
932 3123 1091 3190 quaestione
1109 3122 1141 3176 de

22 3203 160 3260 schismate
179 3204 340 3264 occidentali
359 3205 441 3274 (qnod
458 3206 528 3262 setis
547 3205 644 3260 mirum
663 3213 706 3260 est
723 3205 753 3262 in
764 3205 816 3260 tali
833 3204 986 3271 scriptore),
1006 3203 1143 3258 chasneto·

25 3299 72 3338 rem
90 3283 173 3340 eleeti
190 3283 325 3354 pontificis
344 3285 386 3338 ita
403 3283 546 3340 describit:
567 3285 623 3350 „Le
641 3285 754 3342 schinne
774 3285 844 3339 etsie
857 3286 1014 3348 consumme,
1034 3290 1062 3338 et
1074 3298 1143 3350 pour

24 3363 44 3416 le
60 3365 191 3424 souteuir.
211 3363 232 3419 il
250 3363 313 3418 laet
331 3379 433 3420 erouer
452 3381 503 3434 qne
522 3365 561 3418 les
581 3365 729 3420 cardineux
749 3365 861 3420 avaient
880 3363 933 3420 leit
952 3379 988 3418 uu
1007 3361 1142 3418 excellent

22 3443 92 3500 etoir
110 3461 145 3500 eu
164 3447 288 3500 densant
305 3446 334 3499 le
352 3445 423 3500 tiere
441 3449 458 3500 t
477 3445 581 3500 Robert
599 3447 633 3500 de
652 3447 770 3500 Genera
797 3446 899 3500 C'eteit
916 3459 953 3500 uu
973 3459 1143 3512 personuanc

22 3523 164 3595 distingne,
189 3527 235 3593 qui
260 3524 392 3594 comptait
409 3527 477 3580 dens
495 3543 526 3581 se
544 3526 649 3582 famills
667 3543 721 3584 une
745 3526 913 3582 illustretion
936 3524 1075 3587 ancienne,
1096 3523 1143 3578 des

23 3605 145 3664 effiancee
164 3621 231 3664 erec
249 3607 405 3676 lupinum
423 3607 472 3662 des
488 3607 606 3663 naisum
625 3606 730 3676 reyeles
749 3607 783 3662 de
795 3607 929 3676 l'liurope,
949 3611 978 3660 et
990 3603 1090 3672 nequet
1109 3619 1141 3656 on

24 3701 51 3739 ue
62 3687 177 3756 peurait
189 3693 326 3744 contester
344 3687 384 3742 les
403 3687 515 3751 taleme,
536 3686 646 3757 leserit,
666 3687 803 3756 becumen
816 3687 849 3740 de
863 3700 980 3753 courege
992 3682 1142 3753 perseurml.

24 3772 48 3818 et
63 3783 113 3822 une
140 3767 338 3836 magnanimite
362 3768 395 3820 de
420 3769 556 3822 caractere
581 3767 627 3838 qui
650 3768 688 3822 lui
713 3767 862 3824 dounaient
887 3767 933 3822 des
959 3765 1057 3818 elleres
1082 3779 1142 3818 sorr·

25 3849 149 3905 emines.
185 3846 257 3902 Meis
280 3847 374 3902 c'etait
398 3861 434 3901 un
462 3849 551 3916 metat
576 3847 654 3904 d’une
682 3848 786 3916 grande
804 3845 949 3909 ambitien,
981 3845 1013 3898 de
1037 3857 1144 3901 moeurs

22 3929 167 3992 mlieres,
193 3928 338 3994 pesaierme
356 3943 424 3994 pour
443 3928 468 3982 le
486 3927 567 3993 laste,
592 3929 725 3997 prodigus
749 3929 816 3984 dans
835 3943 877 3981 ses
896 3925 1033 3994 deperisse,
1058 3924 1142 3992 leger,

25 4021 67 4072 osa
94 4008 224 4078 sentique
252 4024 308 4064 ens
330 4008 447 4072 elisisse,
473 4015 502 4063 et
527 4009 607 4066 d'une
632 4011 782 4064 renerumee
805 4022 857 4074 peu
881 4005 949 4060 reite
973 4019 1041 4072 nour
1060 4003 1085 4058 le
1102 4019 1144 4056 re·

23 4089 187 4144 commender
205 4104 259 4142 auu
272 4088 385 4158 regards
404 4089 437 4142 de
456 4088 584 4157 l’opinion
602 4088 745 4158 publiqne;
765 4103 811 4140 cer
829 4087 924 4142 c'eteit
943 4085 980 4138 lui
1000 4083 1045 4151 qui
1066 4083 1144 4138 erait

24 4169 103 4224 rende
123 4168 240 4232 verneil,
268 4173 297 4223 et
320 4169 437 4224 ordoune
465 4169 491 4224 le
518 4186 564 4224 sac
591 4169 624 4226 de
647 4168 773 4225 Oeneum·
811 4167 881 4222 Hist.
911 4165 943 4218 de
972 4165 999 4219 la
1017 4164 1141 4234 Pepeute

24 4250 133 4314 pendent
154 4250 180 4303 le
200 4248 279 4302 XIVu
298 4249 385 4307 siecle.
405 4248 434 4302 Τ.
455 4248 506 4305 Ill.
526 4248 556 4308 L,
577 4247 655 4306 XIII.
