2828 4842
260 459 299 512 De
318 459 344 512 vi
366 459 488 512 coactiva
505 458 642 513 Ecclesiae
661 459 688 512 iu
709 457 865 523 haereticos.
1071 459 1123 512 351

39 599 142 663 decreta
171 611 279 665 contra
302 601 486 666 haereticos
510 604 545 666 iu
570 601 719 666 Concilio
752 603 965 666 oecumenico
989 601 1124 666 Latera-

36 703 103 762 sensi
115 699 172 780 111,
196 724 225 764 a.
250 701 335 764 1179
360 699 421 764 sub
447 699 639 765 Alexandro
655 699 706 762 Ill
731 699 906 764 celebrato.
942 701 1020 765 lam
1045 701 1123 764 cita·

37 797 146 883 sinac)
168 820 236 884 cap.
251 797 388 863 XXVII
412 797 451 860 de
473 799 649 875 haereticis,
673 796 761 883 quod
787 799 905 883 incipit
924 796 1032 862 allatis
1052 819 1123 860 ver-

35 892 69 956 bis
87 907 115 958 et
136 899 326 960 auctoritate
350 919 376 961 s.
400 895 532 961 Leonis.
589 895 703 978 „Sicut
725 897 773 959 ait
796 895 913 960 beatus
935 896 1014 975 Leo,
1046 895 1123 960 lieet

1 1058 2 1064 χ
34 991 224 1058 ecclesiastica
245 993 432 1080 disciplina,
457 993 651 1058 sacerdotali
669 1003 824 1058 contenta
843 994 983 1079 judicio,
1008 1015 1123 1057 cruen-

1 1099 2 1168 ]
32 1107 66 1152 tas
86 1116 142 1158 uon
177 1095 299 1158 afliciat
331 1093 487 1173 ultiones,
519 1090 757 1156 catholicorum
788 1101 900 1155 tamen
932 1092 1122 1177 principum

32 1192 293 1256 constitutionibus
317 1191 506 1276 adjuvatur,
531 1200 569 1252 ut
592 1211 692 1274 saepe
716 1199 878 1274 quaerant
902 1189 1051 1253 homines
1076 1211 1123 1252 sa-

30 1285 86 1352 lutis
105 1290 293 1372 remedium,
326 1310 401 1352 cum
431 1286 599 1373 corporale
630 1309 729 1372 super
759 1309 796 1350 se
827 1296 979 1350 metuunt
1008 1288 1123 1351 venire

30 1385 232 1470 supplicium.“
281 1389 371 1451 Dein
391 1396 505 1449 contra
521 1384 721 1469 Albigenses
737 1383 883 1470 aliosque
900 1383 1024 1448 similes
1048 1384 1122 1449 liae·

29 1486 121 1548 reticos
143 1507 322 1570 eorumque
352 1494 552 1570 protectores
583 1482 668 1564 illae,
702 1505 787 1568 quae
812 1484 846 1546 in
870 1482 997 1568 synodo
1021 1483 1122 1547 Turo-

29 1583 108 1658 nensi,
131 1593 320 1646 statuuntur
343 1603 479 1667 poenae.
532 1579 741 1661 Prohibetur,
774 1583 950 1666 quominus
974 1580 1122 1644 defuncti

29 1678 214 1744 christianam
248 1681 411 1764 recipiant
441 1677 654 1763 sepulturam.
718 1679 776 1742 Ait
810 1699 906 1763 porro
947 1677 1121 1762 Synodus:

30 1775 200 1842 .llelaxatos
224 1788 334 1841 autem
359 1798 393 1840 se
418 1780 572 1841 noverint
587 1799 607 1840 a
622 1777 733 1842 debito
749 1776 918 1842 fidelitatis
933 1787 966 1841 et
982 1776 1121 1842 hominii

26 1897 53 1936 ac
72 1879 162 1940 totius
186 1875 349 1962 obsequii,
374 1874 480 1938 donec
504 1877 538 1938 in
562 1885 655 1939 tanta
679 1877 855 1960 iniquitate
871 1877 1121 1960 permanserint,

25 1975 189 2061 quicunque
214 1973 278 2038 illis
301 1982 456 2037 tenentur
478 1973 588 2059 aliquo
613 1983 710 2059 pacto
734 1974 868 2038 annexi.
902 1975 988 2058 Ipsis
1011 1983 1122 2038 autem

25 2075 194 2158 cunctisque
228 2070 383 2136 fidelibus
415 2073 447 2134 iu
477 2072 706 2136 remissionem
737 2081 948 2155 peccatorum
980 2072 1122 2156 iujungi-

25 2189 88 2248 mus,
117 2181 152 2234 ut
182 2172 284 2234 tantis
317 2168 469 2232 cladibus
501 2191 534 2232 se
565 2167 706 2232 viriliter
736 2177 915 2253 opponant,
947 2178 979 2231 et
1009 2180 1123 2233 contra

23 2287 64 2329 eos
83 2270 179 2332 armis
202 2267 363 2354 populum
388 2266 605 2330 christianum
629 2275 793 2332 tueantur.
829 2265 1122 2354 Confiscenturque

25 2385 115 2430 eorum
137 2366 236 2444 bona,
261 2375 294 2429 et
317 2364 459 2428 liberum
483 2366 526 2429 sit
540 2362 749 2449 principibus
765 2364 954 2451 hujusmodi
972 2365 1124 2430 homines

24 2463 162 2547 subjicere
186 2463 351 2526 servituti.
399 2461 465 2541 Qui
489 2472 601 2526 autem
625 2463 659 2526 in
677 2485 756 2526 vera
771 2465 975 2548 poenitentia
998 2463 1046 2527 ibi
1070 2464 1123 2528 de-

25 2563 167 2642 cesserint,
192 2573 227 2624 et
250 2571 460 2645 peccatorum
477 2558 720 2644 indulgentiam
744 2571 777 2624 et
800 2561 944 2625 fructum
962 2561 1124 2626 mercedis

24 2673 153 2723 aeternae
177 2681 214 2722 se
231 2681 297 2722 nou
314 2657 467 2722 dubitent
481 2662 723 2743 percepturos.“
767 2658 854 2722 Dein
872 2661 991 2745 eisqui
1009 2673 1124 2724 contra

25 2751 182 2822 haereticos
213 2779 307 2820 arma
339 2757 554 2841 susceperint,
585 2755 744 2819 dicaciam
774 2756 813 2820 de
842 2757 987 2846 injuncta
1013 2759 1124 2843 poeui-

24 2856 100 2916 tenu‘a
113 2853 293 2935 relaxatur,
319 2853 372 2918 vel
388 2853 430 2917 ad
447 2853 621 2917 arbitrium
639 2855 870 2939 episcoporum
894 2857 994 2919 etiam
1020 2855 1125 2941 major

23 2951 56 3013 eis
75 2951 280 3036 indulgentia
311 2950 512 3034 conceditur,
545 2953 571 3016 si
606 2951 804 3016 diuturniori
835 2961 981 3038 tempore
1010 2964 1125 3018 contra

23 3069 62 3110 eos
81 3053 345 3135 pugnaverint.⁸)
392 3049 465 3113 Hoc
490 3049 660 3114 decretum
681 3073 760 3114 sane
777 3053 949 3135 permagni
966 3053 1123 3116 momenti

23 3158 72 3213 est:
85 3171 103 3212 a
115 3147 266 3213 Concilio
284 3149 496 3212 oecumenico
514 3149 601 3212 enim
619 3146 789 3212 Ecclesiae
806 3149 926 3212 diserte
944 3149 1001 3235 jus
1016 3149 1123 3213 vindi·

24 3255 102 3324 estur,
134 3259 171 3311 ut
194 3243 434 3330 temporalibus
464 3247 580 3331 poenis
603 3244 760 3310 haeretici
787 3257 1010 3328 coerceantur,
1042 3247 1124 3311 tales

23 3359 123 3423 menae
145 3353 348 3424 statuuntur,
379 3342 422 3407 ab
446 3342 600 3428 homagio
632 3365 672 3408 ac
702 3343 869 3409 fidelitatis
900 3345 1012 3409 debito
1045 3367 1125 3429 erga

23 3433 181 3507 haereticos
214 3440 389 3505 solvuntur
420 3441 555 3523 subditi,
586 3451 619 3505 et
642 3441 707 3506 illis
738 3445 795 3529 qui
826 3443 868 3508 ad
893 3446 1124 3529 episcoporum

25 3549 81 3600 uta
109 3551 262 3626 pugnant
293 3548 407 3603 eontra
438 3538 630 3620 haereticos,
664 3539 908 3625 indulgentiae,
941 3543 987 3605 uti
1013 3563 1123 3605 cruce·

24 3634 146 3718 signatis,
171 3637 412 3718 conceduntur.

90 3744 139 3811 46.
171 3745 275 3810 Brevi
299 3754 383 3828 post,
408 3741 566 3805 videlicet
589 3765 618 3806 a.
639 3745 734 3825 1184,
760 3744 911 3809 Veronae
936 3745 1051 3809 habita
1075 3755 1124 3808 est

25 3843 144 3939 tyuodus
167 3841 225 3906 vel
249 3852 448 3921 conventus,
473 3842 526 3903 cui
551 3841 772 3906 iuterfuerunt
795 3841 922 3908 Lucius
938 3845 990 3908 III
1014 3844 1111 3907 Ponti

25 3946 71 4016 tex,
93 3939 117 4002 F
119 3940 308 4005 ridericusl
333 3940 525 4023 Imperator,
550 3959 589 4002 ac
613 3938 708 4003 multi
730 3941 897 4025 praesules
912 3953 945 4006 et
960 3962 1112 4027 proceres

82 4161 98 4226 ι)
115 4159 146 4214 v.
165 4161 282 4214 osaea
302 4158 403 4214 xxm.
423 4174 449 4214 n.
468 4161 511 4214 49.

81 4237 145 4306 ur.
163 4239 256 4294 naute
276 4239 309 4295 x.
332 4239 409 4293 mea.
