2858 4834
284 432 343 488 ’248
557 433 657 490 XXVI.
678 434 717 486 De
735 432 901 488 Pontificatu
919 433 1070 487 Innocentii
1090 433 1142 488 ΙΙΙ.

289 576 367 641 Οιιο
391 576 501 662 quoad
517 576 709 662 Imperium.
739 577 837 640 Forte
860 578 1075 654 existimavit,
1101 599 1202 662 quum
1219 577 1416 642 Fridericus

175 716 180 726 ·
288 673 437 742 nondum
468 685 643 740 coronatus
673 684 758 738 esset
794 676 827 738 in
856 674 1108 760 Imperatorem,
1149 673 1212 738 sibi
1243 696 1310 738 non
1342 697 1416 740 esse

288 772 432 857 Imperio
456 772 655 854 cedendum,
680 794 742 837 nec
767 771 1006 858 depositionem
1030 793 1125 836 suam
1150 781 1186 835 ut
1202 772 1414 836 definitivam

289 869 487 937 habendam.
535 868 598 934 Vel
630 871 694 955 ipsi
726 892 917 956 persuasum
959 891 1024 933 non
1064 869 1141 949 fuit,
1180 873 1414 934 auctoritatem

287 968 458 1032 Pontificio
481 969 580 1032 talem
605 967 784 1034 inhaere
809 991 889 1049 esse,
915 979 951 1032 ut
974 969 1159 1032 necessario
1184 966 1414 1032 obediendum

288 1077 391 1146 esset3
415 1066 498 1130 forte
522 1068 621 1130 etiam
646 1076 760 1130 contra
772 1065 873 1130 latam
892 1067 1090 1130 sententiam
1104 1065 1146 1128 ob
1163 1065 1416 1150 subreptionem

289 1163 342 1228 vel
366 1165 594 1250 obreptionem
618 1165 728 1248 excipi
752 1185 848 1249 posse
872 1163 1038 1228 censebat.
1068 1163 1180 1227 Etiam
1202 1163 1316 1227 hocin
1336 1187 1416 1228 casu

288 1262 418 1326 adverti
442 1272 558 1347 potest,
583 1264 715 1326 nonnisi
740 1283 816 1325 cum
842 1262 1038 1326 difficultate
1062 1261 1207 1347 quadam
1231 1262 1419 1326 Pontifices

289 1361 518 1426 auctoritatem
543 1361 623 1446 ipsis
639 1361 807 1444 propriam
824 1361 1020 1440 exercuisse,
1046 1380 1178 1445 eosque,
1203 1362 1259 1445 qui
1282 1383 1328 1424 ex
1339 1363 1424 1446 jure

289 1457 403 1523 sociali
434 1457 476 1522 ab
505 1458 659 1522 omnibus
689 1467 821 1543 recepto
846 1467 940 1522 actus
962 1458 1164 1522 Pontificum
1187 1454 1287 1520 facile
1312 1457 1418 1543 expli-

289 1557 357 1621 cari
380 1578 476 1641 posse
493 1557 679 1641 opinantur,
703 1554 810 1620 levius
826 1577 932 1642 aequo
948 1578 1000 1618 res
1017 1554 1171 1620 difficiles
1186 1555 1362 1640 expedire.
1378 1593 1418 1602 -

290 1654 465 1720 Caeterum
489 1655 523 1718 in
547 1655 678 1738 negotio
702 1653 776 1734 hoc,
801 1654 842 1718 de
858 1676 923 1739 quo
948 1655 1085 1736 egimus,
1111 1654 1350 1716 Innocentium
1368 1653 1418 1716 111

289 1775 328 1816 ea
352 1751 477 1835 fecisse,
502 1774 586 1837 quae
610 1753 712 1816 officii
737 1753 808 1838 ejus
832 1763 941 1838 partes
965 1761 1068 1833 erant,
1093 1760 1191 1836 atque
1207 1773 1266 1835 pro
1287 1752 1421 1816 viribus

289 1849 460 1914 Ecclesiae
495 1861 527 1913 et
562 1851 697 1936 Imperii
737 1849 824 1914 bono
863 1850 1057 1936 providisse,
1098 1872 1139 1914 ex
1179 1849 1278 1912 dictis
1320 1850 1425 1913 facilc

288 1946 433 2033 colliges.
528 1980 532 1988 =

824 2485 883 2549 11.

341 2653 407 2717 De
429 2671 560 2718 eausa
581 2653 915 2832 ιιιαιιήιιιοιιέῗιξιΒ
917 2653 1108 2734 mutam
1129 2651 1186 2723 II
1202 2661 1380 2725 Galliae

791 2770 817 2815 a·

122 2937 244 2986 Philinus·
218 2935 283 2975 11·ss
382 2926 435 2991 28.
477 2925 590 3005 Quum
622 2928 831 2990 sanctitatem
861 2927 1063 2992 matrimonii
1088 2944 1202 2997 contra
1225 2938 1425 3022 principum

132 3001 193 3039 mn
152 3009 274 3040 'ww
221 3011 449 3102 ¹¹²libidines
479 3027 562 3088 tueri
596 3047 726 3110 semper
757 3025 855 3089 officii
897 3026 947 3088 sui
975 3025 1131 3092 duxerint
1161 3031 1308 3097 Romani
1344 3037 1425 3098 Pon·

292 3123 408 3206 tifices,
440 3124 632 3208 praesertim
665 3122 798 3209 quando
830 3122 985 3188 scandalo
1018 3125 1162 3211 publico,
1195 3130 1247 3193 vel
1271 3134 1423 3217 appella·

293 3223 382 3286 tione
406 3222 449 3285 ad
469 3221 588 3288 Sedem
604 3221 798 3297 Romanam,
823 3234 1100 3304 provocarentur:
1125 3231 1296 3313 egregium
1325 3233 1425 3316 plane

293 3321 418 3403 vigoris
441 3319 612 3405 apostolici
645 3317 834 3403 exemplum
875 3319 1028 3403 praebuit
1052 3321 1265 3390 Innocentius
1293 3327 1350 3394 III
1391 3332 1423 3392 ia

293 3439 392 3482 causa
430 3417 663 3481 matrimoniali
687 3414 834 3500 Philippi
859 3416 1003 3508 Augusti
1034 3417 1163 3486 Galliae
1202 3425 1303 3508 regia.
1357 3428 1420 3490 Hir

291 3517 456 3601 princeps,
480 3524 577 3578 natus
601 3536 687 3578 anno
715 3514 809 3594 1165,
834 3513 1007 3580 Ludovioo
1022 3517 1086 3582 VH
1110 3523 1197 3604 patri
1219 3544 1313 3587 anno
1338 3525 1424 3588 1180

292 3621 495 3678 successerat
517 3612 551 3676 in
575 3634 724 3695 regnum,
749 3611 839 3698 quod
862 3633 928 3675 non
953 3615 1023 3678 sine
1046 3614 1145 3680 laude
1169 3621 1317 3698 virtutis,
1350 3645 1422 3708 pru

293 3709 480 3774 dentiaeet
503 3709 707 3774 fortitudinis
731 3709 963 3774 administrare
981 3713 1072 3778 visus
1096 3727 1156 3780 est.
1186 3717 1252 3782 Sed
1277 3741 1424 3803 magnas

292 3809 466 3873 suscitavit
490 3807 647 3871 Romanis
670 3805 887 3872 Pontificibus
911 3807 1054 3874 difficule
1041 3820 1134 3896 tates,
1159 3837 1260 3900 quum
1288 3831 1421 3882 mortua

292 3907 399 3993 prima
423 3925 527 3969 uxore
549 3904 734 3986 Elisabeth,
767 3928 809 3969 ex
833 3928 898 3991 qua
923 3904 1027 3970 filium
1052 3908 1170 3976 habuit
1191 3913 1423 3994 Ludovicum,

292 4003 375 4068 alias
399 4003 532 4088 nuptias
557 4013 633 4067 cont
621 4002 774 4069 traheret.
822 4004 934 4066 Missis
957 4002 1055 4088 legat
1048 4029 1075 4070 rs
1098 4031 1158 4072 rex
1181 4033 1201 4074 a
1218 4009 1357 4077 Canuto
1373 4013 1421 4077 ΙΙΙ

292 4103 424 4166 Daniae
453 4122 530 4185 rege
558 4103 592 4190 in
618 4103 864 4166 matrimonium
896 4103 926 4165 ei
959 4101 1030 4167 dari
1062 4109 1158 4190 petiit
1180 4109 1421 4196 ingeburgam,

290 4201 379 4285 regis
402 4220 556 4280 sororem,
589 4201 754 4284 virginem
783 4200 899 4264 decem
931 4209 964 4263 et
995 4213 1069 4266 octo
1100 4227 1275 4288 annorum,
1309 4211 1423 4294 specie
