2964 4838
310 439 364 493 400
436 437 549 491 XXXV.
569 437 609 491 De
628 437 727 496 concil.
746 435 896 491 Basileensi
915 437 998 492 aede
1017 437 1123 504 Synedo
1142 437 1306 495 Florentius.

313 579 405 644 Sedis
428 578 633 668 Apostolicoe
663 580 836 645 redieruut.
885 579 1036 644 Profecto
1068 581 1112 645 ab
1137 583 1280 667 Eugenii
1304 584 1347 648 lv
1378 588 1418 648 in·

311 681 457 744 tentione
483 677 702 764 dependebat,
728 689 765 741 ut
785 677 974 742 Concilium
999 700 1065 765 qua
1089 683 1336 745 oecumenicum
1359 692 1418 746 tum

312 776 501 842 Florentiae
533 786 603 839 tum
629 776 754 840 Romae
788 776 1048 842 continuaretur.
1096 777 1195 841 Hanc
1226 799 1303 842 vero
1332 780 1419 842 fnisse

312 876 528 940 intentionem
553 873 624 958 ejus
648 875 728 938 satis
744 895 786 937 ex
799 874 1008 938 documentis
1025 873 1211 958 colligitur,
1235 899 1275 939 ec
1287 877 1420 940 defectus

312 974 345 1036 in
370 972 533 1037 materiali
563 973 865 1056 repraesentatione
890 971 1061 1036 Ecclesiae
1093 983 1229 1058 propter
1251 972 1418 1038 absentiam

311 1069 529 1151 Graecorum,
555 1069 727 1156 (videntur
739 1079 850 1132 tamen
875 1067 1023 1132 adfuisse
1036 1070 1213 1134 Bessarion
1239 1083 1272 1134 ct
1292 1071 1422 1134 isidorus

310 1167 448 1232 Russiae
473 1169 670 1252 episcopus),
703 1169 900 1231 auctoritate
923 1167 1095 1252 pontificia
1125 1169 1273 1256 suppleri
1297 1179 1420 1254 poterat.

400 1265 453 1330 65.
490 1263 737 1329 Concludamua
768 1264 856 1328 hauc
880 1264 1145 1330 dissertationem
1180 1267 1307 1352 aliquot
1328 1267 1420 1330 obser·

209 1377 253 1406 ¹²⁸·
311 1363 518 1442 vationibus,
542 1385 628 1448 quae
651 1373 803 1447 spectant
827 1361 952 1428 cultum
977 1373 1090 1448 postea
1115 1364 1303 1428 exhibitum
1329 1363 1421 1427 Ludo-

311 1463 384 1524 vico
419 1461 589 1526 Cardineli
613 1461 819 1541 Arelatensi,
855 1463 911 1546 qui
944 1460 1165 1526 conciliabulo
1189 1463 1370 1526 Basileensi
1397 1478 1421 1523 et

309 1560 539 1624 Lausannensi
557 1579 662 1645 usque
674 1559 717 1622 ad
735 1557 985 1622 dissolutionem
998 1559 1069 1640 ejus
1081 1561 1236 1644 praefuit.
1251 1559 1303 1623 De
1316 1559 1420 1623 Potter.

310 1655 495 1722 virulentus
526 1656 579 1721 ille
604 1657 823 1722 catholicismi
848 1656 1078 1738 adversarius,
1114 1669 1151 1720 ut
1184 1660 1347 1722 conviciis
1368 1659 1420 1720 suis

308 1755 430 1820 laceret
463 1765 497 1819 et
531 1756 667 1819 irrideat
701 1777 725 1821 s.
757 1753 895 1834 Sedem‚
931 1754 1187 1834 animadvertit,
1225 1753 1419 1820 Cardinalen

309 1853 555 1930 Arelatensem,
588 1852 678 1918 nullo
701 1871 850 1937 unquam
875 1849 1026 1916 exhibito
1057 1853 1309 1938 resipiscentiae
1334 1855 1418 1936 signo.

309 1975 349 2016 ao
373 1950 464 2016 nulla
494 1951 627 2037 prodita
650 1951 896 2036 significatione
920 1949 1042 2015 doloris
1073 1949 1115 2014 ob
1140 1949 1355 2014 schismatica
1376 1971 1415 2010 sus

308 2050 474 2130 facinora,
510 2051 544 2112 in
585 2069 768 2134 permagna
800 2049 987 2112 sanctitatis
1028 2049 1115 2112 fama
1155 2057 1326 2112 mortuum
1357 2067 1412 2110 esu.
1456 2055 1457 2070 ¹

310 2147 413 2211 multa
442 2147 485 2211 ad
510 2147 581 2232 ejus
605 2145 818 2231 sepulchrum
842 2155 972 2232 patrata
1001 2167 1072 2210 esse
1094 2145 1274 2228 miracula,
1314 2157 1347 2209 ct
1368 2143 1416 2208 Cle

310 2255 454 2310 mentem
479 2243 562 2327 Vll,
598 2244 686 2308 edito
710 2245 811 2308 Brevi
843 2243 1041 2329 apostolico,
1078 2243 1220 2308 honores
1252 2243 1300 2308 illi
1331 2263 1418 2308 suoru

308 2345 364 2428 qui
384 2343 496 2408 Beatis
519 2342 634 2407 haberi
657 2341 763 2408 solent
787 2341 1015 2422 decrevisse.¹)
1052 2339 1183 2407 Similia
1200 2343 1312 2406 ‘etiam
1328 2341 1416 2406 Janru

309 2441 451 2506 irridens
483 2439 763 2526 animadvertat)
809 2441 903 2504 Haeo
935 2442 1036 2524 igitar
1068 2439 1313 2526 aliquantisper
1342 2440 1420 2502 eluci·

310 2539 389 2603 (lare
412 2551 635 2625 opportunum
660 2560 731 2602 esse
754 2538 898 2604 videtur.

399 2639 452 2702 66.
490 2636 869 2723 HauricusSpondanus
893 2636 935 2700 ad
960 2659 989 2702 a.
1017 2637 1112 2702 1438.
1137 2659 1170 2700 u.
1193 2640 1246 2700 11.
1272 2636 1316 2702 de
1331 2633 1421 2699 Lado-

310 2738 384 2801 vico
409 2735 572 2800 Alemano
597 2734 768 2800 Cardinali
799 2757 824 2798 s.
851 2733 1034 2815 Caeciliae,
1071 2733 1326 2820 archiepiscopo
1358 2733 1421 2796 Are

308 2834 436 2916 latensi,
461 2836 507 2898 ita
519 2833 636 2898 habet:
664 2833 745 2917 ,Vir
768 2831 904 2918 quidem
921 2831 976 2896 ille
993 2831 1196 2896 Arelatensis
1212 2829 1422 2914 legationibus
1455 2897 1456 2906 ἦ

311 2932 510 3018 Apostolicis
532 2932 672 3018 aliisque
696 2931 795 2996 rebus
819 2929 987 3016 praeclare
1006 2931 1107 3014 gestis
1124 2931 1277 3014 insignis,
1307 2949 1422 3012 magna·
1455 3001 1456 3020 Χ

309 3053 373 3117 que
396 3033 529 3117 pietate,
559 3030 710 3094 doctrina
733 3040 767 3092 et
789 3029 947 3112 religione
971 3050 1011 3092 ao
1035 3029 1125 3092 vitae
1149 3029 1341 3110 integritate
1362 3047 1422 3088 con·
1455 3059 1456 3104 p

309 3131 454 3216 spicuus,
479 3128 537 3192 sed
561 3150 659 3214 quem
685 3129 757 3191 sive
781 3126 931 3191 simultas
950 3125 1061 3211 aliqua
1086 3129 1117 3204 (a
1134 3124 1287 3211 pluribus
1304 3138 1421 3189 asserta

308 3226 387 3292 lieet
402 3247 467 3290 non
485 3225 567 3290 adeo
582 3224 746 3311 probata),
771 3247 829 3288 seu
853 3223 942 3288 zelus
967 3243 1032 3288 aon
1056 3223 1241 3287 seeundum
1262 3223 1420 3287 scientiam
1455 3239 1456 3288 l

309 3335 342 3389 et
371 3327 475 3388 nimia
499 3323 655 3390 credendi
687 3319 984 3387 calumniatoribus
1017 3319 1179 3402 facilitas,
1214 3319 1260 3385 ab
1284 3319 1421 3402 Eugenio

308 3433 507 3502 retraxerat,
543 3433 576 3485 et
607 3424 638 3485 in
666 3421 858 3486 defensione
882 3420 1023 3485 Concilii
1048 3415 1251 3484 Basileensis
1283 3417 1420 3482 obfirma·

310 3533 412 3587 verat.
460 3521 527 3586 Sed
550 3520 739 3584 schismatis
770 3518 849 3583 hinc
873 3521 978 3583 exorti
1001 3516 1135 3603 eulpam
1165 3519 1275 3602 ipsam
1301 3515 1420 3580 diluisse

309 3617 449 3702 intelligi
474 3618 572 3682 datur
595 3641 637 3682 ex
661 3627 774 3681 sancto
799 3618 870 3702 ejus
895 3616 976 3697 fine,
1013 3619 1136 3702 quippe
1160 3633 1258 3700 quem
1283 3625 1318 3678 et
1340 3613 1420 3676 miu-

310 3716 393 3781 culis
422 3718 465 3783 ad
490 3717 561 3802 ejus
585 3715 796 3802 sepulchrum
823 3714 956 3778 Arelate
987 3713 1057 3780 fieri
1092 3713 1211 3791 solitis,
1245 3723 1281 3775 ut
1305 3711 1421 3776 Aeneas

309 3814 446 3900 Sylvius
469 3823 616 3896 testatur,
642 3813 799 3878 claruisse
823 3823 966 3892 constat,
1001 3820 1035 3875 et
1057 3831 1126 3875 una
1149 3831 1225 3875 oum
1249 3809 1345 3874 Petro
1368 3807 1419 3870 Lu·

309 3913 516 3998 xemhurgio,
549 3933 647 3999 quem
672 3933 777 3998 aeque
801 3913 835 3974 in
860 3910 1037 4002 schismate
1062 3908 1123 3974 sub
1149 3905 1321 3974 Clemente
1344 3905 1418 3969 dioto

384 4075 405 4135 ¹)
425 4074 546 4128 Histoire
572 4071 782 4140 philosophique,
809 4070 941 4137 politione
965 4073 994 4122 et
1019 4069 1137 4135 critique
1161 4068 1196 4121 du
1223 4065 1411 4120 christianitas

309 4145 339 4198 Τ.
360 4145 407 4198 IV.
427 4145 457 4198 L.
480 4148 503 4199 l.
523 4161 548 4211 p.
573 4145 630 4200 122.

383 4226 406 4298 ²)
425 4226 513 4280 Janus
532 4241 558 4293 p.
577 4225 640 4278 358.
