2868 4844
269 410 322 464 214
466 407 581 462 XXXII.
602 407 641 462 De
660 406 837 461 Pontificibus
856 405 996 461 Arenione
1015 406 1193 462 commutatis.

269 553 339 638 ipso
372 551 459 638 quod
490 550 692 635 agnoscebat
724 550 864 614 electum
889 559 926 612 ut
949 571 1070 632 regem,
1097 550 1155 636 jus
1187 552 1216 613 ei
1244 549 1382 614 faciebat

269 648 311 713 ad
354 670 509 714 coronam
540 660 573 714 et
603 659 797 734 potestatem
835 646 1051 733 imperialem.
1107 647 1191 713 Jura
1221 648 1382 714 Pontilicis

270 750 373 833 igitur
396 747 553 812 electores
576 750 611 812 iu
636 750 698 812 ista
723 745 946 811 declaratione
971 767 1036 810 non
1061 748 1141 810 satis
1165 745 1381 810 considerave-

270 855 358 926 runt,
397 855 584 930 statumque
618 867 727 908 rerum
760 846 929 927 vigentem
962 865 1181 929 praepropere
1214 855 1382 908 mutarunt.

269 942 374 1006 Multo
399 944 508 1006 minus
532 953 642 1007 autem
667 953 819 1028 poterant
833 941 995 1028 ejusmodi
1012 963 1071 1008 suo
1090 941 1221 1007 decreto
1237 941 1386 1010 tribucre.

270 1039 359 1126 quod
385 1039 600 1104 nihilominus
625 1040 796 1104 intendere
824 1039 1033 1118 videbantur,
1068 1041 1137 1103 vim
1160 1042 1385 1104 retroactivam

270 1140 304 1201 in
341 1137 487 1202 favorem
524 1137 688 1200 Ludovici
730 1138 878 1200 censuris
911 1137 1083 1200 Pontilicis
1123 1125 1297 1202 constricti.
1349 1137 1386 1200 ld

270 1243 384 1320 postea
408 1248 625 1319 agnoverunt,
651 1257 752 1322 quum
777 1234 989 1316 Ludovicum
1015 1243 1051 1298 ut
1074 1234 1259 1319 legitimum
1282 1257 1385 1318 regem

272 1354 339 1397 non
378 1333 644 1412 considerantes,
684 1332 835 1397 hortante
876 1331 1038 1396 Pontilice
1074 1332 1176 1397 alium
1216 1331 1388 1414 elegerunt.

271 1433 448 1496 Praeterea
464 1453 542 1495 vero
568 1433 630 1496 ista
653 1433 766 1495 omnia
789 1455 809 1494 a
833 1431 1108 1516 promissionibus
1131 1441 1164 1494 et
1186 1432 1388 1516 supplicatio·

273 1529 371 1594 nibus
395 1529 560 1594 Ludovici
586 1528 726 1593 multum
751 1527 929 1592 distabant.

363 1628 416 1692 64.
464 1627 528 1692 Sed
553 1628 746 1692 Ludovicus
770 1629 840 1712 ipse
865 1625 962 1712 paulo
989 1637 1071 1711 post,
1101 1626 1155 1690 die
1180 1629 1217 1690 8υ
1242 1629 1387 1710 Augusti.
1429 1617 1430 1666 l

273 1729 307 1791 in
332 1728 445 1813 pejora
469 1749 567 1790 ruens
593 1725 834 1790 Constitutione
866 1725 955 1788 edita
989 1723 1180 1804 declaravit,
1208 1735 1389 1810 potestaten

272 1823 468 1910 imperialem
511 1824 631 1910 (qualis
660 1837 738 1888 tunc
767 1827 850 1904 erat)
883 1823 1061 1886 immediate
1094 1848 1116 1887 a
1150 1824 1216 1888 Deo
1248 1847 1328 1900 esse,
1365 1835 1390 1885 et

274 1924 499 2009 Imperatorem
511 1947 532 1986 a
543 1923 692 2006 Pontifice
709 1923 859 2012 judicari
871 1945 934 1984 aon
944 1943 1048 2006 pocae,
1074 1919 1239 2006 simulque
1254 1921 1294 1984 ad
1314 1919 1389 1984 Con·

274 2021 387 2085 cilium
422 2020 575 2105 generale
610 2021 802 2106 appellavit.
856 2019 950 2082 Haec
986 2041 1065 2082 saue
1101 2041 1162 2082 nec
1195 2043 1215 2082 a
1249 2020 1389 2084 Romano

273 2119 436 2182 Pontilice
468 2143 528 2182 nec
552 2143 571 2183 a
595 2119 756 2203 theologis
789 2118 916 2182 illorum
943 2127 1128 2202 temporum
1155 2118 1286 2180 admitti
1312 2129 1390 2202 pote-

274 2227 356 2282 rant.
395 2215 477 2280 lude
502 2240 543 2282 ex
568 2216 623 2280 illo
648 2228 794 2302 tempore
820 2216 1021 2299 praesertim,
1052 2215 1098 2276 uti
1119 2215 1191 2299 jana
1217 2215 1389 2283 innuimus.

273 2317 454 2379 acerrimae
485 2316 728 2379 controversiae
760 2314 800 2376 de
832 2323 950 2376 natura
974 2312 1109 2396 Imperii
1140 2335 1179 2375 ac
1204 2311 1245 2376 de
1266 2313 1390 2398 juribus

275 2415 486 2498 Imperatoris
510 2423 609 2498 atque
629 2412 799 2476 Pontilicis
817 2411 952 2474 habitae
977 2421 1064 2490 sunt,
1089 2409 1212 2494 aliique
1224 2411 1304 2494 jura
1320 2411 1392 2474 Pon·

275 2513 413 2592 tificurn,
453 2511 509 2575 alii
535 2534 624 2592 vero,
661 2512 854 2596 praesertim
879 2507 1189 2572 Pseudominoritae
1219 2518 1252 2570 et
1282 2529 1388 2572 eorum
1428 2551 1429 2556 .

277 2613 369 2692 socii,
395 2611 544 2675 fictiones
560 2609 727 2674 Ludovici
740 2619 1046 2694 propugnaverunt.
1078 2607 1130 2668 Dc
1147 2603 1293 2690 Imperio
1310 2625 1391 2668 sacro

276 2710 424 2772 Romano
451 2708 483 2772 hi
508 2731 574 2774 non
599 2708 694 2772 aliter
717 2704 915 2782 sentiebant,
940 2706 1029 2768 acsi
1056 2705 1097 2767 de
1120 2705 1258 2787 antiqno
1284 2703 1390 2766 Roma·

277 2829 392 2872 norum
426 2807 678 2893 Imperatorum,
718 2805 854 2890 Trajani
887 2815 920 2866 et
953 2801 1055 2865 Marri
1087 2799 1225 2878 Aurelii,
1258 2801 1391 2885 Imperio
1428 2797 1429 2870 l

276 2915 437 2988 ageretur,
473 2905 662 2968 historicam
695 2925 773 2968 vero
807 2903 1051 2965 institutionem
1076 2909 1108 2961 ct
1132 2900 1390 2962 constitutionem
1428 2897 1429 2928 r

276 3003 411 3088 Imperii
445 3007 626 3088 praesentis
651 3002 704 3066 vel
727 3001 825 3088 plane
851 2998 1072 3084 negligebant,
1108 2995 1160 3060 vel
1194 2995 1276 3060 false
1309 2999 1389 3060 iuter-

277 3101 502 3197 pretabaqtur.
530 3141 570 3148 -
595 3102 817 3166 Tristissimus
843 3099 968 3160 interca
1001 3095 1107 3159 factus
1132 3105 1181 3157 est
1204 3103 1311 3157 status
1334 3091 1390 3155 reli-

277 3203 385 3286 gionis
410 3211 442 3262 ct
467 3199 635 3264 Ecclesiae
661 3201 694 3264 in
720 3197 914 3262 Germania.
962 3195 1084 3278 Magna
1116 3193 1205 3256 enim
1230 3193 1305 3277 ojus
1329 3213 1391 3276 pars
1428 3241 1429 3290 l

279 3297 454 3364 interdicto
480 3297 683 3383 subjacebat,
718 3295 810 3360 multi
837 3316 914 3356 vero
940 3293 1097 3377 episcopi,
1124 3291 1209 3354 iuter
1231 3311 1318 3374 quos
1342 3289 1389 3372 ipsi
1428 3295 1429 3358 l

279 3397 436 3462 electores
470 3397 695 3469 ecclesiastici,
725 3395 797 3479 jam
829 3391 909 3456 illud
936 3413 1000 3454 non
1026 3387 1251 3454 observabant
1274 3405 1311 3450 et
1332 3407 1391 3450 een·
1428 3389 1429 3460 i

278 3498 364 3561 suris
389 3494 657 3581 implicabantur.
705 3493 836 3556 Divisio
863 3510 1044 3575 permagna
1070 3496 1140 3550 erat
1164 3487 1198 3548 in
1224 3484 1314 3548 clero
1337 3505 1390 3547 sac·
1428 3483 1429 3550 i

280 3595 381 3659 calari
409 3605 440 3655 et
464 3595 497 3656 in
523 3591 657 3654 familiis
682 3589 852 3672 religiosis.
900 3585 1037 3649 Plurimi
1070 3586 1158 3647 enim
1183 3585 1312 3668 pariter
1332 3603 1388 3644 cen·
1428 3625 1429 3652 ζ

279 3716 372 3757 suras
404 3691 627 3776 negligebant,
663 3709 865 3772 insignesque
890 3682 1102 3748 difficultates
1135 3679 1317 3760 habebant,
1348 3677 1389 3762 qui
1428 3665 1429 3758 l

279 3815 336 3855 eas
352 3790 528 3854 observare
546 3786 765 3866 studebant.¹)
797 3785 907 3864 Qtrurn
935 3805 1011 3846 vcro
1029 3804 1067 3846 ea
1085 3781 1197 3866 opinio
1224 3789 1389 3864 propagati

356 3961 376 4028 ι)
397 3959 428 4012 In
448 3959 614 4013 observando
634 3955 779 4010 interdicto
798 3971 831 4006 er
851 3951 986 4014 reliaiosis
1005 3949 1154 4004 severiores
1175 3948 1306 4002 ridentur
1324 3945 1389 4000 tuis-r

282 4041 451 4096 Dominicaui
470 4049 498 4095 et
518 4039 693 4103 Carnrelitae;
715 4033 887 4089 Franciscani
908 4047 978 4096 vero,
998 4029 1177 4084 Benedictiui.
1205 4029 1389 4082 eistemtena

282 4124 563 4175 Praemonstrstensea
582 4136 641 4172 cunr
657 4116 795 4184 Episcopis
815 4114 908 4168 multis
927 4121 956 4166 et
969 4111 1047 4166 Claro
1065 4125 1157 4164 eorum
1176 4108 1275 4162 minori
1295 4105 1388 4162 uitniun

281 4203 497 4258 observationem
516 4199 703 4269 negligebant.
741 4197 773 4252 V.
795 4195 961 4262 Darnberger
981 4201 1000 4248 t..
1021 4191 1094 4244 ΧΠ.
1116 4207 1140 4258 p.
1161 4189 1214 4244 tos
1233 4203 1291 4254 sqq,
