3000 4838
307 435 344 487 46
505 431 610 487 XXIII.
630 431 671 486 De
690 435 767 484 statu
786 429 886 484 Euclea
901 428 987 496 priori
1005 427 1092 482 medio
1110 443 1178 486 saec.
1198 427 1261 482 XII

307 574 553 640 successoribus
577 577 645 640 suis
668 572 790 660 triplex
814 572 1026 658 privilegium
1051 571 1244 654 contulisse3
1268 573 1435 658 imprimis

308 681 346 736 ut
376 673 438 759 ipsi
468 674 629 759 dignitate
648 671 849 759 juribusque
872 669 1034 757 pollerent
1055 668 1156 754 legati
1180 693 1200 733 a
1223 669 1324 734 latere
1348 668 1434 734 Pon-

306 770 423 852 tificis3
456 771 534 835 dein
558 781 594 834 ut
624 771 709 835 alius
743 769 864 833 summi
889 767 1061 832 Pontificio
1087 766 1216 852 legatus
1239 769 1327 831 intra
1350 767 1435 832 fines

306 870 401 953 regni
424 889 491 932 non
515 871 653 933 intraret
677 869 740 933 uisi
764 888 865 953 quem
888 868 952 952 ipsi
975 874 1106 951 gratum
1130 864 1310 946 haberent;
1341 865 1434 930 deni·

307 988 372 1052 que
396 976 433 1030 ut
455 966 498 1031 ad
522 967 669 1051 synodus
692 965 818 1030 Romae
842 964 1009 1050 cogendas
1033 985 1087 1028 θοι
1111 972 1239 1027 tantum
1263 963 1435 1049 praesules

307 1066 401 1149 regni
426 1064 629 1129 dimitterent
652 1085 733 1150 quos
756 1062 886 1129 liberet.
899 1100 944 1112 --
957 1059 1070 1142 Quum
1087 1083 1165 1125 vero
1189 1083 1283 1146 reges
1297 1059 1435 1127 Siciliae

306 1159 432 1245 legatos
459 1170 554 1226 natos
593 1164 627 1226 vi
662 1161 761 1248 hujus
799 1159 989 1245 diplomatis
1020 1180 1054 1224 se
1081 1181 1153 1223 esse
1184 1159 1434 1241 contenderent,

307 1261 408 1323 etiam
445 1261 557 1324 omnia
595 1282 680 1346 quae
719 1268 796 1324 sunt
831 1256 1015 1342 legatorum
1053 1279 1073 1320 a
1101 1256 1203 1321 latere
1236 1279 1270 1321 se
1302 1257 1435 1322 efficere

308 1379 403 1443 posse
433 1357 637 1440 statuebant,
670 1360 736 1422 imo
767 1365 800 1421 et
832 1354 1053 1420 substituendi
1085 1364 1279 1441 potestatem
1309 1353 1435 1419 habere

308 1477 385 1519 cum
418 1454 534 1519 eadem
566 1457 775 1537 auctoritate,
813 1455 972 1519 nimirum
1003 1462 1040 1517 ut
1066 1452 1220 1540 judicare
1252 1461 1286 1516 et
1314 1455 1436 1538 punire

307 1554 452 1638 possint,
494 1552 666 1618 absolvere
706 1562 739 1616 et
773 1553 1062 1616 excommunicare
1099 1572 1180 1636 quos
1213 1550 1333 1632 velint,
1376 1550 1434 1615 lai-

308 1671 373 1732 cos,
398 1650 588 1733 monachos,
613 1651 760 1733 clericos,
785 1653 886 1715 etiam
910 1649 1136 1714 ecclesiastiea
1158 1649 1320 1732 dignitate
1339 1671 1434 1735 prae-

307 1746 400 1828 latos,
437 1748 585 1830 abbates,
621 1751 802 1834 episcopos,
828 1759 860 1812 ct
885 1747 1162 1834 archiepiscopos,
1194 1749 1260 1810 imo
1284 1745 1317 1812 S.
1334 1747 1374 1810 R.
1393 1747 1434 1813 Ε.

309 1844 504 1910 Cardiuales
539 1845 665 1911 ibidem
697 1846 854 1930 degentes
893 1845 1002 1910 eidem
1034 1845 1250 1910 Monarchiae
1283 1843 1437 1910 subditos

309 1965 379 2008 esse
403 1942 517 2008 velint.
563 1943 790 2031 Ejusdemque
825 1966 957 2030 quoque
981 1966 1052 2008 esse
1076 1943 1308 2008 monarchicae
1330 1943 1437 2008 facul·

307 2043 394 2123 tatis,
425 2040 663 2127 appellationes
687 2043 730 2107 ad
755 2051 905 2107 sanctam
928 2040 1050 2107 Sedem
1072 2041 1299 2126 Apostolioam
1330 2043 1437 2126 impe·

309 2138 390 2221 dire,
414 2141 549 2203 nuntios
573 2139 722 2225 ejusdem
748 2150 882 2204 sanctae
906 2139 1003 2205 Sedis
1026 2161 1091 2204 non
1116 2140 1301 2220 admittere,
1331 2151 1437 2225 atque

308 2236 443 2301 demum
476 2249 628 2322 respectu
659 2237 902 2302 ecclesiasticae
928 2237 1171 2323 jurisdictionis
1193 2259 1301 2323 neque
1326 2240 1437 2323 ipsam

308 2333 428 2399 Sedem
461 2334 687 2421 Apostolicam
720 2357 956 2422 recognoscere
992 2345 1025 2399 et
1059 2334 1183 2400 habere
1218 2337 1436 2421 superiorem,

308 2434 372 2496 nisi
397 2435 431 2497 in
457 2454 536 2497 casu
560 2435 815 2518 praeventionis.
864 2434 931 2498 Ista
961 2444 1037 2498 sunt
1060 2454 1147 2519 quae
1170 2433 1299 2498 Urbani
1322 2444 1438 2498 aucto·

308 2532 405 2596 ritate
438 2530 628 2616 diplomatis
660 2553 754 2618 reges
786 2535 820 2597 in
844 2531 960 2596 Sicllia
996 2531 1061 2595 sibi
1091 2530 1189 2596 licere
1205 2531 1398 2618 soluerint,
1411 2531 1437 2618 ¹)

309 2638 409 2714 atque
432 2631 478 2693 ita
502 2651 569 2694 non
593 2629 698 2694 solum
723 2632 757 2694 in
781 2629 881 2694 rebus
905 2627 1151 2715 temporalibus,
1182 2628 1239 2693 sed
1273 2631 1373 2694 etiam
1399 2631 1437 2694 in

310 2725 537 2810 spiritualibus
561 2728 754 2792 Menarchus
778 2750 812 2792 ιθ
837 2750 906 2792 osse
931 2729 1126 2792 constitutos
1148 2726 1386 2812 gloriabantur.

137 2878 292 2936 nusum
399 2859 453 2925 58.
501 2860 553 2925 De
577 2860 749 2925 authentia
773 2859 861 2925 illius
886 2858 1013 2926 Urbani
1037 2860 1071 2926 II
1095 2860 1272 2946 privilegii,
1307 2860 1437 2926 ultimis

150 2946 286 2996 menum.
310 2957 460 3040 saeculis,
492 2959 625 3045 quando
650 2957 784 3024 Siciliae
809 2959 1031 3023 domInatores
1062 2981 1105 3022 ex
1128 2959 1244 3022 eodem
1275 2969 1437 3043 usurpata

309 3076 369 3152 sua
392 3057 427 3120 in
451 3079 503 3120 res
526 3057 768 3122 ecclesiasticas
786 3056 865 3142 jura
889 3056 1063 3120 vindicare
1087 3057 1196 3121 conati
1221 3066 1307 3138 sunt,
1334 3057 1436 3121 vehe-

309 3154 486 3218 mentiores
510 3157 754 3220 controversiae
769 3164 975 3220 exarserunt.
1007 3155 1172 3219 Baronius
1188 3156 1244 3240 qui
1263 3157 1436 3238 egregiam

309 3249 347 3314 de
370 3252 561 3318 Monarcbiu
584 3251 695 3318 Sicula
741 3253 1006 3317 dissertationem
1041 3252 1218 3317 undecimo
1247 3251 1436 3318 Annalium

307 3357 395 3412 tomo
430 3352 633 3436 conscripsit,
666 3372 733 3414 non
766 3349 870 3414 solum
902 3349 1067 3435 probavit,
1099 3351 1264 3415 immerito
1297 3349 1436 3415 Siciliae

307 3446 475 3532 principes
508 3470 550 3513 ex
583 3449 637 3513 illo
670 3447 850 3534 diplomate
883 3449 1032 3533 iugentia
1055 3448 1232 3534 privilegia
1256 3448 1435 3529 deducere,

307 3542 366 3608 sed
394 3546 493 3610 etiam
527 3546 698 3611 ostendere
729 3549 821 3611 nisus
856 3557 914 3629 est,
947 3544 1029 3610 illud
1054 3545 1211 3632 diploma,
1246 3549 1298 3612 siu
1321 3549 1436 3612 minus

307 3643 466 3726 spurium,
501 3644 616 3709 saltem
640 3643 830 3709 mutilatum
853 3645 963 3726 esse.²)
1009 3645 1096 3708 Eum
1132 3647 1235 3709 secuti
1260 3656 1337 3709 sunt
1359 3668 1436 3730 gra-

383 3885 402 3950 1)
420 3883 519 3940 Baron.
539 3883 556 3939 t
576 3901 599 3940 c

378 3973 403 4042 ⁹)
423 3973 456 4028 V.
481 3972 628 4027 Baronium
655 3973 697 4028 ad.
723 3989 747 4027 a.
777 3975 846 4028 1097
874 3988 901 4027 n.
930 3973 965 4028 18
987 3989 1044 4041 sqq.
1082 3973 1209 4030 Pluribus
1234 3975 1297 4031 dein
1321 3976 1435 4046 scriptis

306 4051 472 4107 sententiam
490 4069 566 4108 snam
594 4053 682 4107 tuitus
711 4059 761 4110 est.
799 4052 1005 4108 GenuInitatem
1033 4055 1142 4123 penitus
1169 4056 1284 4126 negavit
1302 4055 1435 4113 Nicotaus

307 4132 396 4187 Maria
407 4133 588 4188 deTedaschis
606 4133 635 4187 in
653 4134 820 4188 caelatorio
833 4135 906 4188 dello
921 4141 1035 4203 prateae
1044 4135 1214 4191 Monarcbic
1227 4137 1258 4192 di
1267 4137 1368 4193 Sicilia
1382 4145 1434 4194 cto.

306 4211 393 4266 Βοιιιθ
412 4213 491 4269 1715.
511 4243 543 4252 -
563 4213 648 4268 Plura
665 4213 728 4268 ride
746 4230 789 4283 ap.
809 4213 900 4268 Sentis
917 4214 935 4269 l.
954 4231 977 4272 c.
996 4232 1022 4284 p.
1041 4215 1068 4271 d
