3000 4838
252 445 288 496 38
449 439 554 494 XXIII.
572 439 611 494 De
629 442 706 492 statu
724 436 826 494 Eccles.
845 437 929 507 priori
948 438 1035 493 medio
1053 453 1121 492 saec
1141 437 1202 493 XII.

252 585 405 666 babetur,
436 581 530 670 'quod
561 606 581 647 e
613 583 772 667 scriptore
796 583 831 645 in
855 580 966 648 Gallia
989 581 1129 665 degente
1153 580 1299 646 alienum
1329 585 1381 647 in-

253 685 417 748 veniatur.
447 684 519 747 imo
543 702 581 744 eo
605 690 753 765 tempore
777 679 884 744 fontes
908 689 941 743 et
964 679 1165 744 documenta
1189 678 1310 768 quibus
1327 682 1378 744 uti

254 791 392 868 poterat,
414 780 521 847 ‚focile
544 777 670 842 ibidem
694 788 824 862 praesto
849 786 954 841 erant.
1002 775 1115 857 Quum
1145 778 1247 861 igitur
1270 787 1378 842 osten·

252 900 326 943 sum
356 880 399 942 sit
426 877 631 962 argumentis
662 875 785 954 solidis,
817 875 941 940 Romae
972 873 1063 939 baud
1097 874 1282 939 confectam
1306 897 1381 940 esse

253 975 463 1042 Constantini
487 975 698 1054 donationem,
722 973 849 1037 indicia
864 994 942 1038 vero
959 972 1070 1036 adsint
1092 973 1290 1058 gravissima
1305 983 1380 1038 tum

252 1084 390 1138 externa
414 1083 483 1138 tum
509 1073 648 1150 interna,
682 1071 717 1135 in
741 1069 852 1136 Gallie
875 1069 958 1134 illud
982 1070 1129 1156 diploma
1153 1093 1223 1135 esse
1248 1093 1380 1156 compo-

253 1173 363 1252 situm,
388 1170 475 1235 hane
499 1171 696 1235 sententiam
722 1170 837 1233 merito
862 1168 1089 1253 adoptandam
1106 1190 1177 1233 esse
1192 1190 1380 1234 censemus.

253 1268 448 1334 Confectum
480 1289 576 1353 porro
611 1288 683 1330 esse
713 1267 846 1331 videtur
879 1287 994 1330 versus
1029 1265 1176 1330 medium
1208 1265 1380 1332 saeculum

253 1388 388 1448 nonum,
422 1388 525 1451 quum
549 1365 647 1450 paulo
672 1375 745 1450 post
773 1362 816 1428 ab
841 1364 957 1428 Aenea
979 1363 1170 1445 Parisiensi,
1208 1363 1251 1428 ab
1276 1364 1382 1428 Hinc-

253 1486 344 1530 maro
369 1463 557 1542 Rhemensi,
582 1461 680 1526 stab
705 1461 825 1526 Adone
839 1461 1020 1526 Viennensi
1045 1461 1192 1526 edictum
1218 1459 1381 1526 Constan-

254 1563 316 1626 tini
336 1561 439 1625 veluti
464 1561 648 1646 genuinum
672 1569 958 1624 commemoretur.

219 1686 243 1714 ο·
317 1660 396 1724 148.
444 1658 519 1739 Quo
547 1657 618 1722 loco
643 1678 721 1721 vero
755 1656 903 1742 diploma
938 1654 1019 1721 illud
1043 1657 1192 1742 spurium
1217 1677 1380 1721 excusum

182 1766 187 1777 '
253 1759 305 1839 sit,
338 1756 474 1821 difficile
497 1766 547 1820 est
570 1755 801 1820 determinare.
851 1751 1057 1840 Conjecturis
1086 1754 1286 1840 quibusdam
1310 1777 1382 1820 non

253 1854 449 1942 spernendis
473 1852 513 1919 cl.
539 1851 683 1918 Grauert
706 1852 819 1916 inferri
844 1873 940 1936 posse
965 1853 1128 1937 opinatur,
1158 1854 1192 1917 in
1217 1863 1381 1918 monaste-

252 1956 300 2018 rio
330 1975 355 2018 s.
380 1952 537 2036 Dionysii
566 1972 669 2036 prope
693 1949 838 2013 Parisios
862 1971 955 2014 suam
980 1950 1142 2032 originem
1167 1949 1381 2016 Constantini

253 2053 456 2117 donationem
479 2047 646 2114 habuisse.
678 2046 871 2133 Diplomata
895 2048 1008 2132 spuria
1032 2069 1098 2111 non
1123 2070 1230 2133 pauca
1245 2047 1382 2113 labente

252 2158 399 2235 tempore
424 2151 458 2213 in
483 2148 545 2212 boe
570 2147 768 2211 monasterio
794 2145 976 2230 composita
1011 2155 1097 2228 sunt,
1134 2146 1223 2210 unde
1253 2168 1313 2231 per
1343 2171 1382 2212 se

252 2248 514 2333 suppositionem
538 2243 680 2326 fraudis,
713 2265 813 2329 quam
837 2245 927 2328 piam
952 2253 984 2306 et
1007 2243 1261 2308 condonandam
1286 2257 1381 2331 puta-

253 2349 340 2410 verit
364 2344 552 2431 diplomatis
577 2351 701 2423 auctor,
726 2341 863 2426 rejicere
887 2362 952 2405 non
978 2340 1064 2404 licet.
1096 2341 1208 2426 Pipini
1233 2344 1319 2426 regis
1346 2353 1384 2406 et

254 2441 364 2508 Coreli
399 2442 513 2527 Magni
554 2442 652 2525 stirps
694 2461 734 2503 ac
769 2439 837 2504 ieta
872 2441 1076 2503 faustissime
1111 2461 1267 2524 magnam
1303 2463 1381 2505 con-

253 2541 430 2605 nexionem
456 2562 531 2604 eum
557 2537 771 2602 celeberrimo
796 2537 851 2601 illo
876 2539 1073 2601 monasterio
1099 2537 1255 2618 habuere,
1289 2538 1383 2604 unde

253 2641 352 2704 etiam
385 2637 541 2703 monachi
572 2659 597 2700 s.
622 2636 778 2721 Dionysii
807 2635 887 2699 huic
914 2635 1060 2700 familiae
1092 2635 1228 2721 ejusque
1260 2635 1381 2701 honori

254 2736 473 2801 addictissimi
498 2744 601 2800 erant.
638 2733 818 2798 Florebant
842 2735 876 2797 in
900 2734 1099 2799 monasterio
1123 2732 1263 2815 litterae,
1288 2756 1382 2821 prae-

253 2845 302 2899 sto
327 2845 422 2899 erant
444 2835 478 2898 in
504 2835 574 2919 ipso
599 2841 632 2895 et
654 2832 689 2895 in
707 2832 895 2916 propinqua
912 2831 1049 2895 civitate
1065 2830 1246 2896 Parisiensi
1271 2833 1383 2898 fontes

253 2931 286 2996 et
309 2932 518 3012 documenta,
551 2952 635 3016 quae
668 2927 872 2993 adminiculo
903 2951 973 2993 esse
996 2939 1158 3014 poterent.
1207 2928 1273 3010 Qui
1299 2952 1381 2996 vero

253 3025 400 3115 diploma
424 3026 634 3092 Constantini
663 3027 808 3112 primum
833 3037 1102 3108 commemorant,
1133 3026 1265 3092 Aeneas
1288 3027 1381 3092 Pari·

253 3129 370 3210 siensis
393 3137 425 3190 et
448 3127 651 3191 Hincmarus
674 3123 886 3207 Rhemensis,
926 3146 1050 3189 nexum
1086 3125 1263 3210 specialem
1301 3148 1379 3190 cum

253 3224 390 3289 abbatia
419 3249 443 3289 s.
469 3223 625 3308 Dionysii
649 3220 830 3287 habebant.
879 3221 949 3288 Sita
973 3225 1062 3287 enIm
1087 3225 1159 3308 ipsa
1183 3233 1253 3288 erat
1275 3245 1380 3309 prope

254 3322 417 3406 Parisios3
446 3321 526 3386 hinc
550 3320 697 3406 profecto
722 3321 864 3401 Aeneas,
894 3322 951 3407 qui
975 3322 1120 3405 primum
1145 3322 1292 3386 notarius
1315 3321 1381 3386 tuit

249 3415 288 3485 in
312 3420 389 3485 sula
413 3419 528 3485 Caroli
549 3417 656 3501 Calvi,
691 3418 768 3483 dein
794 3439 872 3482 vero
897 3419 975 3483 inde
999 3417 1042 3482 ab
1067 3441 1155 3483 anno
1180 3420 1244 3484 853
1274 3441 1380 3505 usque

253 3518 296 3584 ad
321 3541 446 3583 annum
462 3519 527 3584 870
552 3519 727 3604 episcopus
743 3517 950 3598 Parisiensis,
975 3517 1181 3603 frequentem
1206 3528 1379 3581 consuetu-

253 3616 366 3681 dinem
395 3638 472 3680 cum
502 3615 675 3681 monachis
705 3613 792 3679 illius
821 3613 977 3680 abbatias
1000 3615 1128 3680 habuit.
1175 3615 1380 3682 Hincmarus

253 3714 450 3779 Rhemensis
475 3735 563 3796 vero,
593 3723 771 3799 antequam
796 3714 971 3800 episcopus
995 3714 1097 3795 lieret,
1133 3715 1169 3777 in
1191 3712 1328 3778 abbatia
1353 3737 1379 3778 s.

254 3813 409 3897 Dionysii
436 3814 540 3876 vitam
564 3810 753 3895 religiosam
777 3811 944 3896 professus
967 3823 1052 3890 erat,
1076 3834 1116 3876 ac
1139 3821 1253 3896 postea
1277 3813 1378 3876 etiarn

253 3912 361 3975 amico
396 3911 510 3974 favore
547 3910 782 3974 monasterium
814 3908 898 3974 illud
933 3921 1127 3994 prosecutus
1162 3919 1221 3975 est.
1282 3909 1380 3974 Unde

253 4009 434 4094 suppositio
465 4029 505 4072 ee
535 4029 606 4072 sese
630 4006 852 4090 commendat,
888 4017 1064 4092 utrumque
1095 4009 1263 4072 notionem
1288 4006 1380 4072 illius

254 4106 442 4172 donationis
466 4105 614 4170 hausisse
637 4127 680 4168 ex
705 4105 903 4169 monasterio
934 4106 1006 4169 isto.
1053 4104 1144 4185 Ado,
1176 4105 1381 4170 Viennensis

252 4205 430 4290 episcopus
452 4203 532 4268 Inde
556 4203 598 4268 ab
621 4224 709 4267 anno
727 4203 792 4268 859
818 4225 921 4289 usque
945 4203 987 4267 ad
1004 4225 1131 4268 anuum
1145 4203 1220 4284 870,
1246 4205 1380 4268 vixerat
