2832 4844
337 483 517 538 Pontificatns
534 501 555 539 s.
576 484 723 539 Coelestini
743 484 776 536 V.
1104 489 1119 538 7

28 629 51 690 in
71 626 160 692 Curia
184 627 384 711 degentibus
408 648 474 692 non
499 627 625 692 fideret.
673 625 737 692 Sea
752 629 904 713 qitamois,
929 627 1024 694 sribit
1047 630 1120 694 Pto-

25 725 144 790 lomaeus
158 725 333 806 Lucensis,
361 723 555 791 coelestinos
570 726 698 812 faceret
712 747 811 812 opera
824 727 928 790 saneti
949 727 1021 805 uir-i,
1045 727 1123 814 qnia

21 846 67 908 prr
83 835 192 888 summ
211 821 428 910 pontificalem
459 845 524 888 non
554 834 725 888 recesserat
757 847 778 888 a
804 825 909 910 primo
940 833 1036 904 statu,
1066 824 1122 888 sod

24 922 110 985 eaden
129 921 303 999 bismilitas,
336 921 445 985 eadem
471 923 602 1008 puritas
627 925 846 1008 perseveravit
874 923 910 985 in
938 923 1020 1008 ipso,
1050 921 1123 986 licet

25 1019 110 1082 nodas
130 1019 261 1083 avendi
283 1031 362 1083 esset
374 1022 557 1084 inimrotatas
578 1031 711 1106 propter
726 1020 923 1106 dignitatem,
948 1019 1122 1106 decipieba-

23 1127 177 1182 artarier
201 1121 237 1181 in
259 1119 326 1181 suis
349 1115 551 1204 officialibus,
576 1128 728 1202 precntum
751 1119 796 1182 ad
815 1120 942 1202 pretias
965 1141 1044 1203 quae
1067 1117 1123 1202 fie-

23 1213 89 1291 bont,
110 1237 241 1300 qumum
262 1217 331 1301 ipse
353 1216 502 1278 notitiam
525 1213 637 1278 babere
661 1237 726 1280 non
743 1227 885 1302 poterat,
911 1227 974 1280 tum
990 1228 1125 1302 propter

22 1313 217 1397 inpotmtiam
241 1316 417 1391 senectutis,
449 1315 526 1398 quia
548 1315 665 1378 aetnae
689 1313 877 1400 decrepitae,
909 1324 973 1378 tum
990 1325 1125 1400 propter

22 1411 265 1496 inexperientiam
286 1413 450 1498 req-imiais
472 1413 557 1476 eirea
572 1413 715 1498 fraudes
735 1423 766 1475 et
779 1414 937 1476 bominum
958 1409 1292 1492 remuneremur·

21 1507 171 1592 inqrdbus
193 1512 300 1573 caria
323 1509 455 1574 multum
478 1511 582 1596 sipont
589 1534 600 1590 ;
623 1511 707 1574 unde
730 1510 972 1574 inveniebantur
1000 1512 1124 1597 pretias

22 1603 178 1690 aliquando
193 1607 308 1693 saetae
334 1608 444 1686 tribon,
477 1607 526 1672 ael
548 1619 694 1695 quatuor,
730 1608 779 1672 vel
799 1606 947 1695 pluribus
964 1609 1124 1693 personis,

22 1704 183 1769 ambram
205 1707 302 1769 etia-m
323 1727 436 1784 aarum
465 1707 521 1769 sed
545 1704 677 1772 bullata.
733 1705 872 1770 Romam
906 1726 992 1789 vero,
1024 1705 1125 1770 etiam

21 1802 154 1866 veniente
180 1813 370 1884 anctumno,
404 1801 610 1868 Caelestinus
634 1823 698 1867 non
724 1803 892 1888 profectus
915 1812 972 1885 est,
998 1802 1055 1866 sed
1078 1804 1125 1868 in-

20 1899 121 1962 citante
144 1921 226 1985 rege
250 1899 368 1965 Cerolo
400 1904 528 1965 curiam
561 1899 731 1966 transtulit
760 1901 946 1987 Neapolim.
972 1899 1124 1965 -Filio

18 1998 86 2080 regis
107 1997 286 2062 Lndovico
321 1998 645 2084 archiepiscopatum
668 1999 928 2084 Lugdunensem
953 2000 1124 2066 concessit.

18 2091 202 2160 ludovicus
227 2096 361 2182 quidem
377 2096 557 2161 admodum
582 2097 657 2182 pius
673 2108 753 2178 erat,
778 2099 824 2161 its
847 2107 884 2162 ut
906 2105 1018 2182 postea
1042 2097 1128 2162 inter

16 2207 130 2258 sanctos
153 2193 281 2258 relatus
306 2195 358 2276 sit,
383 2195 442 2258 sed
466 2196 596 2259 nonnisi
615 2195 734 2280 viginti
758 2216 863 2260 annos
877 2192 1032 2261 habebat.
1067 2195 1127 2259 Re·

16 2294 137 2356 novarit
169 2311 268 2376 porro
300 2291 516 2373 Caelestinus,
549 2292 638 2378 quod
671 2291 887 2357 vehementer
916 2293 1129 2377 exasperavit

17 2383 208 2470 Cardinales,
242 2391 410 2454 decretum
436 2411 601 2471 severum,
637 2390 679 2454 de
704 2388 940 2455 Cardinalibus
963 2389 1049 2455 Sede
1072 2411 1127 2454 va·

6 2498 94 2549 ,unte
116 2489 152 2551 in
169 2487 321 2552 conclavi
339 2487 536 2570 detinendis,
561 2487 732 2552 conditum
755 2509 775 2552 a
799 2488 958 2572 Gregorio
975 2487 1026 2568 X,
1050 2489 1127 2570 imo,

16 2586 128 2666 statuit,
162 2595 203 2648 ut
226 2586 252 2649 si
278 2606 365 2650 mors
387 2585 560 2650 Pontifieis
593 2588 628 2650 in
659 2585 785 2650 ditione
809 2584 917 2650 Caroli
951 2585 1128 2650 accideret

18 2679 49 2742 sd
70 2703 144 2748 eum
170 2682 355 2748 secundum
373 2683 511 2748 formam
535 2682 787 2748 Constitutionis
809 2683 958 2769 ejusdem
982 2685 1055 2768 ipsa
1077 2703 1128 2747 co·

16 2782 139 2844 ercutio
164 2781 388 2868 pertineret.¹)
435 2782 735 2868 Appropinquante
759 2791 880 2846 autem
903 2791 1050 2868 tempore
1074 2782 1129 2846 Ad

15 2889 127 2960 ventus,
163 2878 282 2944 cellam
313 2882 437 2944 exstrui
454 2879 578 2944 'voluit
609 2881 644 2943 in
675 2879 808 2965 palatio,
840 2879 897 2944 ubi
929 2881 1030 2944 sacris
1055 2899 1128 2944 con-

15 2975 274 3061 templationibus
308 2979 446 3064 pristino
471 2999 562 3042 more
594 2987 739 3060 vacaret,
773 2979 935 3064 regimine
959 2977 1129 3042 Ecclesiae

14 3071 131 3138 iuterim
164 3073 276 3138 tribus
300 3073 536 3140 cardinalibus
568 3075 710 3164 relicto.¹
748 3075 802 3140 Ab
826 3075 943 3140 ultimo
967 3071 1030 3139 ho'c
1054 3095 1129 3138 con-

13 3169 73 3234 silio
97 3181 211 3237 tamen
238 3172 365 3237 destitit
387 3172 610 3260 exsequendo,
641 3195 744 3260 quum
773 3174 909 3260 quidam
935 3172 1129 3239 Cardinales

14 3267 246 3352 adverterent,
268 3272 347 3336 inde
381 3271 537 3336 scandala
571 3293 629 3357 pro
665 3271 787 3358 populo
822 3271 1001 3336 christiano
1034 3293 1129 3358 posse

13 3385 133 3434 exoriri.

88 3468 119 3531 8.
144 3465 362 3532 Manifestum
387 3489 430 3532 ex
453 3467 506 3531 his
522 3478 580 3548 est,
607 3466 830 3532 Coelestinum
853 3467 953 3532 rebus
976 3467 1130 3552 gerendis

13 3559 100 3628 fnisse
130 3585 254 3652 parum
287 3565 455 3633 idoneum.
511 3565 588 3652 Ipse
612 3587 743 3652 quoque
775 3589 853 3632 mox
882 3566 1128 3654 animadvertit,

13 3681 42 3722 se
61 3673 152 3728 tento
178 3665 271 3728 oneri
287 3663 432 3749 gerendo
448 3666 609 3750 imparem
627 3685 708 3741 esse,
733 3664 857 3749 quade
875 3687 910 3728 re
933 3685 991 3749 pro
1016 3674 1130 3727 tenera

13 3759 122 3842 pietate
145 3783 211 3825 sua
235 3783 301 3828 non
317 3761 484 3826 modicum
499 3760 652 3826 turbatus
676 3772 741 3843 est3
766 3760 930 3848 simulque
954 3760 1129 3824 vehemen-

14 3857 125 3923 tissime
151 3858 272 3942 doluit,
297 3859 386 3946 quod
402 3859 644 3946 multiplicibus
669 3862 757 3924 curis
775 3859 950 3924 distractus
964 3859 1130 3922 consuetis

14 3955 67 4038 piis
96 3957 270 4022 exercitiis
300 3979 420 4048 vaepre
453 3979 519 4022 non
554 3967 674 4046 posset.
734 3957 832 4023 Unde
865 3957 905 4021 de
940 3955 1129 4021 abdicando

18 4105 217 4120 Q———n

76 4187 96 4256 ²)
114 4189 190 4244 Vide
208 4187 342 4255 Rsynsld.
362 4195 381 4242 t.
402 4185 468 4242 XIV
494 4189 528 4242 sd
548 4203 572 4246 s.
594 4189 663 4242 1294
682 4195 711 4242 et
730 4187 850 4255 Append.
870 4201 895 4254 p.
915 4186 975 4240 634.
995 4215 1030 4226 -
1049 4186 1130 4242 Dam-

16 4261 105 4336 bugen
123 4269 156 4323 Τ.
176 4267 237 4323 xn
264 4283 289 4336 p.
312 4268 370 4323 100.
391 4273 420 4322 et
438 4265 560 4323 Kritlkh.
580 4283 606 4336 p.
626 4269 670 4324 ⁹0.
