3000 4838
407 441 448 495 De
465 438 610 496 schismate
627 441 704 496 Petri
723 442 827 497 Leonis.
1150 443 1186 500 65

95 589 218 652 abacti
239 585 419 673 perieulum
450 583 635 672 offendisse,
669 609 761 671 quem
793 584 1022 651 declinaverint
1053 590 1184 652 Romae.

95 690 145 752 ,tec
170 685 329 749 consiliam
361 682 557 770 suppetebat,
588 683 686 747 donec
716 707 838 748 murum
861 707 892 749 se
917 687 1064 770 opposcit
1086 684 1186 749 abbas

91 796 202 850 senatu.
251 782 415 846 Audacter
448 784 530 844 enim
558 783 708 845 resistens
736 783 817 866 rapi,
855 780 981 846 uerbum
1016 783 1188 869 malignum
1244 817 1247 824 ·

22 949 23 960 ,
91 886 153 946 nire
174 880 317 946 libertate
339 880 519 964 redarguit,
539 881 622 943 mira
647 881 835 944 auctoritate
861 883 1055 966 compescuit.

159 983 209 1046 81.
241 979 279 1042 In
297 975 441 1043 Galliam
465 976 573 1040 redux
596 976 811 1041 Innocentius
828 976 861 1042 ΙΙ
885 977 940 1041 die
959 978 1017 1042 19⁰
1034 977 1189 1043 Octobris

86 1081 150 1143 anni
174 1079 256 1142 1131
282 1077 450 1161 copiosam
475 1074 639 1158 synodum
663 1073 846 1139 celebravit
868 1074 1015 1140 Rhamis.
1061 1075 1101 1140 In
1127 1074 1190 1139 hac

85 1177 204 1260 synodo,
228 1176 283 1240 cui
308 1172 464 1255 eGallia,
490 1172 681 1254 Germania,
707 1172 831 1257 Anglia
855 1182 888 1237 et
903 1173 1067 1259 Hispania
1091 1175 1189 1238 inter-

85 1277 201 1338 fuerunt
223 1273 293 1338 fere
316 1272 454 1336 trecenti
478 1270 646 1356 praesules
670 1280 704 1334 et
725 1270 877 1353 abbates,
902 1270 1084 1335 Anacletus
1107 1273 1191 1336 anti-

85 1396 158 1458 papa
179 1393 293 1436 rursus
317 1369 493 1433 damnatus
513 1369 586 1448 fuit,
611 1380 643 1433 et
660 1369 701 1433 de
718 1368 895 1454 disciplina
911 1370 1036 1434 conditi
1052 1378 1191 1455 septem-

85 1471 178 1534 decim
201 1489 357 1548 canones,
381 1468 437 1552 qui
463 1477 577 1552 postea
600 1468 634 1530 in
660 1465 809 1530 Concilio
824 1467 1041 1532 Lateranensi
1058 1465 1092 1531 II
1116 1489 1191 1533 con-

86 1570 189 1632 firmati
220 1576 308 1630 sunt.
356 1564 387 1628 A
418 1563 574 1628 Lothario
609 1587 687 1628 varo
711 1564 866 1629 Pontifex
896 1567 1025 1650 accepit
1055 1564 1192 1646 litteras,

86 1689 113 1728 se
141 1667 209 1752 jem
250 1665 363 1728 omnia
398 1663 442 1726 ad
477 1662 723 1746 expeditionem
752 1663 935 1727 Romanam
970 1662 1192 1748 disposuisse;

86 1763 218 1848 atleoque
233 1783 321 1825 anno
340 1762 424 1824 1132
442 1759 582 1824 eGallia
595 1761 810 1825 Innocentius
825 1763 859 1825 in
871 1760 1001 1826 Italiam
1025 1782 1194 1846 regressus

87 1873 133 1925 est
175 1860 295 1924 llense
318 1859 421 1924 Jnnio
445 1851 649 1922 Placentiae
666 1859 830 1943 synodum
855 1857 981 1939 habuit,
1017 1882 1056 1923 ac
1081 1881 1193 1923 mense

88 1957 253 2022 Novembri
278 1957 364 2021 Pisis
388 1957 544 2021 convenit
568 1978 644 2020 cum
668 1956 836 2037 Lotharic,
873 1958 930 2042 qui
954 1979 1029 2021 eum
1053 1957 1194 2022 Romam

89 2055 292 2141 perducturus
309 2064 387 2120 erat.
418 2054 599 2118 Anacletus
620 2053 731 2118 adhuc
754 2054 870 2118 urbam
894 2055 1036 2119 tenebat.
1066 2055 1196 2119 Versus

90 2157 172 2218 tinem
205 2155 329 2218 mensis
353 2152 478 2238 Aprilis
506 2174 536 2216 a.
562 2153 647 2217 1133
672 2152 849 2216 Lotharius
884 2174 921 2216 eo
958 2154 1119 2238 pervenit,
1159 2161 1197 2215 ut

91 2265 201 2335 partem
234 2249 326 2314 urbis
350 2249 484 2332 Romae,
516 2247 723 2314 Aventinum
757 2249 913 2314 videlicet
936 2249 1053 2314 collem
1078 2259 1110 2314 et
1132 2249 1195 2314 La-

92 2364 224 2413 teranum
255 2350 290 2412 in
322 2368 414 2411 suam
447 2347 611 2431 redigeret
640 2358 849 2432 potestatem3
881 2347 984 2412 altera
1007 2368 1085 2410 vero
1118 2367 1197 2432 pars

94 2447 177 2528 nbis,
200 2469 262 2511 arx
284 2467 310 2509 s.
326 2443 447 2530 Angeli
471 2454 570 2530 atque
594 2444 732 2509 basilica
756 2469 780 2510 s.
804 2446 893 2510 Petri
917 2446 960 2510 ad
984 2445 1196 2528 Vaticanum,

94 2545 258 2609 inditione
281 2551 515 2607 remanserunt
537 2545 725 2629 antipapae.
756 2544 821 2607 Die
844 2546 881 2608 4·
895 2544 989 2609 Junii
1013 2545 1093 2608 anni
1110 2544 1196 2608 1133
1215 2575 1322 2616 namn
1337 2574 1361 2615 11

94 2642 288 2707 Innocentius
304 2641 337 2705 Π
360 2640 519 2705 Lothario
536 2642 570 2704 II
591 2643 728 2727 ejusque
740 2644 837 2706 uxori
854 2642 1043 2706 Richenzae
1058 2640 1196 2706 solemni
1220 2639 1364 2742 hm*

94 2742 145 2803 ritu
177 2762 332 2805 coronam
356 2738 560 2824 imperialem
586 2741 753 2824 imposuit,
787 2749 961 2826 postquam
986 2740 1040 2804 hic
1064 2739 1198 2804 solitum

90 2839 299 2922 juramentum
331 2837 423 2902 hisce
453 2839 670 2922 praestitisset
693 2837 820 2902 verbis:
856 2840 923 2925 Epo
948 2839 1117 2902 Lotharius
1140 2860 1199 2902 rece

90 2939 223 3020 proncitto
256 2947 286 3000 et
305 2942 383 3026 jum
415 2934 474 2999 tibi
503 2935 628 2999 dominc
646 2958 758 3022 papae
781 2936 964 3001 Innocentio
989 2937 1109 3022 tuisque
1133 2959 1200 2999 secc-

94 3036 246 3098 meroribus
269 3035 470 3098 securitatem
492 3034 578 3096 citae
601 3041 632 3096 et
653 3032 783 3096 membri
806 3045 835 3097 et
858 3034 961 3098 melae
977 3037 1146 3122 captionis,
1171 3045 1201 3098 et

95 3130 245 3216 defundere
263 3142 423 3219 papatum
447 3141 477 3194 et
500 3131 644 3195 bonorem
669 3141 765 3210 tcum,
790 3142 819 3194 et
842 3133 966 3217 repotia
989 3135 1093 3198 sancti
1112 3135 1202 3198 Petri

95 3252 161 3312 quae
189 3229 282 3294 tates
309 3252 405 3293 manu
436 3238 553 3308 tenere,
590 3238 619 3292 et
651 3252 731 3315 quae
760 3252 824 3293 non
855 3229 951 3295 babeo
970 3235 1071 3319 juxta
1101 3253 1202 3294 mecm

93 3347 172 3408 porse
192 3349 386 3413 recuperare.
394 3327 418 3406 ¹)

172 3425 221 3489 82.
266 3424 308 3489 In
331 3423 395 3488 hoc
413 3425 604 3510 juramento
635 3423 827 3508 homagium
852 3426 1009 3490 vasallitii
1034 3447 1100 3490 non
1125 3449 1200 3492 con-

98 3531 213 3603 nnetnr,
243 3522 312 3604 sed,
337 3523 385 3586 uti
404 3522 476 3607 jam
501 3522 659 3602 diximus,
689 3521 868 3586 Lotharius
891 3524 1070 3610 quamdam
1096 3523 1201 3588 vesal·

98 3613 151 3681 litii
172 3619 391 3684 conditionem
415 3620 503 3700 iniit,
540 3620 651 3705 quoad
675 3619 833 3684 allodium
860 3623 1046 3687 comitissae
1070 3621 1200 3686 Mathil-

101 3711 151 3778 dis.
193 3717 262 3781 Hoc
293 3720 383 3782 enim
414 3717 534 3782 allodio
559 3717 762 3802 amplissimo
786 3718 941 3783 Pontifex
963 3719 1202 3806 Imperatorem

103 3811 261 3898 investivit,
285 3827 384 3902 atquc
401 3818 471 3901 ipso
487 3825 619 3901 petente
639 3816 754 3880 eodem
772 3816 970 3880 documento
986 3817 1039 3882 die
1055 3819 1092 3883 8⁰
1105 3818 1127 3883 J
1131 3819 1203 3882 unii

105 3905 177 3987 dcto,
198 3935 352 3998 generum
376 3913 526 3978 Lotharii
550 3913 735 3978 Henricum
760 3913 878 3978 ducem
902 3915 1076 3982 Bavoriae.
1107 3916 1149 3981 In
1164 3938 1202 3980 eo

105 4003 279 4078 documento
314 4012 453 4077 dicitur:
492 4010 657 4076 Alledicm
692 4012 790 4076 bonae
825 4015 991 4077 memoriae
1026 4016 1203 4080 comitissae

133 4145 293 4157 ---—..—

166 4213 184 4271 ¹1
201 4215 358 4281 Watterich,
377 4215 415 4271 11.
434 4216 495 4270 209.

148 4319 274 4374 torreant,
293 4325 473 4366 Dissertationes
492 4325 556 4364 Tem.
574 4325 600 4365 V.
