2964 4838
304 441 358 496 430
484 443 610 497 XXXVI.
637 445 676 498 De
694 451 770 499 statu
789 445 926 501 Ecclesiae
946 453 1079 514 vergente
1097 463 1166 501 saec.
1189 447 1247 501 XV.

161 583 220 623 Sixtl
237 585 268 623 1v

144 648 293 697 nesciremus.
395 587 447 654 99.
474 587 586 668 Quum
599 588 693 654 Sixto
706 589 824 654 fratres
840 600 950 654 essent
972 611 1013 653 ac
1036 611 1174 669 sorores,
1200 591 1253 676 qui
1278 588 1406 652 honestis

305 705 346 747 ex
371 687 592 749 matrimoniis
615 708 827 752 numerosam
852 687 977 772 prolem
1002 699 1268 773 procreaverant,
1291 685 1406 772 qnando
1453 720 1454 753 ι

304 781 344 844 ad
370 783 601 866 pontificatum
626 787 779 868 pervenit
811 788 873 870 ipsi
900 807 1083 872 permagna
1115 786 1231 850 aderat
1253 783 1344 848 turba
1364 803 1408 846 ne·
1453 779 1454 786 '

305 889 417 964 potum
449 891 481 944 et
511 893 740 967 pronepotum.
795 882 998 964 Quindecim
1029 884 1146 948 saltem
1175 882 1264 947 166111
1295 883 1407 964 negotio

304 980 490 1042 enumerari
508 991 655 1064 possunt,
681 983 737 1066 qui
749 982 928 1067 juventute
945 992 977 1045 61
991 981 1109 1046 robore
1125 979 1288 1056 florentes,
1312 999 1409 1042 omnes

303 1101 323 1141 a
347 1097 425 1141 sene
448 1077 611 1142 Pontifice
644 1079 746 1143 multa
776 1091 809 1144 et
839 1101 961 1164 magna
993 1079 1157 1144 beneficia
1190 1075 1410 1164 exspectabant

303 1185 402 1261 atque
426 1175 593 1260 petebant.
640 1175 710 1240 Nec
733 1177 880 1241 frustrati
906 1188 983 1242 sunt
1007 1176 1171 1242 desiderio
1195 1198 1266 1240 suo.

392 1273 495 1336 Primi
516 1275 572 1358 qui
590 1277 717 1358 experti
736 1286 813 1340 sunt
829 1275 1000 1340 Pontificis
1014 1275 1272 1340 beneficentiam
1296 1273 1410 1336 luerunt

303 1373 420 1436 Petrus
443 1372 590 1450 Riurius,
615 1371 701 1436 Sixti
726 1395 768 1436 ex
794 1373 918 1438 Blanca
941 1394 1051 1438 sorore
1075 1394 1194 1459 nepos,
1218 1383 1254 1436 61
1275 1369 1411 1436 Julianus
1454 1429 1455 1486 ,

304 1470 389 1534 della
424 1471 569 1550 Rove1·,e
609 1469 788 1555 Raphetilis
828 1471 939 1535 fratris
974 1472 1080 1552 lilius,
1120 1472 1178 1557 qui
1218 1481 1331 1555 postea
1362 1443 1455 1528 1611

303 1568 413 1632 Julius
436 1569 470 1632 Il
496 1568 658 1634 Pontifex.
707 1569 776 1632 Hos
802 1569 1166 1634 mense1)ecembr1a
1193 1569 1279 1631 1471
1305 1563 1411 1628 creavit

304 1665 517 1748 Cardinales3
542 1677 711 1750 praeterea
735 1687 791 1730 eos
815 1665 1021 1731 commcndis
1044 1667 1299 1752 episcopatuum
1322 1685 1357 1726 ac
1371 1659 1409 1722 bc·

303 1765 497 1828 ueliciorum
521 1765 696 1850 pingnium
721 1763 946 1850 locupletavit,
972 1777 1004 1828 et
1023 1787 1135 1830 eorum
1152 1763 1317 1850 imprimis
1332 1779 1409 1844 opera

303 1864 337 1925 in
368 1861 467 1925 rebus
490 1860 634 1948 publicis
664 1861 939 1927 administrandis
963 1885 1043 1927 usus
1067 1872 1125 1928 est.
1161 1901 1203 1910 -
1236 1856 1407 1925 Leonardu

303 1959 390 2024 della
413 1960 552 2040 Revere,
577 1959 661 2024 alius
677 1960 848 2024 Pontificis
872 1983 986 2046 nepos,
1011 1985 1040 2025 a.
1069 1961 1154 2024 1472
1179 1957 1402 2024 mansellaria

302 2057 489 2142 praelectus
517 2057 641 2122 Romae
667 2069 796 2124 creatus
820 2071 885 2139 est,
922 2061 1016 2146 isque
1040 2081 1177 2123 uxorem
1210 2057 1313 2121 duxit
1334 2055 1402 2120 166·

303 2177 397 2236 6616,
428 2154 531 2220 1111616
557 2156 692 2220 notham
717 2157 922 2222 Ferdinandi
952 2161 1039 2242 regis
1063 2153 1230 2244 Neapolis.
1281 2154 1405 2220 Joannne

303 2256 336 2318 in
362 2253 471 2318 dotem
494 2257 656 2318 concessit
671 2255 905 2320 Fordiuandus
921 2256 1078 2320 ducatum
1097 2255 1263 2320 Soranum
1289 2261 1322 2314 et
1336 2267 1408 2334 qnae·

303 2352 379 2415 dam
398 2351 541 2435 castella,
568 2352 608 2416 de
633 2351 755 2440 quibus
770 2353 969 2438 gravissima
984 2353 1025 2417 116
1041 2353 1149 2418 fuerat
1165 2354 1255 2415 inter
1272 2372 1296 2414 6.
1313 2345 1409 2410 Sedens

302 2460 335 2513 et
357 2471 479 2534 regem.
528 2451 621 2515 Haec
644 2453 746 2535 igitur
770 2453 847 2515 unio
873 2452 1022 2536 proficua
1046 2449 1223 2515 videbatur
1250 2445 1409 2513 Ecclesiae.

302 2547 379 2626 Sed,
411 2571 487 2632 rege
511 2559 653 2634 petente,
678 2547 792 2612 Sixtus
817 2549 865 2612 IV
892 2549 1103 2614 Perdinuudo
1129 2570 1193 2612 non
1219 2557 1348 2610 tuntum
1376 2561 1410 2602 rt·

303 2647 393 2709 misit
416 2645 529 2710 debita
552 2667 637 2732 quae
662 2655 872 2710 contraxerat
896 2649 929 2711 in
955 2671 980 2712 6.
1005 2647 1140 2730 56616611,
1166 2665 1272 2732 quum
1297 2663 1336 2706 ex
1357 2637 1411 2724 plu·

302 2743 395 2807 ribus
427 2746 523 2808 annis
557 2766 692 2809 censum
726 2745 891 2810 feudalem
927 2745 1015 2810 8000
1047 2747 1222 2810 unciarum
1258 2741 1330 2805 auri
1359 2757 1411 2800 non

303 2841 472 2923 solvisset,
507 2842 565 2906 sed
596 2845 695 2908 etiam
721 2835 856 2907 cdnsum
890 2841 980 2908 huuc
1005 2845 1113 2928 ipsum
1144 2840 1296 2922 sustulit,
1333 2833 1411 2900 modo

303 2940 442 3023 siugulis
465 2943 562 3004 annis
592 2961 714 3026 equum
737 2940 850 3005 album
875 2941 966 3006 feudi
991 2943 1125 3006 nomine
1150 2941 1302 3019 offerret,
1336 2953 1410 2997 orum

304 3039 503 3101 maritimam
528 3036 658 3102 duobus
682 3039 872 3103 triremibus
896 3061 1026 3125 semper
1050 3040 1174 3125 paratis
1198 3049 1315 3100 contra
1337 3053 1411 3116 prar-

303 3135 405 3199 dones
428 3143 584 3218 tueretur,
611 3146 642 3199 61
658 3135 864 3214 Pontificem,
890 3139 916 3201 si
941 3159 1024 3224 opus
1039 3139 1133 3218 soret,
1158 3133 1264 3200 milite
1283 3135 1410 3219 juvaret·

303 3233 372 3296 Hoc
396 3235 450 3318 que'
472 3234 688 3320 improbarent
703 3236 800 3321 suere
824 3234 924 3314 multi,
949 3247 1001 3300 sat
1023 3259 1087 3300 esse
1111 3235 1263 3312 diceutes,
1289 3225 1411 3295 6111161·

302 3343 461 3414 nueretur,
484 3355 547 3396 nou
568 3335 694 3396 6666166
719 3332 881 3399 tolleretur
897 3333 1056 3414 tributum,
1081 3337 1144 3399 6166
1169 3331 1254 3419 quod
1269 3345 1410 3412 6666666

301 3430 439 3494 soluerat
463 3432 492 3494 61
515 3431 787 3513 66611666661661)
835 3431 900 3496 Sed
932 3435 1017 3497 inter
1051 3433 1132 3498 61166
1156 3427 1344 3496 Cardinalis
1365 3423 1410 3485 Pa·

302 3530 436 3614 piensis,
460 3531 513 3593 vir
536 3551 679 3610 severus,
713 3531 799 3594 hanc
823 3532 869 3594 rei
894 3530 1144 3616 dispositionem
1169 3540 1205 3593 61
1228 3525 1408 3612 prudentem

303 3639 335 3690 et
358 3627 472 3691 utilem
496 3627 647 3692 laudavit
671 3640 703 3692 61
717 3628 974 3694 commendavit.
992 3668 1034 3677 —
1056 3627 1230 3694 Leonardo
1248 3635 1321 3710 post
1336 3619 1409 3682 bien-

303 3729 396 3791 nium
422 3727 494 3812 jam
519 3728 689 3809 morienti,
722 3725 1409 3808 66061116118161661116136666616·-

303 3825 426 3890 fectum
451 3824 553 3889 alium
578 3836 730 3910 nepotem
748 3825 913 3890 Joannem
939 3825 1025 3890 della
1041 3825 1179 3906 Revera,
1204 3821 1330 3890 Juliani
1347 3819 1409 3883 Car·

304 3923 425 3988 dinalis
455 3923 608 4004 fratrem,
646 3923 701 4008 qui
727 3923 786 3986 vix
809 3925 872 3987 tria
896 3923 998 3988 lustra
1026 3933 1228 4002 excesserat,
1264 3921 1356 4005 eique
1383 3919 1407 3978 in

380 4141 399 4208 ¹)
418 4139 486 4194 Vita
504 4135 574 4200 Sixti
593 4135 634 4190 IV
672 4151 714 4203 ap.
735 4137 869 4190 Muratori
901 4137 964 4191 Ror.
984 4137 1047 4196 ital.
1079 4135 1177 4204 Script.
1208 4135 1239 4190 Τ.
1258 4135 1308 4191 ΙΠ.
1339 4131 1358 4186 Ρ
1382 4127 1405 4180 ll.

303 4237 329 4287 p.
351 4221 428 4276 1059.
