2828 4842
288 439 343 492 282
559 439 659 495 XXVI.
680 439 719 493 De
738 438 904 492 Pontificem
922 435 1076 492 Innocentii
1095 435 1144 491 111.

289 593 400 666 partes
431 581 621 647 Gallicanas
652 603 728 646 cum
763 580 1013 666 archiepiscopo
1045 589 1076 642 et
1108 580 1271 665 episcopis
1299 601 1409 662 supra,

289 679 399 761 dictis,
430 689 467 744 ut
497 683 530 744 in
563 681 665 766 ipsius
696 681 882 765 praesentia
914 701 955 743 ea
986 700 1071 764 quse
1102 677 1254 762 superius
1285 675 1409 758 digesta,

288 789 368 842 sunt
383 789 599 864 exequantur.
630 777 695 843 Sed
720 777 939 863 Pandulphus
962 799 981 842 a
1002 776 1094 861 Papa
1117 774 1285 852 recedens,
1309 795 1409 848 remo,

288 877 331 939 tis
348 876 511 958 omnibus,
535 878 755 941 secretissima
770 876 969 940 allocutione
993 876 1178 939 sciscitatus
1201 882 1260 953 est,
1284 874 1311 935 si
1329 871 1409 958 forte,

289 975 325 1038 in
348 996 426 1059 rege
442 974 626 1058 Anglorum
651 976 794 1039 fructum
811 975 1034 1060 poenitentiae
1058 972 1234 1052 inveniret,
1259 971 1304 1034 ita
1322 969 1409 1055 qnod,

288 1071 389 1136 vellet
412 1074 600 1137 satisfacere
617 1075 762 1137 Domino
788 1083 820 1136 et
834 1072 994 1136 eeclesiae
1010 1071 1190 1148 Romanae,
1214 1079 1315 1154 atque
1339 1067 1409 1162 aliis}

288 1169 444 1234 omnibus
468 1171 511 1234 ad
535 1170 616 1236 illud
646 1174 814 1256 negotium
846 1171 1083 1256 spectantibus,
1116 1168 1197 1254 quid
1230 1167 1307 1231 inde
1341 1167 1409 1240 fierit

289 1267 443 1353 placeret.
490 1269 586 1334 Tune
610 1270 702 1355 Papa
725 1267 922 1355 Pandulpbo
951 1268 1131 1354 quamdam
1154 1268 1247 1352 pacis
1271 1266 1404 1329 formam

288 1366 462 1430 evidenter
485 1370 656 1453 expressit,
690 1369 744 1432 eui
769 1370 796 1430 si
820 1389 879 1430 rex
903 1369 1062 1430 assentire
1094 1365 1291 1444 decreverit,
1323 1359 1409 1454 apud,

288 1462 409 1528 Sedem
433 1465 658 1551 Apostolieam
683 1467 803 1551 poterit
824 1467 966 1549 gratiam
991 1465 1206 1544 invenire.“¹)

378 1597 429 1664 68.
477 1600 517 1662 In
542 1601 633 1684 pacis
657 1598 798 1662 formula
828 1597 1057 1661 statuebantur
1085 1619 1123 1659 ea
1147 1616 1232 1680 quae
1255 1591 1409 1678 facienda

288 1703 382 1758 erant
406 1694 448 1759 ad
469 1697 655 1782 reparanda
680 1696 767 1761 mala
791 1695 939 1760 eeclesiis
964 1693 1063 1774 illata,
1089 1693 1186 1758 simul
1203 1701 1316 1756 autem
1333 1691 1405 1753 Pen-

286 1791 370 1856 tifex
384 1793 414 1859 d.
433 1793 464 1858 d.
482 1795 525 1858 28
541 1794 637 1858 Febr.
658 1795 772 1874 12132)
798 1795 967 1879 rescripto,
982 1790 1180 1877 Pandulpho
1205 1785 1409 1854 subdiaconol

178 1943 181 1950 .
287 1899 321 1953 et
343 1890 435 1955 fratri
451 1891 611 1956 Durando
635 1892 856 1957 familiaribus
881 1893 948 1955 suis
972 1888 1119 1969 mandat,
1145 1897 1181 1951 ut
1203 1886 1409 1972 proficiscen·l

286 1999 336 2052 tes
369 1989 402 2052 in
427 1989 584 2073 Angliam
616 2013 683 2054 una
715 2013 792 2054 cum
815 1989 1040 2054 Wintoniensi
1068 1990 1222 2074 episcopo
1247 1995 1282 2048 et
1307 1981 1409 2070 priorel

287 2083 528 2152 Conventrensi
554 2090 640 2171 regis
664 2091 885 2174 praesentiam
902 2088 1033 2168 adeant,
1058 2095 1228 2150 monentes
1245 2071 1409 2146 eumdeml

285 2195 321 2248 ut
341 2186 408 2249 Deo
433 2196 462 2248 et
476 2184 637 2250 Ecclesiae
660 2187 844 2272 satisfaciat
861 2186 1028 2250 secundam
1042 2184 1188 2269 formam
1201 2181 1409 2268 subscripturi

284 2284 369 2346 inter
380 2307 437 2347 aas
454 2295 483 2347 et
498 2288 626 2348 nuntios
639 2307 712 2348 scos
729 2285 913 2349 maritimoda
930 2281 1157 2348 deliberatione
1166 2281 1343 2366 provisam.
1361 2327 1404 2342 ...

286 2383 422 2468 Recepto
447 2383 486 2444 ab
511 2405 545 2446 eo
565 2382 692 2468 publice
709 2386 901 2470 juramento,
926 2381 1009 2467 qrtod
1023 2379 1189 2466 soperbia,
1209 2400 1273 2464 pro
1301 2373 1409 2463 antidosi

284 2482 571 2544 eacommanicatus
594 2483 712 2558 emissis,
736 2483 854 2545 rostris
869 2481 1031 2543 mandatis
1046 2476 1188 2542 absolate
1201 2475 1344 2562 parebit,
1368 2471 1409 2544 ta,l

274 2575 548 2660 filiSabdiacoree,
566 2581 596 2642 ei
607 2578 785 2662 beneficiam
794 2577 1002 2642 absolutionis
1013 2577 1189 2664 impendas,
1202 2571 1409 2638 reconcilians

286 2698 354 2738 eum
377 2673 537 2740 Ecclesiae
560 2677 689 2741 ueritati.
716 2727 722 2742 .
748 2726 755 2741 .
781 2725 789 2740 .
818 2675 939 2750 Quodsi
947 2675 1038 2762 forte
1049 2673 1221 2762 praefatus
1243 2695 1307 2735 rea
1323 2669 1409 2755 iufral

285 2795 418 2836 merssem
435 2777 672 2861 praescriptam
687 2774 831 2858 formam
854 2799 917 2838 rtoa
941 2774 1069 2837 duxerit
1093 2769 1336 2858 acceptandam,
1359 2765 1409 2848 sed¹

283 2872 320 2934 ia
343 2895 402 2934 sua
425 2871 573 2936 maluerit
596 2873 719 2937 duritia
737 2873 927 2960 perdurare,
951 2895 1005 2935 vos
1022 2895 1060 2935 ea
1075 2882 1147 2934 teuc
1167 2868 1351 2932 recedentes
1373 2864 1409 2930 all

284 2971 371 3054 ipso,
403 2971 583 3055 significetis
607 2995 647 3035 ere
665 2983 761 3058 parte
784 2982 894 3036 costra
920 2969 1099 3056 praed-ictis
1123 2967 1362 3052 archiepiscopo
1383 2971 1406 3024 et

283 3069 450 3154 episcopis,
485 3079 521 3132 at
542 3071 699 3154 capotium
722 3069 882 3133 Ecclesiae
901 3079 1000 3155 prout
1024 3067 1134 3131 melias
1164 3075 1323 3152 poterunt
1340 3065 1409 3148 per-l

282 3179 464 3251 sequantur,
489 3190 602 3252 vosque
625 3192 689 3231 aaa
712 3167 870 3254 differatis
887 3166 1020 3231 ¹alterius
1040 3165 1084 3229 ad
1097 3175 1239 3228 nostram
1257 3181 1405 3248 praesce-

284 3266 362 3328 tiarn
385 3287 533 3330 remeare.
543 3263 569 3352 ³)
1408 3269 1409 3304 l

374 3397 427 3462 69.
475 3384 602 3478 Quodsi
626 3397 709 3461 haec
733 3397 993 3483 perpenduntur,
1028 3408 1176 3483 apparet,
1201 3395 1403 3459 Matthaeum

1408 3365 1409 3400 l

283 3495 449 3560 Parisium
483 3520 550 3561 non
580 3508 743 3574 accurate,
778 3497 836 3560 sed
870 3518 945 3560 cum
978 3497 1121 3582 quadam
1153 3493 1405 3577 exaggeratione

1408 3657 1409 3702 l

358 3738 378 3804 ¹)
397 3737 468 3794 Hist.
489 3737 570 3804 Angl.
590 3752 653 3792 ann.
674 3737 743 3791 1211
764 3742 793 3790 et
813 3738 891 3792 1212.
1408 3759 1409 3788 l

356 3816 379 3882 ⁹)
400 3818 441 3884 Ap
468 3817 598 3871 Potthast
616 3818 776 3870 documenta
794 3816 861 3871 haec
878 3833 949 3871 enno
971 3817 1046 3883 1212,
1066 3815 1201 3870 mensibus
1212 3815 1364 3870 Februario
1380 3805 1409 3868 etl

283 3897 384 3951 Martio
415 3897 613 3952 adscribuntur.
651 3895 701 3951 Sed
727 3897 870 3951 manifeste
893 3897 1033 3965 pertinent
1060 3895 1094 3950 ad
1121 3912 1145 3949 a.
1167 3897 1245 3950 1213.
1284 3871 1409 3964 Episcopi

283 3977 411 4031 videlicet
429 3987 555 4031 currente
574 3993 644 4030 anno
667 3979 734 4030 1212
752 3977 864 4031 Romam
884 3985 1025 4041 venerunt,
1045 3981 1073 4030 et
1092 3975 1171 4028 initio
1190 3977 1257 4030 anni
1278 3979 1349 4032 1213
1367 3955 1409 4028 rel

281 4058 400 4112 dierunt.
437 4057 566 4111 Raditum
585 4056 739 4111 Matthaeus
759 4057 888 4111 adscribit
906 4049 1047 4122 J‘anuario,
1072 4057 1106 4109 sd
1124 4071 1225 4110 annum
1248 4059 1319 4111 1213
1346 4033 1409 4109 scri-l

282 4137 362 4191 bens:
389 4138 494 4191 Eodem
513 4155 597 4203 arceto,
622 4153 713 4190 siesse
732 4137 880 4204 ianuario,
901 4138 1044 4190 redierunt
1063 4155 1080 4190 a
1100 4138 1179 4190 caria
1198 4179 1204 4189 .
1225 4179 1232 4189 .
1252 4179 1259 4190 .
1280 4135 1397 4205 episapi
1408 4133 1409 4187 l

357 4229 379 4296 ⁸)
398 4227 465 4294 epp.
485 4227 515 4282 L.
535 4225 594 4286 XV,
615 4241 655 4294 ep.
675 4227 736 4281 234.
