2858 4834
328 489 381 542 212
561 489 647 545 XXV.
666 489 707 544 De
726 505 808 544 ceusu
826 506 847 546 s.
867 490 986 544 Thomae
1004 491 1217 546 cantuariensis.

328 653 392 718 que
415 641 575 718 tanquam
599 654 710 717 regem
734 643 951 718 agnoverunt,
976 635 1024 698 uti
1040 633 1189 721 plerique
1212 637 1374 722 principes
1393 639 1416 712 in

328 730 429 812 sulae,
455 742 589 818 praeter
619 755 721 816 repem
752 731 791 795 de
825 731 975 810 Conaeto,
1006 733 1061 817 qui
1088 732 1213 798 dicebat
1245 755 1278 798 se
1309 735 1347 798 de
1370 740 1416 823 jun

243 891 246 898 1
325 853 427 915 repent
472 851 537 893 esse
574 829 750 894 Hiberniae
792 832 896 896 totius.
911 831 935 910 ¹)
998 831 1088 894 Dein
1126 853 1203 895 vero
1247 834 1281 896 111
1321 833 1416 917 synodi

328 925 501 992 Casheliae
536 926 651 992 habita
689 929 782 992 varia
821 937 943 992 statuta
978 937 1069 1009 sunt,
1108 929 1218 1014 quoad
1249 951 1374 996 morum
1405 953 1416 994 s

326 1023 522 1110 disciplinae
545 1025 812 1090 reformationem
837 1024 934 1090 valde
959 1028 1144 1090 neccssaria
1167 1039 1199 1091 et
1222 1027 1376 1112 proficua.
1416 1057 1417 1096 1

155 1180 316 1222 munerun
414 1161 469 1224 117.
494 1161 606 1240 Quum
624 1161 726 1243 igitur
749 1161 819 1224 istis
839 1161 873 1222 in
889 1159 1057 1244 adjunctis
1072 1158 1246 1224 submissio
1264 1159 1417 1224 Hibernia

182 1243 288 1294 Μ’·
325 1257 415 1322 iacta
447 1267 540 1337 esset,
577 1257 788 1322 manifestum
819 1267 877 1338 est,
909 1256 1141 1321 Alexandrum
1165 1257 1216 1322 [Π
1246 1260 1363 1322 merito
1385 1281 1417 1320 su

326 1377 488 1420 consensu
513 1355 594 1420 haec
618 1355 749 1420 firmare
773 1358 935 1442 potuisse3
961 1355 1164 1420 videbantur
1186 1357 1274 1419 enim
1299 1378 1339 1420 ea
1362 1379 1417 1442 qua

325 1443 517 1518 acciderant
553 1475 689 1538 vergere
724 1455 759 1518 in
798 1453 921 1518 bonum
958 1453 1129 1517 Ecclesiae
1165 1463 1197 1518 et
1231 1454 1418 1540 reipublicae

294 1546 298 1556 ’
325 1551 414 1616 Hinc
438 1554 508 1637 ipse
532 1551 670 1638 epistola
700 1552 778 1615 data
801 1551 953 1616 laudavit
981 1553 1163 1636 episcopm,
1197 1552 1287 1638 quod
1318 1555 1418 1636 regis

325 1649 563 1730 submisissent,
578 1659 610 1714 ct
618 1673 748 1736 sperare
763 1672 797 1713 se
806 1650 1018 1734 significavit,
1030 1658 1150 1713 statum
1163 1671 1272 1714 rerum
1281 1651 1418 1736 quoadrs

323 1747 479 1832 ligionem
504 1750 537 1811 in
554 1748 672 1812 melius
688 1759 848 1812 mutatum
875 1749 926 1813 iri.
973 1747 1159 1831 Parmagua
1182 1769 1260 1812 vcro
1285 1748 1385 1812 fuisse
1406 1751 1418 1812 ii

324 1846 505 1910 Hiberniae
530 1846 626 1926 mala,
653 1869 695 1910 ex
719 1845 836 1909 litteris
860 1845 1054 1925 Alexandri,
1086 1855 1157 1909 tum
1189 1845 1231 1910 ad
1263 1847 1418 1931 episcopos

322 1954 392 2008 tum
417 1945 459 2008 ad
476 1945 660 2009 Henricum
678 1945 711 2008 11
735 1945 830 2026 datis,
856 1943 1068 2008 manifestum
1092 1945 1182 2026 est.²)
1230 1944 1356 2010 Scribit
1372 1945 1419 2008 Als

323 2043 450 2106 xander
465 2045 518 2106 ΙΙΙ
541 2046 627 2108 inter
650 2042 716 2106 alia
730 2042 773 2106 ad
790 2042 957 2128 praesules
974 2041 1157 2106 Hiberniae
1173 2042 1218 2130 (d.
1235 2043 1338 2109 (1.20.
1357 2044 1419 2128 Sept

325 2141 441 2224 1172):
478 2143 541 2207 Ubi
564 2143 717 2206 communi
732 2141 830 2226 fama
854 2151 883 2204 et
907 2153 993 2203 certa
1015 2140 1171 2204 relatione
1188 2143 1335 2228 primum
1359 2141 1419 2204 nobi

323 2236 469 2318 iruio'tuit,
494 2241 577 2325 qnod
599 2263 654 2303 vos
679 2289 762 2305 ....
788 2261 888 2326 repom
912 2237 1049 2322 Anpliae
1072 2238 1228 2302 illustrem
1251 2243 1286 2303 in
1311 2253 1419 2304 nestun

322 2363 421 2424 repam
444 2351 474 2402 et
498 2340 657 2402 dominnm
672 2339 852 2425 suscepistis
875 2347 905 2400 et
928 2339 958 2401 ei
974 2336 1163 2421 fidelitatem
1178 2339 1332 2426 jierastis,
1359 2349 1419 2400 11111

321 2439 506 2525 auspiiarem
537 2441 571 2501 in
595 2438 686 2501 corde
711 2438 868 2501 laetitiam
891 2438 1101 2522 concepimus,
1133 2436 1249 2520 quanto
1275 2459 1342 2522 per
1369 2437 1420 2524 rjai

321 2537 390 2600 elem
421 2539 504 2622 repis
529 2539 707 2622 potentiam
737 2537 772 2598 in
803 2545 889 2598 terra
919 2546 1041 2613 vestra,
1075 2544 1261 2619 cooperante
1293 2534 1420 2596 Domine

322 2639 423 2724 major
443 2657 514 2720 pam
538 2637 597 2698 erit
621 2645 713 2719 atque
737 2633 965 2718 tranquillitas,
996 2643 1026 2695 et
1046 2655 1124 2718 pens
1148 2630 1338 2709 Hiberniae,
1368 2651 1420 2716 quc

314 2743 377 2817 per
401 2734 616 2796 enormitatem
648 2742 678 2795 et
700 2732 886 2817 spurcitiam
908 2733 1056 2794 uitiorum
1085 2729 1164 2793 adeo
1187 2728 1360 2792 ridebatur
1383 2729 1420 2791 los

319 2832 389 2914 pius
412 2831 583 2910 recessisse,
616 2831 725 2893 diuino
753 2829 838 2892 cultu
862 2829 1057 2915 propensius
1080 2825 1309 2913 informabitur
1336 2839 1365 2890 et
1388 2850 1420 2888 mr

320 2929 382 2992 lius
406 2929 596 2992 christianae
615 2929 698 3012 fidei
721 2927 870 3013 suscipiet
893 2925 1105 3012 disciplinam.
1133 2977 1139 2990 .
1165 2975 1172 2988 .
1199 2973 1205 2988 .
1236 2925 1330 2989 Unde
1354 2945 1420 3010 supe

320 3049 371 3104 eo,
406 3028 489 3112 quod
520 3037 583 3090 tam
613 3027 737 3112 potenti
760 3035 790 3088 et
812 3023 975 3109 mapnifico
998 3025 1066 3110 rapi
1097 3073 1104 3087 .
1130 3073 1137 3086 .
1165 3073 1172 3087 .
1203 3045 1257 3086 vos
1280 3023 1420 3088 voluntat

320 3125 419 3188 libera
444 3125 641 3203 subdidistis,
668 3123 904 3210 providentiam
936 3132 1071 3185 vestram
1101 3121 1199 3205 dipria
1232 3119 1346 3185 laudis
1369 3143 1420 3182 ron

307 3225 518 3286 ‘mandatione
526 3222 756 3309 prosequimur,
781 3243 874 3306 quum
889 3219 1004 3284 exinde
1020 3217 1117 3296 vobis,
1141 3216 1317 3296 Ecclesiae,
1344 3230 1373 3282 et-
1389 3229 1420 3280 toi

313 3322 435 3408 populo
459 3322 550 3385 illius
573 3331 675 3384 terrae
698 3317 822 3382 utilitas
845 3327 987 3404 speretur
1009 3339 1073 3380 non
1093 3316 1217 3379 modica
1236 3327 1420 3402 precemini

319 3421 358 3483 In
383 3420 520 3506 epistola
543 3430 652 3482 autem
678 3416 770 3502 (data
793 3416 910 3479 eodem
934 3414 988 3478 die
1005 3414 1064 3478 20ο
1077 3413 1166 3499 Sept.
1191 3416 1357 3496 11172),
1381 3435 1420 3498 qn

319 3519 474 3583 Pontifex
498 3518 644 3580 Henrico
675 3516 745 3600 regi
777 3513 818 3578 de
843 3513 1061 3578 submissione
1085 3510 1268 3576 Hiberniae
1300 3511 1420 3596 gratrils

319 3629 381 3698 tur,
410 3615 547 3702 loquens
579 3614 620 3679 de
643 3612 739 3677 malis
772 3614 806 3675 in
831 3611 938 3675 insula
963 3609 1018 3674 illa
1042 3619 1121 3673 tunc
1146 3610 1345 3694 vigentibus
1371 3631 1418 3672 scr

319 3715 382 3780 bit:
420 3713 507 3788 Quae
531 3719 623 3797 (gens
647 3709 854 3796 Hibernica),
879 3710 987 3773 diuino
1017 3709 1125 3772 timore
1150 3709 1347 3793 postposito,
1379 3719 1418 3770 tar

320 3836 412 3898 queam
440 3811 567 3898 effrems
585 3811 710 3897 passim
731 3833 790 3895 per
814 3809 952 3894 abrupta
975 3806 1082 3870 deviat
1111 3807 1270 3883 uitiorum,
1306 3817 1339 3869 et
1370 3807 1420 3868 clrr

319 3915 444 3974 stianae
464 3909 548 3993 fidei
576 3909 759 3994 religionem
788 3905 898 3996 abjicit
928 3916 957 3968 et
985 3906 1125 3983 uirtutis,
1165 3914 1194 3966 et
1224 3925 1257 3966 se
1289 3905 1420 3968 interim*

320 4020 427 4072 mutua
450 4007 554 4071 caede.
580 4056 588 4070 .
613 4055 620 4070 .
647 4055 654 4069 .
681 4003 842 4068 Nouercas
866 4027 941 4067 suas
957 4001 1086 4090 publice
1110 3999 1327 4081 introducunt,
1357 4015 1420 4064 ete

393 4185 413 4249 ι1
433 4186 532 4254 Roger.
552 4185 585 4239 de
603 4182 734 4237 Hoveden
752 4181 770 4234 l.
790 4197 821 4246 a,
840 4195 883 4248 ap.
903 4178 1000 4245 Labie,
1021 4179 1053 4233 X.
1076 4178 1153 4232 1453.

391 4269 412 4332 ²)
431 4265 464 4322 V.
483 4265 584 4330 Rymer
602 4261 729 4326 Foedera,
748 4261 770 4317 1.
789 4261 832 4317 to.
