2828 4842
287 483 327 538 De
346 483 495 538 Interdictc
514 482 548 537 ab
566 483 725 539 Innocentio
743 483 808 538 lato.
1058 481 1111 538 263

38 635 164 712 dquam
186 627 314 691 &mam
338 627 509 692 Pontificis
533 629 754 691 constantiam
779 628 1012 712 perspexisset,
1032 626 1111 712 jura

36 745 71 785 us
87 725 205 806 reginae
229 724 466 812 concederet1)
512 723 600 790 lllnd
624 747 703 788 sane
727 725 917 808 indubium,
950 726 1111 790 innccen-

34 821 87 884 tium
112 821 156 886 [ΙΙ
192 823 225 886 iu
253 824 315 886 isto
339 823 472 906 negotio
495 821 665 908 praeclare
688 843 760 886 sese
792 825 942 908 gessisse,
982 832 1015 886 et
1045 842 1111 887 non

33 919 116 981 ninori
141 920 310 1005 sapientia,
350 941 451 1008 quam
482 921 730 1005 perseverantia
757 920 840 1006 legis
869 921 1006 985 diuinae
1033 921 1112 1006 jura

32 1035 69 1099 pro
86 1037 208 1081 munere
230 1040 289 1082 suc
312 1020 434 1082 tultum
458 1040 538 1083 esse.

90 1115 134 1180 45.
157 1116 277 1197 Restat,
302 1125 339 1180 ut
354 1114 518 1204 quaedam
543 1115 758 1181 advertamus
783 1117 824 1182 de
839 1116 1022 1197 lator-dicto,
1046 1114 1276 1218 q¹¹⁰lii⁸dii¹sssi⁸

31 1209 203 1277 innocentius
226 1213 276 1278 111
304 1235 384 1280 usus
407 1223 457 1278 est
480 1212 523 1278 ad
547 1213 767 1298 frangendam
792 1217 1012 1300 pertinaciam
1035 1214 1112 1280 Phi·

29 1305 84 1392 lippi
103 1312 198 1394 regis3
224 1313 308 1376 varii
331 1314 420 1376 enim
436 1321 587 1377 auctores
603 1312 798 1378 Pontificem
816 1313 1111 1399 reprehenderunt,

29 1407 89 1490 quod
109 1409 264 1494 ejusmodi
288 1414 399 1496 poenit
412 1421 482 1475 tum
498 1432 536 1475 eo
552 1412 587 1476 in
605 1433 693 1491 casu,
718 1421 789 1474 tum
805 1410 897 1492 alias,
922 1412 1112 1497 principum

29 1507 132 1570 cunina
159 1509 312 1593 punierit.
360 1507 589 1572 Adverterunt
612 1508 781 1590 videlicet,
816 1508 975 1594 populum
1004 1509 1113 1594 potius

28 1623 98 1685 quam
118 1605 297 1690 principem
321 1627 361 1669 ea
384 1607 511 1670 ratione
531 1607 685 1692 punitum
701 1605 812 1687 fuisse,
836 1617 935 1692 atque
951 1607 1022 1670 lieri
1045 1628 1113 1671 non

27 1703 146 1783 potuim,
169 1704 250 1788 quin
274 1704 392 1786 gravia
415 1702 512 1786 mala,
538 1703 664 1767 inflicta
686 1703 850 1790 ejusmodi
874 1727 1023 1786 censura,
1048 1705 1112 1789 ipsi

26 1795 142 1883 religioni
154 1802 189 1866 in
204 1802 379 1864 territoriis
395 1801 572 1866 interdicto
589 1800 749 1887 subjectis
763 1802 972 1866 obvenirent.
988 1839 1031 1848 -
1046 1799 1112 1865 Sed

22 1893 154 1976 jecistis
176 1897 382 1985 temporibus
419 1898 502 1963 tales
533 1900 742 1987 quaestiones
774 1901 918 1984 agitatae
941 1899 1043 1982 lucre,
1081 1910 1115 1963 et

25 1991 105 2076 qualis
131 1995 229 2061 inerit
263 1998 368 2082 ipsius
391 1996 563 2062 Pontificio
595 1997 659 2062 bac
689 1999 725 2064 in
754 2021 789 2063 re
822 1999 994 2082 sententia,
1026 1997 1113 2062 clare

24 2088 105 2154 clucet
124 2115 164 2156 ex
187 2094 238 2176 iis,
262 2116 348 2181 quae
371 2095 450 2159 fecit
473 2105 506 2161 et
529 2097 670 2181 scripsit,
701 2117 804 2182 quum
828 2095 1013 2182 Hispaniae
1037 2117 1114 2181 pars

24 2190 120 2270 pariter
140 2192 174 2256 iu
190 2214 292 2257 cansa
315 2192 551 2259 matrimoniali
575 2195 662 2279 regis
686 2194 862 2259 interdicto
886 2193 1112 2279 subjiceretur.

22 2283 243 2354 invertendum
268 2289 427 2355 videlicet
450 2302 508 2373 est,
533 2313 573 2356 ea
596 2300 704 2357 aetate
729 2314 829 2378 quam
854 2293 999 2356 maxime
1023 2292 1113 2377 prin·

23 2385 90 2468 cipes
110 2389 195 2452 visos
218 2411 289 2453 esse
312 2400 443 2454 sanctas
466 2392 658 2475 nuptiarum
682 2389 771 2475 leges
803 2390 958 2477 abjicere,
990 2401 1023 2453 et
1054 2411 1113 2476 pro

22 2477 101 2546 lubito
134 2507 191 2550 suo
232 2486 275 2552 ad
312 2486 429 2552 illicita
459 2487 636 2552 convolare
672 2489 848 2553 connubia.
902 2486 967 2552 Sed
1001 2487 1042 2552 de
1074 2488 1114 2551 iis

24 2601 84 2663 quse
105 2583 137 2648 in
159 2584 324 2670 Hispania
346 2584 551 2668 acciderunt,
576 2586 620 2651 ad
643 2589 869 2673 quaestionem
893 2586 981 2650 hanc
1005 2585 1114 2671 expla-

23 2678 139 2744 nandam
161 2704 269 2767 pauca
292 2682 452 2748 dicamus.

87 2777 136 2842 46.
182 2777 369 2846 Caelestino
400 2781 452 2845 111
483 2780 594 2844 adhuc
624 2793 793 2866 regnante,
834 2781 1025 2868 Alphonsus
1055 2803 1115 2845 rex

23 2869 150 2956 Legionis
173 2875 406 2944 consobrinam
430 2901 523 2942 suam
541 2878 745 2963 Therasiam,
769 2879 872 2944 liliam
888 2881 974 2965 regis
986 2879 1115 2942 Lusita-

24 2971 77 3033 niae
110 2974 291 3039 incestuose
328 2973 391 3039 sibi
430 2988 698 3062 praesumpserat
736 2977 900 3063 copulare.
958 2977 1116 3042 Pontifex

24 3081 166 3152 propterea
196 3083 264 3136 tam
293 3095 405 3158 regem
434 3075 541 3159 ipsum
565 3074 769 3157 Lusitaniae,
801 3097 901 3160 quam
931 3077 1115 3139 incestuose

23 3165 187 3250 conjunctos
211 3172 565 3236 excommunicationis
588 3174 751 3237 sententia
782 3173 967 3253 innodavit,
1000 3183 1032 3236 et
1055 3173 1116 3236 Le·

23 3263 152 3337 ,sionense
181 3290 221 3332 ac
243 3269 438 3333 Lusitaniae
468 3292 570 3355 regna
602 3272 785 3335 sententiae
815 3273 988 3356 supposuit
1019 3272 1116 3334 inter-

24 3357 92 3428 dicti.
137 3364 225 3428 Unde
257 3367 341 3452 qaod
369 3367 530 3454 illepitime
551 3367 679 3454 factum
693 3368 819 3455 ficerat,
853 3379 899 3432 eat
917 3371 1047 3455 penitas
1069 3392 1116 3432 re·

24 3463 177 3546 aecumst)
201 3501 244 3511 -
268 3463 393 3530 Verum
418 3467 527 3530 dictus
550 3489 610 3530 rex
633 3467 861 3551 Legioneusis,
887 3467 929 3531 ad
954 3466 1117 3530 deteriora

25 3575 132 3624 nanum
163 3562 355 3645 extendeus,
387 3562 489 3627 filiam
520 3566 607 3649 regis
641 3562 802 3630 Castaliae
834 3563 1023 3628 consobrini
1054 3565 1116 3644 sui,

25 3669 128 3738 neptem
153 3660 308 3726 videlicet
337 3663 505 3747 propriam
528 3661 779 3746 Bereugariam,
810 3659 1023 3748 impudenter
1052 3661 1117 3725 sibi

26 3754 151 3838 copulare
184 3781 285 3824 ausus
315 3768 373 3826 est.
428 3759 526 3840 Quod
558 3782 660 3847 quum
699 3760 742 3824 ad
773 3762 926 3824 notitiam
957 3761 1117 3824 Innocen-

26 3849 51 3910 tii
64 3851 107 3917 ΙΙΙ
121 3855 288 3920 Pontificia
311 3859 525 3942 pervenisset,
551 3861 578 3921 is
593 3860 628 3922 in
644 3858 843 3945 Hispaniam
868 3859 958 3923 misit
972 3857 1118 3942 legatum

28 3945 188 4017 Painerinm
220 3953 441 4036 Cardinalem,
481 3957 591 4020 virum
628 3956 726 4041 plane
765 3959 941 4042 insignem,
979 3958 1036 4044 qui
1071 3957 1117 4020 in-

28 4062 184 4116 cestuosum
208 4051 288 4119 illud
313 4055 560 4119 matrimonium
584 4053 735 4138 solveret,
769 4065 801 4120 et
827 4054 870 4120 ad
894 4053 1118 4119 obediendum

30 4185 207 4204 ‘’————-·

85 4261 101 4330 'l
118 4261 170 4320 Gfr.
186 4263 289 4321 Hnrtcr
304 4267 324 4322 l.
344 4281 366 4319 a
385 4264 417 4322 L.
436 4265 540 4322 XVIII.
560 4266 611 4322 vol.
625 4265 662 4322 11.
681 4279 707 4333 p.
720 4266 783 4324 447.
812 4265 834 4330 ²)
853 4265 939 4320 Gesta
957 4283 983 4322 n.
1003 4267 1046 4321 58.
