2822 4838
289 490 342 543 276
556 487 656 542 XXVI.
677 487 717 541 De
736 485 901 540 Pontificatu
919 487 1071 541 innocentii
1091 487 1139 542 III.

130 634 237 686 apaan
250 635 280 674 2‘1
290 631 514 715 dignaremur,
547 632 633 695 infra
665 651 764 716 quam
796 638 906 715 posset
930 629 964 694 id
988 629 1069 711 lieri,
1103 653 1145 695 ne
1164 632 1233 716 juri
1257 643 1311 697 tuo
1333 653 1393 696 con·

160 707 243 747 ”⁸⁶²
290 732 431 815 tingeret
454 729 621 813 derogari3
646 738 760 793 contra
784 749 959 814 personam
983 727 1079 793 electi
1094 729 1256 815 quiddam
1278 730 1319 794 ad
1335 730 1395 793 ulti·

289 850 379 893 mum
404 835 633 913 proponentes,
658 826 747 912 quod
771 847 872 911 quum
890 827 1064 891 manifeste
1079 826 1198 891 falsum
1215 829 1267 910 sit,
1292 830 1395 892 ostium

288 927 354 990 oria
378 925 531 990 claudere
555 923 754 1002 debuissent,
779 925 972 1009 praesertim
994 946 1107 1011 quum,
1132 926 1290 989 siveram
1316 937 1395 1001 esset,

288 1025 527 1109 promotionem
552 1023 623 1106 ejus
642 1022 714 1106 jam
739 1020 901 1106 impedire
926 1043 991 1086 non
1016 1033 1135 1107 posset.
1183 1023 1279 1087 Licet
1301 1033 1397 1086 autem

289 1143 388 1206 snper
412 1120 629 1185 electionibus
652 1119 743 1205 apud
758 1119 879 1184 Sedem
896 1119 1123 1205 Apostolicam
1148 1119 1321 1185 celebratis
1343 1141 1397 1184 non

289 1221 499 1285 consueverit
521 1239 674 1282 assensus
697 1219 886 1303 principum
912 1219 1107 1302 exspectari,
1133 1219 1198 1283 duo
1218 1229 1329 1283 tamen
1344 1241 1399 1281 mo·

290 1314 388 1380 nachi
412 1318 545 1380 fuerunt
568 1314 754 1400 specialiter
778 1315 938 1401 deputati,
962 1325 999 1378 ut
1022 1316 1065 1380 ad
1089 1325 1121 1380 te
1138 1340 1196 1402 pro
1212 1316 1398 1404 requirendo

289 1436 425 1478 assensu
458 1414 629 1494 venirent,
662 1414 719 1498 qui
750 1413 840 1499 apud
864 1413 1071 1477 Ydivoriam
1103 1413 1242 1498 (Dover)
1280 1416 1406 1480 fuerunt

289 1513 418 1593 retenti,
443 1522 479 1576 ut
502 1512 688 1598 injunctum
712 1509 776 1596 sibi
801 1511 995 1576 mandatum
1017 1513 1154 1598 exsequi
1170 1535 1236 1578 non
1253 1513 1400 1580 valerent.

290 1621 323 1674 et
345 1609 512 1695 praefatae
535 1609 663 1674 litterae
688 1607 729 1672 de
749 1608 1018 1693 procuratoribus
1041 1610 1084 1675 ad
1101 1621 1245 1676 nostram
1263 1633 1406 1698 praesenr

290 1709 370 1772 tiam
400 1706 606 1772 destinandis
638 1708 704 1770 tuis
734 1706 870 1770 fuerunt
901 1708 1028 1772 nuntiis
1059 1711 1260 1794 assignatae,
1293 1723 1330 1773 ut
1358 1733 1406 1774 eas}

290 1804 352 1869 tibi
377 1805 518 1870 fideliter
532 1813 790 1890 praesentarent.
822 1803 891 1868 Nos
907 1826 1049 1890 quoque,
1074 1808 1130 1890 qui
1148 1829 1247 1892 super
1263 1807 1403 1872 eamdem

290 1902 464 1967 ecclesiam
482 1900 755 1966 cantuariensem
780 1901 1023 1987 plenitudinem
1048 1907 1218 1988 potestatis
1242 1905 1406 1982 habemus,

290 2003 418 2084 regium
448 2022 547 2086 super
577 1999 640 2063 hoc
671 1999 798 2082 dignati
830 2022 945 2064 sumus
973 2001 1150 2086 implorare
1179 2001 1345 2084 savorem3
1381 2021 1406 2066 et

291 2119 404 2162 cursor
427 2108 546 2176 noster,
572 2098 627 2182 qui
642 2095 851 2183 Apostolicas
874 2096 935 2162 tibi
959 2097 1085 2164 litteras
1108 2104 1343 2188 praesentavit,
1367 2100 1406 2164 lie

290 2208 377 2261 teras
394 2217 524 2282 quoque
539 2197 657 2280 prioris
673 2218 713 2260 ac
730 2195 977 2279 monachorum,
1003 2199 1059 2282 qni
1081 2220 1124 2262 ex
1138 2198 1296 2263 mandato
1319 2201 1406 2262 totius

291 2294 427 2381 capituli
446 2293 694 2359 Cantuariensis
711 2293 963 2358 celebraverunt
979 2293 1173 2360 electionem
1190 2309 1406 2380 memoratam,

292 2415 391 2480 super
414 2415 550 2457 assensu
574 2391 717 2477 petendo
740 2394 852 2476 regiae
869 2391 1064 2457 sublimitati
1080 2396 1236 2479 porrexit.
1271 2395 1406 2480 Ideoque

292 2512 359 2556 non
383 2490 538 2572 vidimus,
563 2498 713 2574 oportere
737 2489 846 2553 denuo
869 2499 945 2576 post
968 2489 1050 2554 haec
1074 2492 1186 2554 omnia
1209 2494 1340 2576 regium
1364 2513 1406 2578 poa

292 2588 415 2654 stulare
438 2609 646 2668 consensum,
675 2587 733 2651 sed
756 2587 838 2652 illud
863 2589 1095 2674 disposuimus,
1121 2610 1187 2654 non
1212 2587 1406 2658 declinante!

291 2687 335 2750 ad
366 2686 536 2750 dexteram
571 2684 626 2749 vel
657 2684 699 2750 ad
733 2687 909 2766 sinistram,
944 2685 1032 2771 quod
1062 2698 1250 2751 sanctorum
1280 2687 1406 2754 Patrem

293 2785 474 2848 canonicae
498 2785 684 2848 sanctiones
708 2793 857 2848 statuunt
880 2784 1081 2867 faciendum,
1106 2795 1142 2848 ut
1158 2785 1317 2850 videlieet
1338 2777 1406 2850 nihil

292 2903 405 2946 morae
435 2880 489 2944 vel
513 2881 719 2945 difficultatis
742 2883 840 2945 rectis
871 2881 1143 2967 dispositionibus
1173 2885 1343 2966 afferatur,
1378 2895 1406 2952 nt

292 2982 385 3064 gregi
410 2980 576 3044 dominico
602 2980 688 3043 desit
711 3001 790 3044 cura
813 2979 995 3064 pastoralis.
1040 2979 1206 3060 Quocirca
1230 2981 1276 3045 nil
1300 2981 1406 3045 disere

293 3080 376 3142 tioni
399 3087 476 3141 tuae
493 3077 546 3142 vel
569 3077 672 3162 regali
688 3077 884 3163 prudentiae
899 3089 1096 3162 suggeratur
1112 3101 1132 3142 a
1149 3099 1331 3165 quoquam,
1356 3093 1406 3166 qut

293 3176 502 3262 aliquatenus
519 3174 629 3240 valeat
651 3198 671 3239 a
692 3177 977 3239 consummatione
1001 3176 1100 3262 hujus
1124 3176 1225 3240 officii
1249 3179 1398 3242 revocari

293 3275 451 3359 quoniam
482 3295 584 3359 quum
609 3271 734 3358 absque
759 3275 792 3335 vi
818 3282 851 3336 et
874 3272 948 3337 dolo
973 3275 1134 3344 canonica
1162 3276 1204 3338 sit
1227 3274 1347 3340 electio
1379 3273 1406 3344 m

293 3393 435 3457 persona
465 3371 585 3435 idonea
616 3370 824 3435 concorditer
854 3369 1029 3452 celebrata,
1063 3372 1134 3436 sine
1162 3372 1285 3436 damno
1313 3375 1406 3438 fama<

293 3481 327 3534 et
349 3469 495 3555 periculo
520 3468 741 3533 conscientiae
766 3467 898 3532 differre
926 3490 991 3532 non
1025 3489 1204 3554 possemus.
1251 3471 1308 3534 Tu
1333 3493 1406 3555 erga

295 3566 341 3631 fili
365 3569 543 3645 carissime,
575 3565 671 3649 cujus
694 3564 812 3630 honori
842 3587 941 3651 supra
968 3566 1025 3651 jus
1056 3565 1183 3630 deferre
1213 3571 1406 3634 curavimus

293 3664 476 3729 secundum
495 3664 553 3748 jus
576 3673 686 3727 nostro
711 3663 843 3728 studeas
868 3657 985 3727 honori
1009 3663 1146 3746 deferre,
1172 3717 1178 3731 .
1205 3717 1211 3730 .
1238 3717 1245 3731 .
1272 3688 1316 3730 ne
1338 3667 1406 3732 som

294 3765 322 3828 si
347 3783 441 3828 secus
465 3764 571 3846 egeris
594 3774 628 3824 in
653 3783 726 3826 eam
751 3771 783 3824 te
807 3760 1037 3826 difficultatem
1054 3761 1194 3826 inducas
1210 3762 1252 3826 de
1268 3785 1339 3849 qua
1355 3783 1406 3842 nor

294 3860 391 3925 facilc
416 3858 528 3923 valeas
552 3857 714 3944 expediri.
740 3911 746 3925 .
774 3911 780 3924 .
808 3911 814 3926 .
841 3857 930 3939 Quia
954 3881 1019 3923 non
1044 3871 1130 3923 esset
1151 3858 1212 3923 tibi
1233 3871 1363 3948 tutum,
1386 3855 1406 3926 il

294 3957 357 4024 hac
390 3980 490 4021 causa
513 3957 585 4020 Deo
617 3964 649 4020 et
672 3955 842 4020 Ecclesiae
874 3978 1074 4042 repugnare,
1112 3979 1170 4042 pro
1202 3980 1267 4044 qua
1302 3957 1406 4022 beatm

295 4066 422 4141 martyr
445 4065 477 4120 et
500 4053 650 4140 pontifex
674 4053 835 4139 gloriosus
858 4053 1004 4120 Thomas
1029 4057 1225 4137 sanguinem
1249 4077 1351 4120 suum
1376 4077 1406 4120 rs

294 4167 407 4218 center
430 4152 557 4232 effudit,
586 4154 777 4238 praesertim
804 4173 846 4216 ex
870 4173 935 4237 quo
958 4162 1052 4237 pater
1075 4163 1108 4216 et
1130 4153 1231 4216 frater
1255 4163 1335 4218 tuns
1361 4153 1406 4218 cla

293 4274 350 4316 rae
374 4250 562 4324 memoriae,
586 4261 666 4312 tunc
682 4271 776 4333 reges
791 4247 985 4334 Anglorum‚
1011 4253 1044 4315 in
1062 4249 1218 4315 manibus
1233 4249 1406 4334 legatorun
