2902 4848
376 407 416 461 De
435 399 659 462 condemnatione
678 407 779 462 Hussii.
1103 405 1156 459 343

29 613 30 630 ,
54 551 182 616 divinum
207 550 401 637 praedicare
426 560 576 637 possent;
609 551 649 614 3⁰
672 561 709 614 ut
732 550 861 616 clericis
891 549 1073 636 temporale
1102 551 1156 615 do·

55 651 171 714 minium
203 650 423 731 adimeretur3
463 649 501 712 4⁰
532 657 569 711 ut
592 647 713 712 delicta
743 648 879 734 publica
903 647 995 713 nulla
1018 650 1155 728 ratione,

27 766 28 810 l
54 769 84 810 nc
104 747 232 833 majoris
264 747 400 832 quidem
432 746 510 810 mali
537 746 666 810 vitandi
697 767 807 827 causa,
838 746 1066 827 tolerarentur,
1099 745 1155 810 sed

51 847 239 930 punirentur.

124 943 176 1009 65.
224 941 309 1008 Cum
341 941 519 1007 Calixtinis
550 940 786 1027 Sigismundus
817 943 1002 1028 Imperator
1032 943 1325 1027 paciscicsuxeere·

49 1043 154 1127 coepit,
192 1063 313 1127 eosque
349 1041 514 1104 concessis
552 1041 739 1103 securitatis
772 1037 893 1104 libellis
928 1035 1090 1121 adduxit,
1121 1049 1158 1105 ut
1186 1023 1310 1063 ΜΝ·

47 1137 155 1222 legatos
187 1139 394 1204 destinarent
427 1138 469 1203 ad
504 1135 691 1202 Concilium
722 1135 873 1201 Basileae
909 1147 1154 1222 congregatum.

46 1235 87 1300 llli
109 1239 202 1301 initio
227 1239 306 1302 anni
334 1237 420 1301 1433
443 1235 610 1300 Basileam
642 1235 865 1316 advenerunt,
897 1257 1040 1322 cumque
1071 1238 1158 1300 inter

47 1355 93 1397 eos
114 1345 145 1398 et
159 1333 304 1400 Concilii
329 1335 504 1420 deputatos
529 1333 569 1398 de
594 1333 861 1397 commemoratis
885 1355 985 1418 supra
1008 1334 1156 1398 articulis

44 1435 104 1496 sine
142 1445 255 1520 optato
294 1435 415 1498 effectu
453 1433 709 1518 disceptaretur,
749 1431 936 1496 Concilium
976 1433 1010 1495 in
1049 1433 1156 1517 ipsam

44 1529 227 1596 Bohemiam
253 1531 381 1617 aliquot
396 1532 484 1596 viros
498 1531 633 1615 legavit,
659 1531 714 1616 qui
730 1529 859 1615 Pragae
885 1552 960 1594 cum
979 1529 1157 1598 Calixtinis

40 1651 146 1712 pacem
182 1639 440 1714 composuerunt
471 1627 524 1692 his
555 1627 702 1713 legibus:
744 1628 780 1691 1⁰
810 1639 847 1692 ut
877 1630 910 1690 in
934 1627 1096 1692 Bohemia
1125 1640 1158 1693 et

41 1726 181 1790 lloravia
214 1751 237 1793 s.
264 1727 477 1792 Eucharistia
507 1726 603 1790 laicis
634 1724 695 1790 sub
721 1735 860 1812 utraque
884 1727 994 1810 specie
1018 1727 1156 1791 concedi

38 1835 152 1907 posset,
192 1823 250 1890 sed
286 1824 392 1898 adulti
417 1823 594 1908 diligenter
618 1823 849 1905 edocerentur,
889 1822 1058 1916 Christum
1094 1823 1155 1888 sub

38 1924 148 2006 quavis
190 1923 301 2008 specie
337 1933 442 1986 totum
478 1922 658 2000 contineri,
698 1921 737 1984 2⁰
766 1933 804 1985 ut
835 1921 973 1986 verbum
1003 1922 1155 1987 divinum

37 2016 132 2083 libere
157 2019 418 2106 praedicaretur,
443 2040 510 2084 non
522 2029 633 2084 tamen
653 2021 723 2084 sine
738 2021 933 2084 auctoritate
949 2021 1155 2105 superiorum

36 2116 349 2200 ecclesiasticorum
375 2118 414 2181 3⁰
436 2127 473 2180 ut
495 2115 584 2181 bona
600 2115 824 2181 ecclesiastica
839 2140 858 2182 a
871 2115 957 2182 clero
973 2117 1155 2182 secundum

34 2217 236 2300 praescripta
246 2215 383 2279 Petrum
399 2214 541 2278 lidelitcr
558 2213 891 2296 administrarentur3
915 2215 955 2278 4⁰
969 2226 1005 2278 ut
1019 2226 1156 2300 peccata

34 2313 182 2378 nonalia
206 2313 390 2378 secundom
415 2313 505 2396 leges
529 2313 664 2376 divinas
688 2322 722 2376 11
746 2311 986 2378 11111111111111
1006 2325 1156 2400 quactum

27 2409 95 2490 fieri
113 2421 230 2498 posset
252 2413 459 2496 punirentur,
486 2431 551 2475 non
576 2419 687 2475 tamen
712 2433 731 2474 a
755 2411 905 2496 personis
920 2413 1069 2497 privatis.
1093 2413 1156 2478 His

32 2507 135 2590 lactis,
177 2507 339 2573 Calixtini
373 2531 406 2572 11
439 2530 514 2572 cum
548 2507 729 2572 Catholicis
759 2508 1019 2593 conjunxerunt,
1056 2531 1156 2596 seque

28 2606 244 2689 sigismundo
268 2616 305 2669 ut
327 2608 395 2691 regi
421 2606 643 2692 subjecerunt.
692 2605 777 2672 Cum
803 2604 985 2672 Catholicis
1014 2610 1098 2673 uniti
1123 2631 1153 2672 a·

31 2705 116 2768 1434
138 2703 342 2769 Thaboritas
368 2725 469 2788 prope
492 2703 635 2787 Pragam
660 2705 732 2768 acie
756 2704 863 2768 victos
886 2706 1013 2790 ingenti
1038 2706 1155 2770 111111·

27 2815 101 2867 runt
127 2802 238 2868 clade.
278 2803 377 2867 Anno
402 2812 559 2885 sequente
584 2823 699 2866 omnes
722 2801 903 2866 Bohemiae
927 2813 961 2866 et
982 2803 1154 2868 Moraviae

25 2901 160 2966 ordines
193 2905 228 2967 in
260 2901 404 2986 publicis
429 2902 573 2965 comitiis
596 2900 820 2966 obedientiam
845 2901 1016 2968 Ecclesiae
1045 2903 1155 2968 catho-

25 2997 108 3064 licae
141 3013 178 3064 et
202 2999 279 3064 Sedi
305 2999 518 3085 Apostolicae
548 2999 687 3085 professi
712 3009 799 3064 sunt.
846 3000 949 3064 Pacta
979 2999 1039 3064 illa
1069 3001 1156 3065 inter

26 3097 195 3164 Bohemos
212 3097 508 3183 etSigismundum
533 3109 633 3184 atque
647 3097 835 3163 Concilium
847 3097 1038 3164 Basiloense
1062 3099 1154 3181 inita,

23 3219 51 3258 a.
72 3197 165 3262 1436
192 3195 340 3280 Iglaviae
357 3197 497 3282 adjectis
512 3196 639 3282 aliquot
651 3195 932 3282 explicationibus
949 3196 1154 3285 confirmata,

23 3292 237 3360 Basileensia
260 3305 294 3358 et
313 3295 493 3380 Pragensia
511 3293 693 3380 Compacta
716 3295 874 3380 appellari
900 3310 1154 3358 consueverunt.

22 3391 204 3471 Quantum
234 3403 362 3477 spectat
391 3391 435 3456 ad
458 3391 658 3456 Thaboritas
690 3402 765 3478 post
789 3403 932 3476 stragem
963 3394 1042 3456 anni
1069 3393 1155 3458 1434

19 3493 232 3577 superstites,
265 3489 310 3554 illi
343 3499 457 3554 coetus
488 3500 657 3575 separatos
686 3490 803 3556 saltem
835 3489 1022 3556 clanculum
1053 3493 1156 3556 conti-

19 3601 174 3652 nuarunt
199 3609 303 3674 usque
327 3590 362 3652 in
386 3610 528 3674 sequens
552 3587 732 3670 saeculum,
758 3609 823 3675 quo
848 3611 882 3653 sc
906 3609 983 3652 cum
1007 3590 1157 3654 sectariis

18 3685 401 3772 pseudoret'ormationis
425 3686 715 3770 conjunxerunt.¹)

92 3881 115 3954 ¹)
137 3881 186 3938 Cf.
206 3879 344 3942 Wonters‚
364 3880 455 3949 Gomp.
475 3881 509 3934 H.
529 3881 570 3947 n..
590 3882 623 3936 V.
643 3881 681 3935 11.
701 3896 727 3948 p,
746 3881 810 3935 3711.

485 4013 697 4046 --·04··-—-
