2858 4834
274 337 326 392 2³2
540 337 641 393 xxvi.
665 339 707 393 De
724 337 890 393 Pontificem
908 338 1060 394 Innocentii
1078 339 1127 394 111.

272 489 347 565 post
369 481 519 544 exercitu
542 481 666 546 morbis
690 484 811 564 attrito,
845 483 880 547 in
904 481 1118 547 Germaniam
1142 505 1309 568 regressus
1333 499 1387 549 est.

275 577 469 644 Constantia
504 601 525 642 a
562 578 780 649 salernitanis
817 590 915 664 capta
945 580 1118 645 Tancredo
1156 580 1277 646 tradita
1313 583 1404 664 fuit;

272 675 428 742 Pontifex
460 685 581 758 tamen,
614 687 748 763 petente
775 679 922 742 Henrico
946 679 1004 760 VI,
1034 677 1188 760 obtinuit,
1222 689 1260 744 ut
1288 633 1404 744 liberi

273 774 504 839 dimitteretur.

106 910 217 952 '‘m''
232 912 264 951 Ἦ
361 916 480 982 5111
511 915 693 982 Germania
733 918 900 982 Henricus
930 918 980 982 VI
1016 917 1208 983 foedissima
1246 919 1404 983 facinora

145 966 226 1016 1³90?-

274 1016 447 1080 commisit.
495 1013 741 1080 Concordatum
766 1015 1010 1081 Wormatiense
1034 1015 1191 1098 violabat,
1215 1015 1254 1080 B.
1281 1015 1388 1080 Alber·

273 1124 344 1177 tum
368 1113 645 1177 Lovaniensem
637 1137 672 1179 m
695 1116 887 1200 episcopum
913 1114 1132 1179 Leodiensem
1155 1114 1298 1180 electum
1323 1123 1404 1178 ιι
1374 1137 1404 1186 ι

274 1210 461 1276 Coelestino
495 1211 727 1276 confirmatum
751 1221 784 1275 et
807 1223 1045 1294 consecratum,
1073 1211 1209 1276 Rhamis
1233 1234 1294 1298 per
1318 1203 1404 1276 sica

273 1310 339 1374 rios
364 1308 504 1374 interfici
530 1310 670 1392 curavit,
695 1321 732 1375 ut
747 1310 914 1390 Lothario,
940 1313 1126 1396 praeposito
1150 1310 1333 1390 Bonnensi,
1356 1289 1404 1373 si

274 1409 426 1472 moniace
457 1409 685 1493 episcopatum
710 1408 803 1473 illum
828 1409 1009 1490 conferret,
1050 1407 1255 1473 Richardum
1286 1429 1389 1492 regem

274 1505 417 1590 Angliae
441 1528 484 1569 ex
508 1505 721 1591 expeditione
746 1508 892 1571 cruciata
915 1458 1146 1589 reveitentem,
1178 1529 1238 1592 per
1261 1504 1390 1591 Leopol-

274 1602 355 1667 dum
370 1604 525 1668 Austriae
542 1602 661 1668 du'cem
679 1606 833 1690 intercipi
858 1605 947 1686 fecit,
971 1615 1003 1668 et
1020 1603 1189 1668 custodiae
1213 1602 1389 1678 mandavit,

275 1711 308 1766 et
330 1703 500 1785 ingentem
524 1725 688 1767 summam
713 1705 876 1790 pecuniae
905 1702 948 1767 ad
959 1703 1188 1768 redimendam
1211 1700 1390 1765 libertatem

275 1799 317 1864 ab
334 1799 388 1864 illo
406 1803 553 1866 extorsit.
583 1801 670 1864 Eum
687 1801 916 1866 tantummodo
932 1801 1076 1866 libertati
1092 1800 1244 1881 restituit,
1265 1797 1390 1884 quando

275 1897 432 1984 persolvit
470 1901 587 1983 ingens
624 1902 766 1986 pretium
806 1909 939 1964 centum
978 1900 1222 1986 quinquaginta
1256 1896 1404 1974 millium,

211 2013 214 2022 ’
275 2018 462 2061 marcarum
486 1999 626 2081 argenti,
660 1997 755 2083 cujus
779 1999 910 2061 tertiam
934 2007 1061 2083 partem
1086 1995 1278 2081 Leopoldus
1308 2016 1390 2058 acce·

274 2096 334 2179 pit.
380 2095 519 2181 Propter
542 2105 669 2159 tantum
695 2095 825 2160 facinus
850 2093 1056 2160 Ooelestinus
1079 2095 1132 2159 Ill
1156 2095 1198 2158 ab
1223 2087 1404 2174 Eleonora,}

274 2189 433 2256 Richardi
463 2201 577 2274 matre,
618 2192 855 2279 interpellatus,
891 2193 1179 2278 Leopoldumter
1206 2193 1337 2255 monuit
1363 2189 1404 2276 ιι,

275 2290 354 2354 ι1ιὶιι
382 2291 491 2375 ipsum
525 2301 558 2355 et
587 2291 780 2355 auxiliarios
811 2313 887 2356 suos
915 2291 1228 2356 excommunicavit.
1287 2288 1404 2369 Quum}

275 2386 463 2452 Richardus
486 2390 521 2451 in
545 2388 703 2472 Angliam
727 2411 879 2453 reversus
903 2398 997 2470 esset,
1022 2411 1059 2453 ιο
1084 2397 1216 2474 petente
1239 2386 1404 2466 Pontifex}

275 2487 374 2549 etiam
413 2486 457 2550 ad
495 2487 734 2551 restituendam
773 2489 948 2573 pecuniam
973 2485 1179 2573 Leopoldum
1215 2495 1247 2549 ιι
1282 2484 1404 2562 Ηιιιὶ·,

276 2607 353 2648 cum
382 2583 431 2648 VI
464 2587 602 2649 monuit.
648 2585 838 2670 Leopoldus
871 2608 900 2650 a.
927 2586 1013 2649 1194
1044 2583 1163 2648 incidit
1185 2585 1220 2648 in
1244 2583 1404 2648 morbum}

271 2677 440 2766 lethalem,
464 2692 563 2769 atque
575 2694 652 2747 ante
677 2693 814 2748 mortem
831 2705 889 2769 per
905 2686 1095 2770 episcopum
1112 2681 1404 2766 salisburgensem}

275 2783 317 2846 ab
342 2783 687 2846 excommunicatione
711 2781 835 2846 solutus
859 2793 916 2863 est,
940 2793 1114 2867 postquam
1139 2781 1404 2844 satisfactionem

276 2903 311 2945 se
335 2882 570 2966 praestiturum
593 2881 754 2966 promisit.

365 3031 395 3095 6.
443 3029 556 3111 Quum
587 3030 781 3096 Teneredus
811 3029 946 3096 Siciliae
978 3054 1040 3095 rex
1072 3053 1184 3095 mense
1213 3028 1385 3094 Februario

276 3131 354 3193 anni
381 3130 467 3194 1194
495 3128 640 3211 obiisset,
672 3129 839 3193 Henricus
862 3130 912 3193 VI
943 3131 1062 3194 iterum
1086 3128 1332 3215 expeditionem
1357 3097 1404 3188 inl

275 3227 407 3292 Italiam
431 3227 680 3292 meridionalem
705 3231 859 3333 suscepit,
892 3238 924 3292 et
948 3249 1079 3296 omnem
1102 3225 1272 3311 Apuliam,
1306 3220 1385 3288 Oula·

276 3325 383 3388 briam
406 3335 439 3388 et
463 3324 612 3390 Siciliam
646 3324 787 3408 subegit.
813 3323 959 3389 Contra
983 3326 1095 3389 datam
1119 3324 1219 3388 fidem
1244 3335 1277 3388 ct
1299 3309 1404 3407 pacta

276 3423 359 3486 inita
381 3421 559 3506 Gulielmo,
593 3423 758 3487 'Pancredi
785 3422 862 3505 filio,
894 3422 1006 3488 oculos
1030 3423 1101 3488 erui
1132 3423 1220 3504 fecit,
1261 3419 1404 3506 ejusque

276 3531 414 3585 matrem
431 3521 592 3605 Sibyllam
617 3530 716 3607 atque
740 3542 885 3585 sororem
909 3522 944 3584 in
960 3519 1088 3584 Alsatio
1113 3471 1283 3585 custodiae
1305 3523 1404 3606 man,

276 3617 367 3700 dari,
400 3619 592 3684 foedissima
615 3620 757 3684 avaritia
790 3640 886 3706 porro
920 3629 952 3684 et
981 3621 1119 3683 immani
1144 3614 1404 3704 crudelitatem

275 3714 404 3780 Siculos
441 3719 569 3782 saeviit.
623 3716 822 3782 Pontificem
852 3715 1075 3781 Coelestinum
1110 3717 1242 3782 interim
1279 3711 1404 3800 litteris,

275 3811 407 3878 blandis
444 3813 600 3896 detinuit,
639 3837 680 3878 ne
720 3816 868 3880 censuris
901 3815 1071 3880 Ecclesiae
1105 3813 1317 3900 plecteretur,
1350 3828 1404 3884 ac,

275 3933 369 3975 suam
404 3913 439 3976 in
463 3912 648 3977 Ecclesiam
672 3923 705 3976 et
727 3913 923 3978 Pontificem
948 3912 1160 3977 devotionem
1188 3917 1379 3997 protestatus,

276 4006 510 4074 Cardinalibus
533 4011 576 4075 ad
593 4032 669 4075 eum
685 4012 794 4076 missis
814 4012 938 4097 pariter
954 4009 1200 4094 expeditionem
1216 4009 1379 4072 cruciatam

275 4115 308 4170 et
330 4128 559 4193 quaecumque
583 4110 709 4194 optima
732 4111 895 4194 promisit.
941 4109 1024 4172 Erat
1047 4117 1159 4172 autem
1183 4101 1379 4192 Imperatoris
1403 4117 1404 4158 ι
