2902 4848
302 455 355 509 312
582 459 708 518 XXXIV.
729 463 768 516 lle
787 462 906 516 Concilio
925 463 1138 519 Constantiensi.

133 601 290 704 Ἠιξζίῖ·
302 598 437 663 Directe
462 601 501 664 iis
516 623 601 686 quae
618 602 705 667 dixit
721 606 854 670 videtur
869 607 1024 672 Pontifex
1048 630 1128 693 prae
1145 609 1249 674 oculis
1265 609 1402 673 habuisse

141 727 238 766 unnim
254 727 280 768 r.
301 700 471 780 negotium
496 698 537 764 de
552 699 663 765 libello
676 703 817 768 Joannis
828 704 1050 791 Falkenberg.
1083 706 1201 772 Poloni
1218 717 1250 771 et
1262 707 1402 772 hithoani

301 817 377 858 eum
415 795 563 862 libellum
603 810 640 863 ut
678 802 843 866 erroribus
882 813 915 866 et
953 802 1147 869 haeresibus
1187 805 1404 870 crudelissimis

300 903 480 958 scatentem
507 896 664 962 volebant
678 898 839 966 damnari.
864 899 1025 966 Nationes
1037 903 1108 988 jam
1124 906 1405 988 pronuntiaverant

295 991 463 1077 judicium
500 1015 595 1058 snum
635 995 874 1078 damnationis,
921 999 979 1063 sed
1018 999 1183 1064 Martinus
1222 1001 1406 1064 instantibus

300 1089 467 1176 equitibus
490 1093 682 1158 Teutonicis
713 1106 901 1160 constanter
933 1097 1124 1182 impedivit,
1156 1100 1331 1184 quominus
1359 1121 1407 1184 per

300 1192 497 1254 seutentiam
522 1193 708 1274 generalem
733 1196 833 1258 totius
850 1193 992 1259 Consilii
1012 1197 1180 1282 judicium
1199 1195 1407 1261 damnationis
1436 1226 1437 1298 p

299 1287 449 1354 ferretur.
497 1289 608 1368 Quum
640 1291 741 1374 igitur
765 1295 797 1356 in
822 1292 886 1358 hac
919 1293 1036 1358 ultima
1065 1296 1211 1358 sessione
1236 1297 1407 1380 importune
1436 1299 1437 1378 ,

300 1395 444 1450 oratores
467 1385 582 1451 Poioni
607 1399 640 1452 et
663 1389 821 1454 Lithuani
850 1393 1019 1476 negotium
1049 1393 1168 1457 iterum
1200 1406 1407 1478 proponerent

300 1493 333 1548 et
364 1483 525 1548 tumuitus
556 1487 709 1566 oriretur,
749 1487 912 1553 Martinus
951 1488 1131 1554 solemnem
1173 1489 1405 1554 damnationem
1436 1491 1437 1572 ᾖ

300 1582 481 1664 declinans,
507 1584 602 1664 dixit,
627 1607 661 1648 se
674 1585 708 1650 id
725 1585 829 1650 solum
843 1587 1029 1673 approbare
1046 1588 1236 1674 quodcirca
1250 1590 1405 1651 materiam

300 1680 376 1745 lidei
394 1681 615 1746 conciliariter
638 1684 806 1748 decretum
831 1696 911 1751 erat.
946 1685 1022 1765 Qua
1038 1685 1263 1751 declaratione
1280 1685 1407 1750 deelina-

299 1780 349 1842 vit
376 1778 623 1844 damnationem
663 1781 751 1845 illius
789 1781 903 1865 libelli,
938 1785 995 1869 qui
1031 1795 1160 1848 tantum
1186 1807 1206 1848 a
1230 1784 1409 1850 nationibus

299 1876 534 1966 (nationaliter)
557 1881 759 1965 proscriptus
783 1891 862 1946 erat.
910 1880 1016 1946 Simul
1040 1893 1151 1946 tamen
1176 1883 1340 1946 indirecte
1362 1902 1408 1943 auo

297 1975 455 2062 loquendi
481 1976 578 2041 modo
602 1979 746 2062 generali
772 1981 883 2043 omnia
900 1979 1034 2044 decreta
1049 1982 1138 2043 circa
1153 1983 1328 2046 materiam
1345 1979 1408 2043 lidei

298 2073 519 2138 conciliariter
541 2075 629 2140 faeta
652 2099 686 2140 se
710 2076 894 2163 approbare
918 2077 1092 2159 indicavit,
1117 2099 1183 2142 non
1208 2101 1288 2142 vero
1313 2079 1408 2142 eliab

299 2172 390 2252 Quid
414 2183 525 2238 autern
556 2173 612 2238 illa
644 2175 747 2239 verba
781 2175 971 2259 significent
1009 2178 1094 2239 circo
1132 2180 1301 2240 messam
1330 2175 1410 2260 ‚aaa

297 2270 463 2356 colligitur
493 2293 535 2335 ex
559 2283 716 2337 contextu
748 2284 780 2338 et
814 2295 856 2337 ex
885 2274 951 2338 fine
976 2271 1130 2341 Consilii.
1177 2273 1353 2358 Agebatur
1380 2295 1410 2334 sa

296 2371 470 2434 occasione
494 2370 535 2434 ds
559 2371 771 2457 opinionibus
795 2374 939 2436 erroneis
963 2395 1049 2458 quae
1073 2373 1271 2459 spectabant
1287 2373 1409 2436 occisio·

296 2487 373 2532 nem
398 2470 541 2552 tyranni,
566 2492 605 2534 ao
629 2470 671 2534 de
695 2471 816 2556 quibus
841 2472 972 2556 saepius
997 2473 1031 2535 in
1049 2469 1103 2536 illo
1120 2469 1271 2535 Concilio
1298 2471 1411 2534 mentio

296 2567 384 2630 faeta
409 2578 487 2632 erat.
527 2569 714 2632 Exstinctio
740 2569 885 2633 haeresis
909 2580 942 2632 et
966 2571 1085 2633 erroris
1108 2579 1292 2654 praeterea,
1320 2587 1410 2655 quum

296 2665 473 2729 exstinctio
504 2667 690 2732 schismatis
726 2677 811 2732 esset
841 2669 968 2752 primus
999 2668 1086 2750 finis,
1123 2677 1160 2730 ut
1191 2687 1316 2752 scopus
1342 2665 1413 2729 alter

296 2761 437 2828 Consilii
462 2763 656 2848 habebatur,
691 2776 723 2829 et
746 2764 902 2831 Oratores
925 2765 1040 2830 Poloni
1066 2764 1360 2851 conquerebantur
1379 2762 1412 2826 de
1437 2799 1438 2876 p

296 2859 422 2944 Synodi
449 2861 658 2946 negligentia.
705 2863 849 2928 Proinde
872 2862 1006 2950 quando
1030 2862 1178 2949 loquitur
1201 2861 1366 2928 Martinus
1389 2859 1411 2920 V
1437 2877 1438 2934 }

297 2957 338 3022 de
356 2961 493 3024 materia
510 2959 598 3042 fidei,
624 2961 779 3046 intelligit
794 2983 843 3041 ea,
868 2983 953 3048 quae
969 2965 1060 3026 circa
1075 2961 1227 3026 haereses
1243 2973 1277 3025 et
1294 2981 1412 3026 errores
1437 2967 1438 2972 ’

296 3057 385 3122 iacta
409 3070 513 3125 erant.
538 3097 581 3108 —
604 3059 744 3124 Limitat
767 3060 844 3124 dein
868 3060 1033 3126 Martinus
1057 3059 1088 3123 V
1120 3081 1276 3144 expresse
1305 3079 1413 3144 appro-

297 3155 465 3220 bationem
489 3156 596 3238 adea,
614 3179 699 3244 quae
723 3161 756 3222 in
772 3161 919 3223 materiis
943 3158 1021 3223 lidei
1046 3157 1264 3222 cosidiiariter
1286 3159 1413 3222 decreta

296 3264 399 3336 erant,
425 3276 463 3319 eo
479 3257 549 3341 ipso
564 3256 735 3321 declinans
759 3257 1034 3342 approbationem
1058 3277 1182 3338 eorum,
1199 3277 1284 3341 quae
1303 3252 1412 3319 tumul·

295 3354 402 3418 tuario
427 3354 525 3418 modo
552 3354 602 3418 vel
626 3375 686 3439 per
708 3357 858 3419 nationes
881 3364 1010 3418 tantum
1028 3352 1272 3438 (catenatim)
1286 3353 1413 3417 decreta

295 3461 398 3518 erant.
447 3451 589 3516 Videtur
611 3453 767 3517 Pontifex
796 3452 930 3538 quidem
964 3452 1089 3516 directe
1113 3454 1276 3537 cogitasse
1302 3451 1345 3514 de
1368 3471 1412 3512 ne

294 3551 382 3636 gotio
422 3547 510 3614 illius
533 3549 745 3636 Palkenberg
783 3560 815 3614 et
852 3550 954 3615 libelli
993 3551 1066 3636 ejus
1104 3551 1160 3635 qni
1194 3548 1413 3613 dicebatnra

369 3763 388 3828 Ι)
408 3761 453 3818 Ita
483 3777 538 3817 rem
570 3763 671 3831 optime
702 3761 821 3829 explicat
855 3761 1002 3818 ciliciola
1030 3769 1125 3818 contra
1152 3761 1337 3816 asseruonem
1366 3775 1413 3826 qna

295 3845 397 3902 lltlblcr
421 3843 568 3902 contendit.
597 3843 645 3897 illa
669 3842 751 3897 verba
778 3845 859 3896 atone
886 3843 921 3896 ad
944 3843 1086 3911 negotium
1110 3849 1139 3896 st
1162 3841 1287 3896 libeuun
1305 3839 1412 3897 Joannis

295 3924 467 3994 licitenbsrg
495 3923 638 3978 referenda
665 3939 731 3978 esse.
774 3923 807 3980 In
836 3922 994 3990 quaestione
1023 3921 1055 3976 de
1083 3923 1267 3992 tyrannicidio
1291 3923 1412 3977 damnata

293 4008 385 4062 litorut
398 4003 425 4062 ln
438 4019 502 4059 sess.
517 4004 583 4058 XIV
601 4004 725 4058 doctriua
736 4003 755 4058 J
756 4003 850 4057 oannis
864 4003 946 4057 Parvi
959 4003 992 4058 ds
1006 4003 1082 4056 licito
1100 4003 1153 4056 imo
1167 4001 1307 4058 meritorio
1327 4011 1412 4068 tynn-

294 4087 399 4152 uloldlo,
420 4101 436 4140 a
454 4084 570 4139 subditis
589 4083 672 4138 etism
691 4084 781 4137 dolose
798 4089 962 4150 perpetrato.
1001 4083 1171 4152 Quapropter
1198 4082 1232 4136 sd
1251 4083 1322 4136 hanc
1340 4097 1411 4148 quse

292 4169 408 4224 ationem
423 4163 505 4220 verba
517 4164 631 4220 Martini
644 4163 668 4217 V
688 4168 761 4218 certe
779 4163 880 4230 optimc
899 4163 1085 4230 applicantem
1105 4168 1228 4216 atamen
1242 4162 1321 4216 inodo
1336 4161 1412 4228 loqui

295 4259 340 4308 tur
358 4245 489 4314 generali.
527 4245 560 4300 V.
580 4242 683 4310 Helela,
702 4243 730 4298 C.
751 4241 783 4300 G.
803 4243 858 4298 VII
876 4243 900 4314 §-
922 4243 982 4298 778.
