2844 4840
275 449 310 502 22
549 449 634 502 XXX.
656 449 694 502 De
713 449 877 504 Pontificstu
896 449 1032 504 Bonifatii
1051 451 1125 504 Vlll.

105 592 254 694 clgfffffie
275 602 449 677 querentes
483 592 524 656 de
557 594 759 678 principum·
779 593 978 674 actionibus,
1013 597 1098 660 inter
1128 594 1195 660 alia
1226 595 1375 660 scribunt:

257 683 439 777 ¹Principes
463 712 562 754 onero
585 715 644 754 sua
659 691 735 777 fere
758 693 923 778 imponunt
948 692 1086 757 ecclesiis
1109 694 1268 776 uniuersa,
1296 705 1322 758 el
1341 705 1379 756 tot

274 789 417 875 cupariis
450 787 579 852 clericos
612 789 774 876 affipnrst,
803 800 838 853 ιιι
871 790 916 852 eis
948 791 1031 875 quod
1059 791 1221 856 desemine
1249 792 1379 878 deplorat

273 897 442 972 competere
458 887 622 950 uideatur:
650 887 821 973 ,princeps
835 889 1075 973 provinciarum
1088 888 1189 973 facta
1203 901 1249 952 est
1261 890 1312 954 sub
1334 891 1380 952 tri·

273 985 377 1063 buto“,
402 987 466 1048 sioe
490 985 614 1070 quidem
629 985 767 1048 decimas
790 1008 844 1049 sen
861 985 929 1049 alia
945 986 1102 1072 quaelibet
1124 986 1188 1050 sibi
1203 988 1381 1052 attrahentes

273 1083 311 1146 de
335 1082 424 1146 lonis
448 1083 658 1160 ecclesiarum,
682 1082 866 1146 clericorum
890 1094 919 1148 et
936 1107 1118 1170 pauperum
1144 1083 1266 1150 Christi
1284 1085 1381 1148 usibile

274 1181 445 1266 deputatis,
462 1181 718 1270 jurisdictionem
741 1183 835 1244 etiam
859 1193 889 1244 et
913 1182 1132 1246 auctoritatem
1156 1205 1262 1247 corum
1284 1182 1382 1246 taliter

273 1289 470 1360 evacuantes,
494 1289 530 1341 ut
552 1279 597 1341 eis
616 1279 763 1342 uideatur
785 1277 865 1342 nibil
883 1281 1054 1364 potestatis
1076 1303 1172 1366 snper
1186 1280 1319 1344 ecclesiis
1340 1279 1384 1343 cel

267 1377 416 1462 personis
439 1375 658 1440 ecclesiasticis
684 1379 882 1444 remansisse.
908 1425 965 1441 ...
995 1377 1087 1451 Qrcod
1110 1379 1156 1442 eis
1172 1401 1236 1464 per
1255 1389 1383 1465 potesta·

273 1485 332 1536 tem
355 1494 531 1536 concessam
554 1485 609 1550 est,
640 1475 674 1538 in
698 1474 776 1537 cleri
797 1475 951 1564 injuriam
982 1499 1020 1538 ac
1042 1475 1077 1539 in
1096 1499 1276 1562 pauperum
1295 1497 1384 1562 perso·

272 1571 354 1634 riam
369 1569 504 1655 ‘faciunt
533 1571 788 1650 redundasset
810 1596 879 1636 curn
909 1572 1002 1636 multi
1033 1575 1175 1639 eonsules
1199 1576 1385 1662 principum,

274 1680 337 1732 tam
361 1668 468 1732 clerici
489 1693 582 1754 quam
605 1669 675 1748 olii,
703 1671 862 1756 propriae
881 1671 1075 1756 prudentiae
1098 1673 1268 1738 innitentes
1291 1685 1319 1735 et
1341 1673 1385 1734 lni-

272 1789 399 1830 nsanam
422 1769 565 1832 amittere
589 1769 727 1854 qratiam
748 1769 968 1855 formidantes
997 1770 1042 1834 eis
1065 1781 1153 1834 recta
1182 1771 1269 1858 loqui
1299 1770 1386 1834 libere

269 1866 493 1951 pertimescant
516 1915 523 1929 .
550 1915 557 1931 .
584 1918 591 1932 .
617 1867 702 1934 Hine
726 1878 781 1946 est,
806 1868 889 1952 quod
913 1865 1088 1931 Sanctitati
1118 1879 1239 1933 uestrae
1270 1869 1310 1932 de
1331 1891 1386 1952 qim

272 1963 308 2026 id
330 1961 414 2049 qnod
442 1985 548 2028 sumas
579 1975 608 2027 et
640 1967 756 2029 emmas
785 1987 966 2050 coynoscere
997 1962 1147 2044 volamus,
1178 1967 1389 2055 supplicamns

272 2084 339 2124 cnm
363 2062 448 2124 omni
471 2061 635 2148 affectione
666 2087 729 2148 qua
746 2087 915 2150 possumus
938 2075 968 2128 et
991 2064 1150 2128 desiderio
1174 2066 1256 2151 puri
1279 2064 1411 2138 cardini

272 2171 307 2223 ut
328 2161 398 2223 huic
414 2160 518 2224 morlo
536 2161 693 2247 pestifero
713 2172 835 2226 vestrae
853 2163 978 2247 pretias
1002 2186 1039 2225 ao
1055 2163 1227 2248 potestatis
1250 2162 1389 2226 subsidia
1410 2173 1411 2206 ³

268 2259 456 2344 porrigatis,
473 2260 540 2322 sine
563 2259 673 2344 quibus
697 2270 798 2324 status
822 2261 879 2324 din
900 2271 985 2324 stare
1007 2284 1072 2324 non
1082 2263 1204 2346 poterit
1225 2259 1389 2328 clericalis,
1410 2257 1411 2288 ³

272 2357 326 2441 qui
348 2379 431 2419 nsonc
456 2380 520 2441 per
546 2357 694 2421 mnndum
725 2358 889 2422 titubando
921 2359 1070 2443 proditur
1101 2359 1296 2439 nniversam,
1329 2363 1411 2422 cumi

272 2451 378 2516 nullus
418 2454 535 2518 audeat
562 2478 622 2540 pro
655 2455 837 2542 defensione
870 2455 1032 2519 Ecclesiae
1061 2477 1132 2520 occe
1163 2443 1265 2520 libera
1303 2457 1411 2544 bajus*

272 2551 384 2615 mundi
399 2553 612 2638 potestatibus
636 2555 804 2630 contraire,
835 2553 908 2617 lieet
927 2553 1113 2640 pastoribus
1143 2563 1231 2618 recta
1255 2555 1390 2617 timuisse
1410 2573 1411 2580 ι

273 2649 385 2726 dicere,
409 2650 489 2714 nillil
512 2651 556 2714 ad
579 2673 632 2715 eos
655 2675 748 2738 quam
764 2663 851 2736 terpo
874 2653 966 2715 tacite
984 2651 1172 2736 praebuisse
1196 2675 1233 2714 ac
1253 2667 1411 2736 preprarmt

267 2769 330 2832 pro
354 2747 445 2810 domo
468 2747 571 2812 Isra'tl
593 2751 628 2812 in
648 2749 775 2835 praelio
798 2751 931 2813 Domini
960 2750 1104 2828 esitasse,
1139 2769 1214 2834 quos
1239 2749 1411 2812 Dominari

271 2846 416 2931 increpat
433 2869 496 2932 per·
520 2847 658 2910 isaiam:
685 2844 786 2911 Canes
810 2847 887 2910 muti
902 2870 966 2911 non
981 2847 1121 2911 ualentes
1137 2847 1268 2911 latrare.
1304 2847 1411 2908 l'iralt

272 2967 309 3006 ac
332 2941 437 3007 valeat
467 2944 577 3007 Vestra
602 2943 764 3010 Sormtitas
788 2945 969 3024 reverenda,
1000 2945 1091 3008 nobis
1114 2955 1145 3008 et
1170 2941 1294 3010 Cla-isti
1314 2967 1411 3030 pass-o

269 3041 398 3126 peribus
427 3043 460 3105 in
484 3043 662 3127 praedietis
687 3042 818 3126 aliquod
848 3041 1018 3106 remedians
1041 3040 1177 3122 salabre,
1201 3041 1411 3126 conferendoi

271 3137 437 3202 numlibet
461 3141 597 3203 Domino
616 3162 786 3226 prospera,
818 3141 873 3226 qui
896 3139 935 3204 ab
962 3140 1093 3226 afflictis
1118 3139 1214 3226 pellit
1247 3139 1411 3228 adversar

271 3247 306 3300 ut
329 3237 384 3300 sub
409 3237 465 3300 alo
491 3239 699 3323 protectionis
722 3238 893 3324 possimus,
926 3249 960 3301 ut
989 3239 1140 3323 cupimus,
1172 3229 1411 3322 respirassent

271 3335 413 3398 sambram
436 3338 608 3400 sentiamus
637 3337 847 3422 pratitndinis
871 3346 900 3398 et
922 3336 1045 3421 quietis.
1093 3333 1220 3398 Eodem
1246 3344 1411 3420 temperet

272 3434 370 3496 etism
396 3455 437 3496 ex
461 3433 584 3517 singlis
608 3433 731 3498 similes
755 3433 907 3519 querelae
932 3445 1046 3498 contra
1061 3432 1258 3497 Eduardunr
1282 3443 1411 3518 regeint

271 3530 313 3594 ad
338 3529 457 3595 Sedem
482 3531 709 3616 Apostolicsm
734 3531 862 3596 delatae
887 3541 973 3610 sunt.
1410 3545 1411 3586 i

1410 3751 1411 3796 i

271 3833 371 3903 partim
390 3833 452 3888 inde
471 3834 657 3901 explicandum
671 3847 736 3898 esse,
756 3833 826 3900 qnod
845 3849 861 3887 a
879 3849 944 3902 rsgs
957 3833 1116 3902 praesertim
1130 3831 1251 3888 abbates.
1271 3831 1391 3888 senonici
1410 3847 1411 3856 ¹

271 3914 370 3980 aliique
389 3913 553 3968 beneficiarii
572 3913 758 3968 exactionibus
777 3919 973 3982 premerentur,
993 3929 1024 3968 sc
1043 3913 1131 3966 minas
1150 3911 1221 3968 forte
1240 3915 1390 3982 praesides:
1410 3939 1411 3960 ι

270 3995 342 4049 unde
360 3995 442 4048 stiam
463 3994 563 4048 directe
588 3995 629 4048 illi
652 3995 686 4048 sd
705 3994 799 4048 Senem
818 3993 1002 4062 Apostolicsm
1027 4007 1164 4048 resumam
1184 3994 1313 4050 habuere
1350 3989 1411 4048 ii}

271 4075 370 4130 dentur
388 4075 471 4128 etism
490 4074 615 4142 episcopi,
634 4074 677 4128 uti
695 4089 729 4128 ex
742 4073 858 4142 epistole
871 4073 1018 4142 colligitur,
1036 4073 1131 4128 tsrore
1146 4074 1189 4129 vel
1202 4074 1304 4129 timore
1324 4076 1390 4144 regis

272 4155 428 4225 ignaviores
448 4155 502 4208 ists
520 4155 549 4209 in
568 4171 597 4210 re
615 4154 707 4209 tuisse.
728 4155 843 4222 indeque
859 4152 962 4208 iactam
981 4169 1046 4218 esss,
1065 4160 1098 4208 nt
1115 4153 1226 4208 abbates
1246 4167 1391 4224 comperis
1410 4179 1411 4184 1

271 4235 363 4302 aliqua
382 4235 446 4290 cleri
466 4233 564 4289 Gallici
582 4235 724 4305 negotium
742 4233 809 4289 illud
828 4235 1006 4303 susciperent.
