2868 4844
1413 359 1414 420 l

303 449 354 524 :222
500 471 612 528 XXXII.
632 473 672 526 De
691 473 870 528 Pontificibus
891 475 1030 530 Arenione
1049 477 1224 529 commonitis

303 616 476 680 occasione
501 613 684 681 collationis
708 618 742 680 in
767 617 952 683 subsidium
979 619 1149 684 Ecclesiae
1171 619 1315 684 Pontifici
1338 631 1400 683 sunt

303 711 503 807 solvenda.¹)

385 821 436 884 74.
452 809 721 887 Commendas.
739 860 771 868 —
790 820 890 905 Origo
903 823 1153 886 commendaram
1169 826 1354 910 perantiqua
1363 839 1400 886 est

304 920 337 982 in
351 917 512 984 Ecclesia.
545 919 676 982 Etenim
696 921 767 1006 jam
784 943 803 982 a
820 923 938 1005 priscis
955 921 1160 1006 temporibus
1177 944 1253 986 usus
1268 921 1399 988 obtinuit.

303 1026 339 1081 ut
355 1016 493 1080 ecelesia
506 1017 701 1102 episcopalis
712 1017 843 1082 aurelia
856 1016 1199 1100 velabbstiavacans,
1216 1021 1399 1084 commenda

301 1126 391 1179 retur
415 1113 631 1179 custodienda
653 1126 685 1179 et
705 1116 971 1180 administranda
988 1119 1142 1202 episcopo
1162 1115 1213 1181 rel
1228 1117 1334 1182 abbati
1345 1119 1399 1202 jan

301 1213 473 1277 ecclesiam
513 1211 726 1276 abbatiamve
769 1212 921 1295 habenti,
971 1214 1076 1278 donec
1113 1237 1218 1280 novus
1250 1217 1400 1302 episcopus

261 1375 263 1382 ,
301 1311 355 1375 vel
393 1311 546 1375 sacerdos
584 1321 641 1374 aut
680 1311 784 1376 abbas
822 1321 909 1376 esset
946 1315 1155 1378 constitutus.
1202 1313 1257 1378 Sic
1283 1311 1400 1398 legimus

302 1433 328 1474 e.
354 1431 384 1494 g.
411 1411 444 1472 in
469 1411 563 1494 epist.
588 1431 612 1472 s.
640 1409 808 1472 Ambrosii
833 1410 874 1474 ad
901 1409 1134 1474 Constantium
1166 1415 1229 1498 (ep.
1256 1412 1303 1494 Pl:
1335 1411 1399 1472 (ebra

302 1508 411 1571 mendo
426 1507 493 1586 tibi,
509 1503 574 1590 fili,
599 1505 760 1570 eeclesiam
777 1530 855 1594 ptrue
872 1520 918 1571 est
933 1508 977 1570 ud
992 1509 1105 1594 forum
1125 1507 1267 1574 Cornelii
1281 1509 1399 1596 (lmola.

301 1629 359 1691 quo
385 1630 453 1668 eum
482 1606 520 1668 de
540 1606 689 1690 prooeimo
713 1607 885 1670 intervisas
908 1606 1127 1691 frequentius,
1161 1607 1258 1670 donec
1282 1609 1311 1670 ei
1337 1607 1399 1668 ordi·

301 1715 393 1767 rerer
429 1705 602 1788 episcopus.
661 1703 839 1790 Occupatus
877 1705 988 1768 diebus
1031 1705 1247 1792 iaprmentibus
1289 1705 1399 1792 quadro·

299 1804 445 1886 perimus,
471 1812 534 1864 tum
558 1799 648 1886 lonpe
671 1825 736 1866 rtorr
756 1825 885 1888 possum
909 1825 1083 1867 recurrero.
1114 1843 1152 1850 —-
1186 1803 1317 1867 Praeter
1338 1804 1399 1886 ejus·

302 1900 390 1964 modi
416 1899 630 1963 commendas
654 1899 697 1962 ad
722 1909 861 1985 ternpus,
896 1903 997 1964 variis
1022 1923 1065 1964 cx
1089 1903 1197 1964 causis
1226 1903 1323 1964 etiarn
1345 1921 1399 1962 cor·

302 1997 506 2063 cedebantur
522 1995 739 2061 commendae
752 2009 942 2084 perpetuae.
970 1997 1113 2078 Quando
1128 1998 1284 2062 videlicet
1296 1999 1400 2061 evenir-

301 2098 375 2178 bat,
417 2108 452 2158 ut
491 2095 649 2159 ecclesiae
686 2095 893 2160 cathedrales
928 2095 1074 2160 hostium
1114 2119 1172 2160 seu
1210 2096 1399 2160 barbarorum

302 2198 427 2280 impetu
452 2204 561 2257 essent
578 2203 727 2256 vastatae
752 2204 784 2256 et
808 2197 955 2279 episcopi
982 2195 1060 2258 inde
1085 2195 1257 2259 discedere
1275 2215 1399 2277 cogeren-

300 2303 363 2374 tur,
389 2293 530 2356 Romani
552 2291 730 2355 Pontifices
754 2291 813 2356 hos
839 2291 892 2355 vel
917 2293 1157 2377 praeficiebant
1179 2291 1254 2356 aliis
1279 2291 1401 2355 ecclesiis

302 2389 547 2455 cathedralibus
582 2401 661 2454 tunc
687 2389 894 2468 vacantibus,
929 2389 983 2453 vel
1014 2393 1062 2455 eis
1087 2390 1398 2455 commendabantin

302 2501 495 2576 perpetuum
522 2489 684 2568 abbatias,
711 2499 747 2552 ut
770 2512 810 2552 ex
828 2489 944 2553 harum
969 2489 1155 2553 redditibus
1181 2491 1338 2553 virerent.
1366 2485 1400 2547 lu

302 2611 326 2653 s.
359 2585 538 2671 Gregorius
571 2587 613 2650 M.
652 2587 704 2672 (L.
739 2586 798 2653 Ill.
839 2610 890 2672 ep.
918 2589 984 2668 13.)
1019 2585 1198 2670 Agnellum
1234 2589 1399 2672 episcopan

302 2685 506 2766 Fundorum,
533 2694 661 2748 vastata
678 2683 720 2747 ab
736 2684 885 2747 hostibus
905 2686 1041 2748 civitate
1058 2685 1232 2761 Fundana,
1259 2679 1400 2748 constituit

302 2785 494 2868 episcopum
528 2781 686 2846 ecclesiae
718 2783 981 2860 ''l'orracinensis,
1013 2783 1096 2846 adeo
1128 2795 1164 2846 ut
1195 2785 1253 2847 uni
1286 2777 1400 2865 Agnrllo

302 2880 426 2966 duplex
451 2891 535 2943 esset
558 2879 707 2960 ecclesia,
733 2879 835 2944 altera
860 2883 892 2944 in
911 2881 1053 2956 titulum,
1079 2880 1182 2944 altera
1207 2884 1240 2944 in
1263 2897 1399 2944 commen·

303 2981 390 3044 dam.
439 2977 501 3056 Sic,
526 2977 642 3041 scribit
666 2977 830 3058 Pontifex,
866 2990 894 3041 te
925 2979 1164 3042 Terracinerrsis
1187 2979 1330 3042 eeclesiae
1350 2995 1399 3036 rur·

302 3074 441 3142 dioclem
467 3076 683 3140 constituimus
708 3097 772 3138 esse
797 3075 999 3156 sacerdotem,
1023 3087 1058 3139 ut
1082 3087 1111 3140 et
1134 3077 1310 3140 Funerum
1330 3069 1397 3134 ecclc

302 3178 369 3240 siue
389 3175 541 3262 pomifero
564 3195 629 3236 esse
652 3195 716 3234 nore
741 3171 879 3251 desinas,
902 3195 958 3236 nec
982 3197 1090 3237 eurum
1113 3174 1398 3260 pubemotiorremqw

303 3279 369 3366 ejus
387 3283 583 3360 praetereas.
631 3271 724 3335 Idem
750 3271 915 3354 Pontifex,
941 3271 993 3354 (L.
1018 3273 1044 3336 Ι.
1070 3293 1122 3356 ep.
1146 3271 1215 3358 40.)
1240 3273 1316 3336 dum
1336 3269 1397 3331 Pau·

302 3372 389 3437 linus
418 3373 592 3457 episcopus
623 3369 840 3433 Taurinensis
873 3371 908 3433 in
941 3368 1070 3450 Sicilia,
1109 3381 1183 3456 post
1212 3379 1397 3434 vastatamt

302 3468 453 3534 barbaris
485 3469 655 3531 civitatem
687 3478 867 3530 secesserat
899 3467 1098 3548 Messanam,
1135 3466 1182 3531 ibi
1207 3469 1238 3532 ei
1262 3481 1396 3531 commcn-

303 3567 397 3631 davit
421 3567 668 3630 monasterium.
716 3565 759 3628 Et
782 3565 842 3629 tibi
863 3575 988 3650 pratum
1012 3565 1206 3649 confidimus,
1237 3563 1343 3628 scribit
1367 3555 1396 3619 ad

302 3665 496 3750 episcopum
521 3664 777 3741 lllessanensem,
810 3665 839 3726 si
857 3663 980 3749 fratris
1005 3665 1052 3727 tui
1073 3662 1264 3727 uenerabilis
1286 3653 1398 3747 opisrml

302 3762 436 3826 Paulini
464 3761 735 3847 perepriraatiorris
767 3783 865 3825 onera
893 3759 1080 3842 releventur,
1113 3771 1143 3824 et
1175 3759 1229 3824 sub
1256 3765 1319 3850 ejus
1338 3753 1395 3836 reri·

302 3862 394 3938 mine,
419 3861 573 3923 communi
596 3858 744 3939 mercede,
769 3859 806 3922 B.
831 3858 989 3922 Theodori
1011 3861 1234 3922 monasterium
1249 3860 1284 3920 irs
1299 3855 1396 3920 cirilm

304 3970 359 4022 tua
374 3957 552 4044 fundatum
576 3957 749 4022 studiosius
773 3958 980 4043 omnipotenti
1002 3957 1072 4020 Deo
1096 3957 1260 4020 deserviat.
1275 3991 1313 4000 -
1327 3951 1394 4014 Dum

303 4058 478 4142 episcopus
504 4054 555 4119 vel
580 4055 733 4119 sacerdos
757 4065 814 4118 aut
830 4053 968 4119 abbaso
985 4077 1045 4118 sua
1061 4053 1202 4118 ecclesia
1218 4063 1273 4118 aut
1288 4045 1393 4114 abbatis

378 4253 398 4320 ¹)
418 4249 473 4309 Ofr,
489 4251 703 4308 Antifebronius.
723 4251 872 4304 Febronius
891 4249 1066 4304 abbreviatus
1085 4255 1136 4305 etc.
1155 4249 1185 4303 Τ.
1196 4245 1242 4302 IV.
1259 4261 1284 4313 p.
1294 4243 1338 4297 12⁰
1351 4251 1387 4300 rel
