2832 4844
233 491 273 544 De
293 492 443 544 ..S'ursctioue
465 493 642 561 lisymaticu
662 509 683 546 s.
703 492 834 548 Ludovici
853 493 901 546 IX.
1080 493 1131 549 451

40 634 95 698 tiles
106 645 173 698 sont
185 639 423 698 extremcment
437 635 639 722 frequentem
654 658 696 700 on
708 659 749 700 en
763 646 880 701 trouve
895 636 953 700 des
965 635 1134 722 exemplos

38 754 152 817 presque
175 731 323 820 altoutes
346 730 393 797 les
417 755 518 818 pagos
544 732 585 798 ds
610 757 647 797 ce
663 733 990 820 prccieux.recueil.“
1007 773 1051 781 -
1067 733 1134 798 Ad-

39 832 115 892 vertit
136 853 238 915 porro,
263 852 387 914 magna
410 852 452 893 ex
477 839 570 915 parte
595 833 684 916 ipsos
708 832 872 918 praelatos
890 830 942 894 vel
966 833 1134 918 principes

36 951 79 1010 per
99 929 283 992 instantiam
309 951 401 992 suam
427 927 508 992 tales
532 931 740 1014 provisiones
771 929 912 993 directas
944 952 1002 1014 per
1025 931 1135 994 Ponti-

36 1025 96 1090 iccs
117 1047 318 1111 provocasse.
353 1025 420 1111 „Oe
440 1036 514 1091 sont
531 1039 603 1112 trop
621 1037 761 1091 souvent
783 1027 831 1092 les
855 1029 999 1112 eveques
1023 1049 1065 1090 ou
1088 1026 1135 1092 les

35 1121 111 1188 lauts
133 1113 325 1208 dignitaires
348 1125 405 1210 qui
430 1135 638 1211 provoquent
662 1124 703 1189 de
727 1125 819 1189 telles
835 1125 1072 1209 irregularites,
1097 1148 1135 1190 ce

1 1281 2 1292 ,
33 1233 91 1284 sont
112 1221 167 1285 des
188 1223 356 1308 puissants
380 1234 412 1286 et
435 1223 538 1286 saints
561 1245 795 1308 personnages,
820 1245 881 1308 par
895 1223 1046 1309 exempla
1070 1225 1135 1290 Isa-

1 1319 2 1382 ζ
33 1317 108 1400 balle,
132 1318 194 1384 lille
219 1317 388 1407 de1Louis
404 1319 486 1386 IX.“
513 1359 556 1366 —
580 1321 634 1384 Ex
658 1319 798 1405 epistola
820 1343 886 1406 qua
911 1321 1066 1386 Urbanus
1086 1323 1135 1387 IV

32 1403 171 1482 lstellae
195 1417 285 1499 huic,
309 1418 481 1482 Navarrae
506 1420 650 1502 reginae,
683 1417 725 1481 ad
752 1420 925 1483 instantias
958 1443 1034 1484 suas
1065 1443 1136 1505 pro·

34 1517 122 1596 mittit,
153 1539 186 1580 se
220 1517 432 1601 provisurum
457 1537 495 1580 eo
527 1537 615 1580 anno
639 1515 840 1580 beneficium
870 1517 1001 1582 duobus
1033 1521 1136 1604 ipsius

32 1611 147 1694 clericis,
157 1625 190 1677 et
198 1615 346 1699 sequenti
359 1636 446 1677 anno
460 1613 590 1678 duobus
601 1613 685 1699 aliis,
694 1613 817 1678 Viollct
829 1616 929 1678 etiam
942 1615 1025 1680 haec
1034 1615 1136 1682 verba

31 1713 108 1774 citat:
129 1711 355 1792 Verumtamen,
367 1711 581 1795 licetfirsas‘ter
590 1713 625 1777 iu
637 1725 744 1778 nostro
758 1712 1007 1798 disposuerimus
1019 1715 1135 1792 animo,

31 1830 104 1892 sapae
134 1809 178 1872 ad
208 1831 303 1872 uuum
327 1832 445 1872 aunum
468 1810 503 1871 ia
526 1809 665 1874 ecclesiis
686 1810 778 1894 repul
796 1810 966 1890 Plancius,
991 1835 1059 1876 cum
1082 1834 1135 1876 eas

26 1905 178 1988 plurimum
200 1908 445 1991 praecaverimus,
470 1917 500 1968 ct
521 1931 629 1970 corum
646 1908 794 1994 praelati
817 1909 1075 1990 scandalizentur
1098 1910 1136 1972 dc

29 2003 69 2066 loc
80 2005 253 2090 plurimum
277 2015 305 2066 el
330 2004 504 2081 turbentur,
528 2007 646 2068 nemin-i
665 2004 876 2091 prouidere.¹)

101 2103 150 2166 iil.
176 2101 271 2165 Haec
296 2123 375 2164 sane
399 2102 521 2186 negligi
547 2123 612 2165 non
637 2115 783 2187 possunt,
810 2103 889 2168 dum
915 2104 949 2166 in
972 2102 1061 2167 illius
1085 2121 1293 2167 ae-scntcntiam

29 2201 87 2263 totis
108 2200 334 2263 conditionem
359 2201 569 2284 inquirimus.
616 2199 682 2264 Sed
703 2200 930 2281 nihilominus,
956 2199 1008 2264 bis
1033 2203 1137 2266 consi·
1166 2183 1289 2286 ⁸⁰:33¹*

29 2297 139 2382 siccatis,
172 2298 286 2362 adhuc
309 2319 427 2383 parum
452 2297 624 2382 probabile
653 2298 796 2379 videtur,
830 2299 992 2384 ejusmodi
1026 2321 1136 2363 acrem

32 2393 215 2459 &rectionem
238 2419 258 2459 a
273 2419 296 2460 s.
310 2394 484 2459 Ludovico
501 2395 552 2460 IX
573 2395 626 2460 edi
651 2398 806 2482 potuisse.
847 2395 1012 2481 Exempla
1036 2398 1138 2460 nomi·

31 2497 154 2558 nationis
180 2496 412 2579 episcoporum
437 2492 568 2557 Galliae
593 2516 651 2579 per
675 2494 795 2559 Sedem
808 2493 1035 2579 Apostolicam
1060 2518 1137 2581 pau-

31 2593 143 2657 cissima
168 2603 257 2674 sunt,
286 2604 385 2678 atque
410 2613 449 2656 ea
473 2613 604 2679 quoque
637 2615 722 2679 quae
747 2593 787 2656 de
812 2591 986 2657 collatione
1017 2592 1138 2658 benefi-

29 2693 137 2755 ciorum
162 2693 331 2755 minorum
355 2691 549 2772 afferuntur,
582 2690 769 2772 ostendunt,
795 2712 891 2755 usum
915 2689 1005 2754 hunc
1028 2692 1138 2776 potius

30 2789 53 2850 ln
74 2792 138 2853 suis
162 2791 270 2854 initiis
294 2789 405 2867 fuisse,
436 2811 499 2852 nec
521 2789 700 2852 Pontifices
729 2791 763 2852 in
788 2810 864 2852 eum
888 2811 922 2852 se
945 2789 1138 2873 praebuisse

31 2907 204 2972 propensos.
251 2888 323 2950 Imo
348 2907 451 2972 quum
481 2885 524 2950 ad
548 2885 630 2950 tales
654 2888 860 2972 provisiones
890 2907 949 2971 per
973 2886 1139 2970 praesules

28 3003 52 3046 ct
72 2987 238 3072 principes
261 2985 385 3072 passim
408 2995 677 3069 provocarentur,
703 2985 834 3048 admitti
852 2984 911 3046 vix
934 2985 1046 3068 possit,
1066 2984 1138 3069 jam

28 3097 92 3146 tuuc
113 3095 182 3148 tam
207 3105 311 3167 grave
336 3081 482 3146 edictum
499 3083 695 3146 auctoritate
711 3083 803 3166 regia
820 3092 934 3146 contra
958 3080 1040 3144 haec
1064 3103 1139 3146 con·

28 3180 133 3246 lectum
157 3182 274 3246 fuisse.
327 3177 431 3244 Casus
455 3201 521 3243 non
546 3181 647 3268 luisse
671 3191 740 3244 tam
764 3178 963 3265 multiplices
987 3201 1048 3243 nec
1070 3190 1138 3244 tam

26 3299 138 3360 graves,
163 3299 230 3342 nec
254 3276 404 3363 querelas
428 3279 492 3340 ista
515 3277 556 3341 de
579 3300 615 3342 re
639 3277 737 3342 valde
760 3279 959 3363 frequentes,
984 3275 1038 3340 vol
1061 3275 1139 3342 inde

27 3375 185 3461 colligitur,
213 3374 302 3462 quod
327 3375 583 3439 Thomassinum
614 3377 677 3439 ista
700 3375 767 3438 fere
791 3373 927 3438 latuisse
951 3372 1138 3439 videantur.

29 3473 159 3538 Advorte
184 3495 295 3560 porse,
324 3494 383 3537 nos
407 3472 509 3553 haud,
535 3483 571 3536 ut
594 3473 696 3559 aliqui
721 3483 881 3553 auctores,
906 3484 1138 3556 argumentum

29 3574 273 3658 peremptorium
298 3581 412 3635 contra
435 3570 642 3636 authentiam
666 3572 886 3656 Prapmaticae
915 3569 993 3634 inde
1016 3581 1139 3656 petere,

27 3669 101 3752 quod
124 3670 276 3735 conditio
304 3691 414 3733 rerum
439 3669 473 3732 iu
499 3667 610 3733 Gallia
634 3668 698 3732 illis
728 3667 878 3732 articulis
910 3666 1048 3731 edendis
1070 3667 1139 3732 aul-

28 3763 79 3828 lca
107 3791 225 3833 ansam
259 3765 466 3852 praebuerit;
501 3765 559 3830 sed
591 3766 743 3850 dicimus,
775 3767 875 3829 etiam
906 3774 1054 3850 spectata
1078 3766 1139 3830 ista

29 3865 202 3930 conditione
229 3885 350 3946 rerum,
383 3885 500 3949 parum
532 3863 704 3950 probabile
727 3862 834 3928 videri
867 3862 1029 3948 ejusmodi
1061 3862 1139 3926 Sca-

27 3962 141 4026 ctr'ancm
163 3987 184 4028 a
209 3961 386 4026 Ludovico
402 3961 453 4026 IX
477 3961 600 4026 editam
622 3983 712 4043 esse;
737 3959 803 4025 alia
819 3971 930 4025 autem
945 3973 1140 4044 argumenta

29 4063 276 4146 suppositionem
301 4059 538 4124 demonstrarit.

89 4275 106 4340 ¹,
123 4275 156 4328 v.
176 4273 285 4329 moues
305 4273 322 4328 1.
342 4289 364 4326 ο.
