2902 4848
309 453 362 506 384
434 454 546 510 XXXV.
567 456 607 511 De
627 456 727 516 Concil.
746 459 897 518 Basileensi
915 479 947 518 ao
965 467 998 520 de
1017 467 1125 535 Synodo
1143 471 1309 532 Florentius.

308 618 401 662 aeres
443 607 557 662 eontra
593 599 843 688 Metrophanem
888 605 1014 674 litteras
1053 615 1276 700 scripserunt,
1312 621 1411 706 quibus
1441 615 1442 672 i

308 697 465 760 unionem
489 697 662 782 rejiciunt,
696 710 728 764 et
752 703 785 766 in
810 703 1062 791 Metrophanem
1085 711 1272 780 'anathema
1294 740 1411 804 pronun·
1441 701 1442 742 ³

308 793 401 860 tiant.
449 794 515 858 Hic
547 815 667 879 magno
691 796 803 865 dolore
834 804 1005 888 perculsus
1035 809 1125 894 quod
1150 811 1333 898 Imperator
1353 839 1410 881 eun

186 925 246 954 nem.
308 912 373 954 non
398 894 477 955 satis
500 900 648 956 tueretur
670 917 733 960 nee
756 899 827 984 ipse
853 901 1141 972 schismaticorum
1173 921 1312 976 conatus
1332 917 1411 1000 repri·
1441 909 1442 938 ¹

307 1010 396 1052 mere
426 998 550 1074 posset,
587 991 702 1056 eodem
727 1016 815 1060 enno
847 1008 995 1066 mortuus
1026 1013 1084 1070 est.
1132 1005 1277 1093 Propter
1305 1023 1412 1076 exortas

307 1085 423 1152 turbas
454 1087 531 1152 dein
556 1091 692 1154 vacavit
721 1092 816 1157 sedes
847 1117 951 1184 usque
982 1099 1024 1164 ad
1055 1123 1085 1166 a.
1116 1105 1217 1188 1446,
1255 1129 1319 1192 qno
1346 1131 1414 1174 anno

309 1184 489 1268 Gregorius
515 1186 589 1269 (lV)
612 1187 879 1274 Protoeyneellus
903 1207 1032 1262 creatus
1058 1211 1107 1264 est
1128 1205 1330 1287 patriarcha.
1364 1206 1413 1270 liic

306 1285 420 1348 unioni
444 1283 702 1368 addictissimus,
729 1310 787 1372 pro
811 1312 850 1354 ea
874 1297 1104 1362 conservanda
1128 1309 1161 1364 et
1184 1301 1312 1367 tuenda
1331 1305 1411 1368 mults

304 1381 382 1444 fecit
405 1391 437 1444 et
460 1402 576 1466 passus
600 1395 659 1448 eet.
697 1385 828 1452 Interea
849 1388 982 1456 Marcus
996 1393 1189 1478 Ephesinus
1213 1399 1335 1466 libellis
1356 1425 1410 1466 oon·

304 1481 435 1564 scriptis
467 1489 500 1542 et
522 1480 667 1565 vulgetis
690 1486 847 1550 unionem
871 1489 1092 1574 impugnabat
1122 1504 1155 1558 et
1178 1499 1290 1582 magis
1318 1503 1411 1584 magis-

303 1599 367 1660 que
402 1577 571 1642 destruere
606 1579 789 1664 nitebatur,
826 1583 932 1650 donec
972 1609 1087 1654 versus
1119 1616 1149 1657 a.
1186 1596 1277 1660 1448
1311 1597 1410 1661 infelici

303 1683 407 1740 morte
432 1685 600 1762 correptus
624 1689 681 1744 est.
729 1679 783 1744 Ex
809 1681 883 1746 aliis
907 1684 1108 1754 adversariis
1131 1693 1271 1758 unionis
1296 1717 1410 1759 comme·

303 1773 482 1838 morandus
506 1777 649 1839 occurrit
665 1774 860 1844 Gennadius
875 1783 1058 1849 monachus
1081 1797 1114 1852 et
1127 1791 1409 1880 pseudopropheta

302 1874 358 1958 qui
383 1871 461 1936 ficta
484 1894 544 1937 sua
567 1875 689 1958 pietate
714 1875 848 1958 multos,
874 1888 907 1943 et
930 1884 1076 1947 maxime
1099 1887 1260 1954 mulieres
1286 1891 1407 1955 devotas.

302 1969 500 2056 decipiebat.
555 1971 734 2038 Pontifices
766 1976 901 2060 quidem
935 1979 1075 2044 Romani
1110 1983 1288 2070 Eugenins
1321 1988 1365 2052 lv
1386 2003 1404 2048 a

300 2068 458 2133 Nicolaus
482 2069 512 2132 V
537 2071 626 2133 omni
658 2091 722 2156 quo
747 2082 898 2157 poterant
922 2075 1019 2142 modo
1051 2079 1232 2146 studebant
1257 2083 1404 2149 litterisrr

300 2167 417 2252 legatis
441 2169 550 2232 missis
573 2169 729 2234 unionem
755 2170 903 2255 firmare,
935 2195 997 2238 neo
1021 2176 1200 2244 defuerunt
1223 2205 1270 2246 ex
1295 2183 1407 2248 Graecis

300 2268 356 2351 qui
382 2274 496 2330 contra
518 2265 670 2330 Marcum
695 2270 913 2353 scripserunt,
947 2281 984 2336 ut
1005 2273 1173 2360 Josephus
1197 2277 1409 2346 ltlettionensis

300 2372 332 2428 et
355 2363 503 2427 loannes
525 2360 745 2428 Plusiadenus
776 2387 815 2430 uc
838 2367 1030 2452 Bessarion,
1063 2374 1121 2438 sed
1146 2377 1284 2442 unionis
1309 2379 1409 2444 destru-

300 2464 442 2526 ctionem
475 2461 638 2546 impedire
668 2484 734 2527 non
759 2475 946 2549 potuerunt.
992 2469 1117 2536 Joauni
1140 2473 1343 2562 Palaeologo
1364 2477 1410 2539 Inr-

298 2561 442 2646 peratori
467 2561 625 2624 suecessit
647 2583 676 2625 a.
704 2562 789 2629 1448
814 2564 885 2648 ejus
908 2565 1011 2631 frater
1034 2566 1295 2658 Constantinus,
1331 2589 1410 2660 utque

298 2671 378 2722 tunc
408 2657 695 2724 schismaticorum
728 2671 841 2726 contra
865 2664 975 2728 unitos
1005 2663 1148 2732 audacia
1177 2672 1283 2736 etiam
1313 2675 1410 2736 crevit.

297 2754 494 2839 Gregorium
520 2755 754 2840 patriarcham,
779 2761 835 2844 qui
858 2763 1005 2828 maxima
1029 2785 1109 2830 cura
1132 2767 1271 2833 unionis
1294 2789 1411 2835 causan

297 2854 471 2937 tuebatur,
495 2855 596 2918 tantis
619 2855 751 2940 injuriis
774 2857 974 2940 affecerunt,
1007 2871 1045 2925 ut
1067 2886 1097 2926 a.
1124 2864 1229 2946 1451,
1254 2867 1411 2953 praedicta

295 2953 476 3018 rebellibus
499 2953 658 3035 vindicta,
684 2953 971 3042 Constantinopoli
995 2960 1161 3044 aufugerit
1185 2961 1343 3048 Romam,
1365 2965 1411 3028 ubi

296 3076 326 3119 a.
351 3052 438 3116 1459
463 3051 614 3116 decessit.

384 3151 438 3217 48.
474 3151 573 3216 Anno
599 3149 684 3214 1453
717 3149 771 3216 die
792 3151 855 3214 29⁰
878 3152 959 3238 Maji
985 3155 1293 3245 Constantinopolis
1325 3181 1411 3245 expu-

294 3259 396 3335 gnata
427 3259 477 3314 est
505 3271 525 3312 a
548 3247 736 3313 Mahomete
760 3249 794 3312 Il
825 3249 1009 3316 'Parcarum
1042 3253 1144 3336 duce,
1181 3258 1410 3323 Constantinus

293 3349 479 3432 Imperator
516 3347 644 3411 occisus
693 3355 725 3410 et
768 3346 950 3433 Imperium
995 3351 1153 3416 orientale
1205 3353 1411 3420 deotmotnra

293 3445 408 3529 Digna
437 3453 514 3508 sunt
552 3465 636 3529 quae
668 3457 967 3510 commemorentur
997 3469 1018 3512 a
1048 3447 1186 3520 Nicolao
1219 3451 1250 3515 V
1282 3454 1410 3518 Graecis

293 3565 322 3608 a.
350 3543 433 3607 1451
460 3541 513 3606 his
537 3540 649 3605 verbis
672 3542 812 3626 scripta,
845 3542 923 3607 dum
949 3548 1162 3630 conqueritur
1185 3549 1227 3613 de
1251 3551 1410 3636 promissis

293 3661 405 3706 eorum
431 3662 497 3705 non
522 3638 676 3725 impletis.
724 3640 854 3704 Dantur
883 3643 1022 3727 quotidie
1046 3642 1219 3710 dilationes
1242 3659 1273 3712 et
1296 3649 1408 3712 eosdm

292 3742 512 3804 accusationes
531 3741 661 3825 penitus
683 3739 885 3805 inducuntur.
933 3742 984 3806 Ne
1003 3743 1135 3808 madunt
1153 3745 1281 3826 Graeci,
1306 3747 1409 3812 Rona-

290 3861 365 3902 num
381 3837 562 3922 Pontificem
585 3845 615 3900 at
637 3859 756 3901 omnem
780 3837 1003 3903 occidentalem
1017 3839 1191 3906 &denam
1214 3839 1332 3910 lumirra
1354 3867 1407 3907 asse

285 3938 446 4024 privatos,
470 3935 554 4022 quod
576 3957 641 3999 ooo
663 3931 846 4020 intelligunt
868 3937 952 4020 quod
974 3939 1008 4002 iu
1028 3938 1085 4002 loo
1108 3939 1263 4004 dilatione
1292 3965 1407 4027 reapon-

291 4035 414 4100 siouum
446 4055 576 4096 suarum
606 4032 700 4096 verbu
722 4031 938 4119 pertendant·
968 4036 1166 4122 intelligunt,
1191 4039 1247 4103 aad
1269 4037 1405 4103 tolerant

289 4133 447 4197 intuentes
469 4130 640 4194 Dominruu
659 4131 769 4196 Jaeum
787 4130 942 4197 (Μαίνῃ
966 4138 1128 4200 aeteruum
1150 4135 1340 4220 Pontificem,
1363 4133 1407 4220 qni

280 4228 455 4314 ficulneam
497 4228 729 4314 infructuosam
751 4229 894 4294 arborem
935 4253 1030 4317 usqua
1060 4233 1106 4296 od
1137 4236 1261 4298 tertiam
1299 4255 1403 4298 uanam
