2858 4834
217 414 304 468 Causa
322 413 530 469 matrimonialis
550 415 668 484 Philippi
686 415 715 469 Π
735 415 841 470 Galliae
861 416 943 484 regis.
1088 417 1140 472 251

46 561 148 642 lierem,
170 580 252 646 quae
277 559 368 622 omni
393 557 585 623 defensione
609 570 773 641 caruerat,
798 559 973 645 ipsamque
996 561 1141 644 regionis

44 657 168 742 lugeam
190 677 258 721 non
281 665 430 736 noverat,
455 665 487 719 et
510 655 598 742 quod
622 677 730 741 noque
749 658 951 746 matrimonii
968 656 1141 723 christiani

42 757 229 819 sanctitatem
253 773 362 840 neque
380 753 459 838 jura
476 752 686 839 Apostolicae
701 753 808 837 Sedis,
833 754 993 841 adquam
1017 765 1141 841 specta-

43 853 85 916 bat
111 853 150 917 de
180 853 391 916 matrimonio
416 861 643 916 consummato
663 851 827 937 judicare,
857 863 1036 920 curassent.
1083 851 1142 937 Sy·

41 949 130 1012 nodus
157 951 221 1014 ista
252 950 288 1014 in
319 971 354 1014 re
385 947 501 1014 habita
524 961 573 1013 est
597 949 734 1014 Parisiis
763 949 929 1016 dominica
952 951 1142 1016 Palmarum

40 1049 100 1132 (14⁰
113 1047 246 1134 Aprilis)
270 1049 349 1112 anni
373 1047 468 1124 1196,
494 1049 680 1133 iterumque
705 1048 851 1113 secunda
867 1049 1047 1113 Dominioa
1070 1056 1144 1134 post

40 1145 165 1226 Pascha,
188 1155 289 1231 atque
305 1145 424 1210 Melior
446 1144 619 1211 Pontificis
641 1144 779 1230 legatus,
809 1145 952 1211 ltishael
976 1145 1143 1210 Senones·

39 1245 82 1320 sis,
103 1241 287 1308 Gulielmus
310 1243 506 1308 Rhemensis
529 1243 652 1328 aliique
675 1243 852 1329 praesules,
877 1244 1036 1308 mandata
1059 1244 1143 1308 Pon·

39 1343 120 1406 tiliois
141 1344 212 1426 regi
235 1352 438 1427 aperuerunt
460 1344 567 1428 eique,
607 1343 711 1406 nimia
734 1342 818 1406 forte
841 1341 1033 1424 deferentia,
1072 1362 1143 1427 per-

38 1439 160 1504 suadere
183 1439 294 1504 conati
318 1449 405 1520 sunt,
438 1449 475 1502 ut
498 1463 518 1504 a
541 1440 666 1524 coeptis
693 1439 873 1505 desisteret.
921 1438 1046 1503 Verum
1069 1438 1144 1503 Phi-

38 1537 142 1622 lippus,
172 1539 230 1623 qni
249 1537 322 1622 jam
356 1539 449 1602 vario
481 1535 578 1601 modo
606 1547 677 1600 tum
706 1536 831 1622 legatos
855 1535 1035 1617 Pontificis,
1067 1557 1143 1600 cum

39 1637 155 1700 nuntios
179 1636 303 1700 Canuti
332 1637 429 1720 regis,
461 1645 653 1714 vexaverat,
685 1621 872 1700 nullatenus
895 1635 1002 1699 cessit.
1049 1636 1145 1698 Duos

36 1736 203 1819 episcopos,
224 1733 526 1818 Noviomagensem
546 1743 579 1797 et
593 1730 873 1814 suessionensem,
887 1733 1027 1797 Romam
1044 1733 1143 1812 misit,

36 1844 64 1894 ut
84 1853 217 1896 cansam
250 1852 344 1895 suam
374 1830 421 1895 ibi
445 1840 598 1914 agerent3
627 1832 759 1895 interim
784 1852 862 1895 vero
886 1851 991 1894 novas
1014 1830 1146 1914 paravit

35 1931 171 2013 nuptias,
212 1951 348 2016 sperans
371 1928 451 2011 fore,
483 1939 520 1992 ut
553 1939 626 2014 post
663 1929 788 1993 factum
827 1925 958 1992 facilius
989 1927 1145 1992 Pontifex

34 2027 233 2108 grandaevus
256 2029 304 2091 rei
328 2029 563 2114 acquiesceret.

108 2127 162 2192 31.
213 2125 326 2206 Quum
363 2128 465 2210 igitur
501 2149 520 2189 a
558 2126 659 2188 variis
696 2123 863 2190 nobilibus
887 2147 929 2188 ex
953 2125 1314 2242 principumvtfflrnuss

33 2225 119 2308 stirpe
144 2223 333 2308 virginibus
356 2223 522 2309 repulsam
546 2223 737 2308 accepisset,
766 2225 796 2287 ei
830 2223 922 2287 dedit
944 2203 1176 2286 Bartholdus‘¹
1178 2201 1314 2305 ὛΨ

33 2320 187 2388 llsraniae
220 2322 322 2386 dux'
314 2345 348 2386 m
372 2343 510 2386 uxorem
541 2321 643 2385 filiam
674 2343 767 2385 suam
792 2322 967 2405 Agnetem,
999 2341 1143 2384 sororem

33 2441 51 2482 s.
72 2419 254 2504 Hedwigis.
302 2419 411 2484 Valde
435 2418 607 2505 probabile
632 2429 690 2501 est,
715 2418 932 2483 Bertholdum
956 2440 996 2482 ac
1019 2419 1144 2503 praeci·

33 2538 83 2598 pue
104 2519 273 2602 Agnetem
307 2517 463 2602 deceptos
498 2518 599 2581 fuisse
632 2514 869 2581 assertionibus
897 2515 1054 2601 Philippi,
1086 2515 1144 2601 qui

33 2615 220 2696 affirmabat,
251 2613 378 2679 nullum
406 2615 508 2678 fuisse
532 2615 735 2700 praecedens
766 2614 969 2700 conjugium,
998 2635 1037 2678 ac
1062 2613 1144 2678 Pon-

34 2711 139 2776 tificem
165 2713 293 2798 nuptiis
315 2713 412 2776 novis
436 2710 527 2776 nulla
550 2711 722 2776 obstacula
745 2711 911 2775 facturum
935 2733 1014 2778 esse.
1053 2711 1143 2796 Nup-

34 2811 85 2871 tiae
120 2811 232 2874 factae
270 2821 346 2874 sunt
384 2832 497 2875 mense
527 2810 630 2875 Junio
664 2811 743 2873 anni
777 2809 871 2873 1196.
920 2810 1032 2890 Quum
1061 2808 1144 2874 haec

35 2907 167 2972 Canutus
192 2907 246 2971 Ill
270 2907 400 2972 Daniae
422 2930 483 2972 rex
506 2909 704 2988 rescivisset,
729 2928 834 2972 novas
848 2907 972 2972 litteras
989 2907 1081 2972 dedit
1101 2909 1144 2973 ad

35 3005 248 3074 Coelestinnm
272 3007 325 3071 III
363 3019 396 3071 et
424 3007 467 3071 ad
490 3006 695 3090 Cardinales,
728 3007 769 3071 de
801 3007 948 3091 Philippi
977 3008 1144 3090 protervia

35 3104 237 3170 vehementer
251 3127 466 3192 conquerens,
482 3115 515 3169 et
527 3103 623 3170 Sedis
639 3105 850 3190 Apostolicae
866 3105 1143 3171 interventionem

36 3203 201 3284 postulans.
250 3203 360 3266 Etiam
378 3203 578 3288 Ingeburga,
604 3205 658 3267 cui
682 3202 857 3289 Philippus
880 3225 922 3267 ne
946 3226 985 3266 ea
1009 3201 1143 3288 quidem

35 3299 226 3366 sufficienter
255 3300 436 3386 praebebat
464 3323 549 3388 quae
582 3303 672 3366 vitae
695 3304 881 3366 necessaria
905 3311 1007 3382 erant,
1040 3322 1144 3365 novas

36 3397 67 3458 ad
97 3399 294 3464 Pontificem
331 3399 457 3464 litteras
487 3402 628 3485 scripsit,
669 3401 740 3486 ejus
778 3401 1006 3464 auctoritatem
1045 3409 1145 3485 atque

36 3513 115 3578 opem
137 3494 331 3584 implorans.
378 3496 506 3562 Auctor
528 3519 725 3581 anonymus,
751 3499 807 3584 qui
831 3499 963 3582 scripsit
985 3497 1145 3561 Innocen-

38 3593 64 3654 tii
84 3592 194 3674 Gesta,
224 3595 334 3681 arguit
357 3594 583 3660 Coelestinum
607 3595 669 3678 III,
702 3595 790 3682 quod
815 3617 880 3658 non
905 3595 1074 3660 efficacius
1098 3598 1145 3660 in·

39 3695 217 3774 tervenerit·
240 3691 356 3758 scribit
380 3692 555 3758 videlicet:
586 3693 697 3758 Verum
719 3703 835 3807 quanto
860 3693 943 3756 idem
966 3695 1059 3780 Papa
1073 3694 1145 3780 fer-

39 3793 140 3854 sarim
169 3793 259 3856 circa
289 3793 344 3856 boo
376 3793 532 3905 apparuit
564 3793 599 3855 in
616 3792 792 3877 principio,
824 3801 913 3855 tanto
938 3792 1111 3877 tepidior
1097 3816 1145 3856 an·

41 3897 127 3951 arms
149 3901 198 3954 eat
220 3891 256 3952 ia
274 3889 357 3972 firm
379 3890 455 3988 qaia
478 3885 551 3952 licet
572 3911 630 3952 raa
654 3889 829 3968 Donusam,
853 3911 1020 3976 permortua
1034 3890 1146 3976 frater

42 3983 122 4066 'prim
144 3989 285 4074 rapinae,
310 4011 374 4074 per
396 3971 595 4051 honorabiles
618 3989 746 4050 arados
776 3985 972 4074 imploraret,
1005 3998 1040 4052 ut
1067 4010 1144 4052 com·

41 4080 150 4162 pelleret
178 4109 281 4172 repom
304 4086 499 4150 Blascorum
529 4085 574 4149 ud
595 4085 810 4172 recipiendum
842 4086 982 4150 eamdem
1004 4087 1146 4171 rapinam

43 4199 157 4247 sororem
195 4207 303 4262 mom,
342 4206 435 4269 quom
470 4182 586 4270 iay'rtsta
618 4183 798 4263 dimiserat,
838 4186 918 4248 sicat
941 4187 1028 4274 juris
1060 4187 1145 4250 ratio
