2858 4834
393 479 433 533 De
451 478 540 533 initiis
559 479 765 534 coutroversiae
1093 479 1143 533 167

52 625 146 686 enanis
179 622 296 686 litteris
327 625 500 687 certiorem
529 621 676 687 reddidit
713 621 943 687 Alexandrum
976 621 1045 704 llI3
1083 645 1144 686 rex

52 739 107 781 raro
127 721 322 784 convocavit
345 719 387 784 ad
413 720 502 785 diem
538 721 596 784 1¹¹¹n
620 719 774 784 Octobris
798 741 972 806 procerum
997 730 1029 784 et
1051 743 1143 806 prae·

50 815 131 880 sulum
153 828 354 882 conventum
378 817 421 882 ad
450 817 610 904 oppidum
634 816 1001 900 westmonasteriense,
1036 829 1073 881 ut
1103 819 1145 882 de

50 935 124 977 uum
144 915 205 978 ista
227 925 390 1000 ageretur.

116 1031 161 1096 15.
208 1031 322 1112 Quum
346 1031 580 1094 convenissent
602 1031 759 1116 episcopi,
790 1030 972 1116 postulavit
1002 1031 1045 1096 ab
1078 1030 1142 1096 illis
1171 1039 1301 1082 ⁰⁰1²v⁶¹³te¹

49 1125 185 1192 ilenricus
207 1129 243 1194 11
268 1127 434 1215 privilegii
458 1127 520 1191 fori
545 1149 618 1191 eam
643 1127 933 1212 modificationem,
958 1151 1043 1216 quae
1067 1129 1143 1194 abo·
1161 1103 1305 1206 litim:

48 1221 129 1290 litiani
150 1225 451 1313 appropinquabat,
476 1225 633 1290 videlicet
655 1235 692 1291 ut
719 1226 754 1290 1⁰
770 1226 1016 1310 archidiacono,
1041 1249 1144 1314 quum

49 1326 153 1388 nomine
184 1327 333 1411 episcopi
368 1323 519 1410 judicem
560 1331 681 1408 ageret,
720 1323 958 1410 adjungeretur
993 1325 1145 1390 officialis

47 1421 146 1502 regius3
169 1423 208 1485 2⁰
231 1433 270 1486 ut
294 1422 404 1487 clerici
428 1424 583 1508 gravium
609 1423 785 1487 criminum
810 1425 856 1487 rei
881 1422 924 1486 ab
948 1425 1145 1489 auctoritate

48 1517 244 1584 ecclesiastica
269 1519 538 1606 degradarentur,
569 1528 602 1582 et
625 1518 703 1584 dein
727 1519 770 1585 ad
794 1542 849 1584 eos
872 1521 1059 1606 puniendos
1083 1531 1146 1587 tra-

48 1613 174 1681 derentur
196 1619 364 1706 potestati·
383 1617 553 1684 saeculari,
601 1617 774 1682 Afferebat
804 1641 863 1682 rex
892 1621 1035 1684 rationes
1065 1623 1145 1685 satis

49 1716 192 1797 speciosas,
224 1738 286 1780 cur
309 1717 476 1780 communi
502 1714 729 1800 jurisdictioni
758 1716 793 1778 in
818 1716 1047 1782 criminalibus
1070 1719 1145 1783 sub·

45 1808 124 1890 jectos
145 1813 246 1877 vellet
270 1813 416 1896 clericos,
441 1812 598 1877 videlicet
613 1835 739 1898 pacem,
766 1816 976 1880 securitatem
993 1827 1026 1880 et
1041 1816 1145 1882 bonos

47 1927 128 1972 nores
155 1914 189 1976 in
223 1935 341 1998 regno,
372 1933 474 1998 quum
507 1913 607 1976 nimis
640 1910 851 1996 indulgentes
880 1923 988 1977 essent
1012 1913 1146 2000 judices

45 2005 248 2092 ecclesiastici,
282 2031 323 2073 ec
355 2031 462 2095 poena
493 2009 535 2073 ab
569 2009 732 2095 ejusmodi
764 2010 986 2076 tribunalibus
1017 2011 1145 2078 clericis

45 2103 145 2170 inflicta
167 2109 272 2174 multo
297 2109 417 2173 mitior.
464 2108 554 2172 Hinc
577 2109 718 2173 crimina
742 2119 775 2173 et
798 2109 926 2194 flagitia
950 2108 1144 2174 clericorum

46 2200 241 2288 multiplicari.
274 2207 379 2274 Sensa
394 2228 506 2270 eorum
531 2207 588 2292 qui
612 2207 699 2289 regis
723 2208 890 2270 conamini
915 2217 947 2270 et
969 2207 1143 2293 postulatis

44 2299 87 2361 ista
106 2303 137 2366 in
160 2328 193 2368 re
218 2305 498 2390 suffragabantur,
528 2302 728 2387 colliguntur
756 2325 798 2368 ex
828 2306 880 2382 iis,
913 2327 998 2391 quae
1024 2305 1141 2370 scribit

41 2409 130 2463 aanor
143 2424 299 2484 coaevus,
317 2401 505 2468 Gulielmus
521 2401 779 2486 Neubrigensis:
804 2404 908 2486 ,Repi
923 2404 1008 2466 circa
1032 2424 1139 2468 euram

42 2499 107 2578 repsi
126 2503 295 2586 satagenti,
330 2512 360 2564 et
384 2501 605 2587 malefactores
629 2502 696 2564 sine
720 2500 840 2564 delectu
863 2501 1072 2564 euterminari
1087 2505 1141 2590 ju·

42 2589 113 2672 bne,
136 2622 155 2660 a
170 2597 336 2687 judicibus
361 2600 540 2662 intimatum
564 2607 620 2674 est,
644 2599 727 2682 quod
742 2595 840 2661 multa
863 2608 973 2661 contra
997 2598 1140 2684 discipli-

42 2695 283 2778 rempublicam,
308 2693 426 2759 scilicet
446 2695 558 2781 furta,
582 2696 733 2780 rapinae,
763 2696 934 2760 homicidia
964 2720 985 2758 a
1015 2697 1138 2760 clericis

41 2792 143 2873 rsepius
170 2797 446 2874 committerentur,
486 2793 531 2857 ad
560 2815 637 2879 ,quos
673 2793 790 2858 scilieet
821 2793 922 2858 laicae
951 2818 1014 2858 non
1034 2797 1138 2880 possit

41 2888 244 2962 burdationis
267 2895 356 2978 siper
378 2892 514 2956 extendi.
562 2893 704 2976 Denique
727 2893 798 2978 ipso
822 2892 970 2956 audiente
994 2892 1136 2956 declara-

42 2991 88 3042 nn
104 2987 225 3067 dieitur,
248 2989 323 3075 plus
348 3012 441 3075 quam
464 2999 586 3054 centum
607 2989 778 3052 homicidia
801 2990 889 3052 intra
904 2991 987 3072 ,pines
1001 2989 1138 3077 Ampliae

42 3081 181 3150 ssclericis
203 3086 261 3151 sub
284 3111 378 3173 repno
403 3091 470 3176 ejas
493 3089 666 3151 commissa.
692 3125 734 3134 -—
760 3087 881 3173 Nempe
903 3091 1043 3175 episcopi
1066 3089 1140 3152 dum

42 3173 224 3261 defendendis
255 3187 355 3269 napis
385 3185 567 3248 clericorum
605 3183 804 3248 libertatibus
841 3185 889 3248 vel
922 3185 1140 3271 dipnitatibus,

43 3295 113 3354 laum
138 3304 241 3346 eorum
263 3284 351 3347 milis
375 3283 569 3368 corrigendis
592 3283 831 3367 resecandisque
851 3281 1031 3369 invigilant,
1057 3283 1140 3346 arbi-

45 3384 154 3456 trantur,
177 3381 355 3466 obsequium
380 3405 411 3444 se
432 3392 602 3468 praestare
626 3381 694 3444 Deo
719 3391 748 3442 et
771 3379 941 3458 Ecclesiae,
966 3383 995 3444 si
1009 3381 1139 3467 facino·

44 3493 109 3534 rosas
129 3476 269 3560 clericos,
304 3501 380 3564 quos
408 3501 470 3564 pro
494 3478 595 3564 officii
618 3477 722 3541 debito
746 3480 921 3573 canonicae·
946 3480 1049 3562 cipere
1073 3503 1139 3542 aen·

45 3589 115 3634 esras
141 3584 277 3640 coireere
308 3577 357 3640 ael
387 3577 501 3640 nolunt
536 3575 586 3639 vel
617 3573 793 3663 neplipuut,
834 3586 944 3639 contra
958 3577 961 3595 '
975 3574 1141 3661 publicam

46 3673 165 3734 tueantur
179 3673 395 3760 disciplinam.
428 3675 516 3740 Unde
533 3673 649 3752 clerici,
673 3673 818 3738 babentes
838 3697 899 3759 per
922 3675 1142 3759 impunitatem

47 3769 136 3846 ‘uendi
169 3772 379 3858 quodcumque
409 3771 537 3838 libuerit
568 3771 728 3836 licentiam
756 3782 785 3834 et
820 3772 1005 3848 libertatem,
1041 3794 1140 3855 neque

47 3859 123 3927 ileum
142 3891 236 3955 nepae
259 3871 399 3934 bomiaes
421 3869 568 3934 babentes
589 3880 777 3955 potestatem
799 3879 990 3950 reverentur,
1019 3891 1086 3932 cum
1110 3879 1141 3932 et

48 4001 227 4021 -Ὰ-α-

49 4101 89 4143 tie
103 4092 286 4169 wilhelmum),
312 4098 436 4153 comitem
460 4104 509 4152 aut
527 4097 662 4164 baronem,
688 4099 757 4153 citra
785 4115 861 4152 suam
879 4098 1021 4154 scientiam
1040 4113 1142 4154 excom·

50 4171 152 4307 ffieri
168 4193 250 4246 posse.
281 4180 322 4234 Eo
340 4178 370 4234 in
389 4195 452 4233 casu
466 4178 583 4233 Thomas
601 4178 661 4247 regi
679 4180 768 4245 cessit,
788 4177 1145 4245 excommunicationemque

127 4261 146 4308 i.
