2916 4842
337 487 390 544 108
514 489 622 544 XXIV.¹
634 489 674 544 De
692 489 811 544 dissidiis
829 489 959 544 Fridcriei
978 489 992 544 1
1016 505 1076 545 cum
1093 490 1127 546 R,
1145 489 1331 547 Pontificibus.

337 631 524 698 describere
548 634 714 698 convenit.
749 632 862 714 Quum
886 655 973 697 anuo
1000 633 1087 698 1154
1109 633 1270 718 Rogerius
1292 658 1352 700 rex
1374 635 1446 702 sicia

335 729 400 795 liae
423 729 575 812 obiisset,
608 732 638 795 ei
662 732 821 795 successit
843 729 1029 796 Gulielmus
1056 730 1161 814 filius,
1186 734 1243 818 qui
1271 733 1446 798 inconsulto

337 825 508 909 Pontilice,
533 828 627 914 cujus
651 828 765 894 Sicilia
788 837 859 893 erat
881 828 1028 912 feudum,
1054 832 1147 914 regni
1171 852 1327 896 coronam
1351 853 1446 896 susce·

336 927 395 1012 pit.
441 925 633 991 Hadrianus
664 948 704 990 ea
736 925 778 991 de
807 927 976 1013 reipsum
1002 930 1143 1011 monuit,
1175 937 1277 1015 utque
1295 929 1375 1015 jura
1396 951 1446 992 sua

336 1024 533 1107 vindicaret,
557 1027 593 1088 in
615 1023 734 1089 litteris
757 1024 847 1100 haud
870 1026 967 1110 regis,
991 1026 1050 1090 sed
1074 1035 1203 1090 tantum
1227 1026 1355 1092 domini
1378 1026 1446 1092 Sici-

335 1121 400 1188 liae
424 1123 454 1187 ei
478 1122 610 1187 titulum
635 1122 737 1188 dedit.
767 1121 955 1188 Gulielmus
978 1122 1056 1188 dein
1081 1123 1192 1188 hostili
1216 1145 1374 1209 aggressu
1396 1125 1446 1188 Ro

265 1239 268 1246 ’
337 1241 471 1285 menam
488 1220 646 1308 ditionem
662 1229 695 1285 et
709 1221 882 1286 ecclesiam
898 1223 1045 1304 vexavit,
1069 1221 1158 1287 unde
1180 1225 1215 1287 in
1231 1223 1446 1287 excommuni-

336 1319 478 1383 cationis
500 1319 619 1383 incidit
642 1321 850 1384 sententiam.
898 1317 1011 1399 Quum
1035 1340 1187 1404 proceres
1218 1320 1330 1406 plures
1354 1321 1387 1385 in
1408 1343 1446 1384 re·

336 1438 411 1502 gem
435 1419 644 1502 insurgerent
667 1415 881 1482 etaGraecis
904 1437 1036 1504 quoque
1059 1418 1088 1481 is
1108 1429 1323 1502 premeretur,
1349 1439 1446 1484 rocon*

337 1513 538 1580 ciliationem
563 1515 606 1580 ab
623 1515 794 1580 Hadriano
818 1515 968 1580 obtinere
992 1515 1128 1598 studuit,
1152 1515 1211 1580 scd
1231 1517 1446 1582 resistentibus

338 1611 573 1678 Cardinalibus
611 1615 791 1699 negotiatio
828 1623 983 1699 exoptato
1014 1635 1167 1679 successu
1205 1617 1323 1696 caruit,
1362 1627 1446 1700 atque

337 1712 436 1775 etiam
460 1711 617 1777 Pontifex
639 1713 710 1796 regi
734 1711 846 1775 intulit
868 1733 971 1777 arma.
1017 1711 1210 1776 Praevaluit
1232 1723 1346 1776 autem
1370 1711 1446 1778 Guli

337 1809 442 1874 elmus
473 1819 587 1875 contra
616 1811 728 1874 varios
756 1809 879 1892 hostes,
911 1831 1081 1898 quumque
1105 1809 1297 1875 Hadrianus
1321 1811 1446 1896 abipso

336 1907 521 1972 Beneventi
552 1907 774 1990 obsideretur,
806 1909 1002 1972 necessitate
1024 1918 1158 1972 coactus
1188 1929 1305 1994 pacem
1331 1919 1367 1974 et
1387 1907 1446 1973 oon?

338 2005 485 2070 cordiam
514 2007 583 2090 regi
614 2007 787 2072 concessit.
833 2005 902 2070 Ista
931 2007 967 2070 in
994 2027 1077 2092 pace
1105 2009 1230 2090 (mense
1252 2007 1358 2072 Junio
1381 2001 1446 2072 euni

174 2113 287 2157 mrim
300 2115 326 2155 1’·
340 2101 437 2184 1156)
447 2102 640 2168 Hadrianus
655 2101 869 2186 Gulielmum,
885 2103 927 2168 ab
945 2105 1290 2169 excommunicatione
1305 2105 1446 2186 solutum,

167 2187 280 2282 ⁹⁸¹3:
294 2177 328 2220 ⁸¹'
337 2203 475 2287 agnovit
498 2209 535 2264 ut
557 2222 669 2285 regem
693 2201 827 2269 Siciliae
848 2210 884 2266 et
906 2201 1025 2267 ducem
1040 2200 1194 2288 Apuliae,
1218 2203 1327 2288 iisque
1350 2204 1446 2288 ragull

338 2319 414 2363 eum
452 2301 642 2381 investivit3
675 2297 862 2366 Gulielmus
897 2299 1089 2384 homagium
1113 2299 1232 2384 ligium
1255 2308 1293 2364 ut
1315 2299 1446 2366 vasallus

338 2397 435 2463 Sedis
445 2395 658 2483 Apostolicae
674 2397 902 2483 tributumque
923 2418 1073 2462 annuum
1089 2401 1337 2480 (sexcentorum
1354 2421 1446 2464 aureo

339 2515 412 2559 rum
436 2516 495 2580 pro
519 2494 644 2581 Apulia
668 2505 701 2560 et
724 2497 981 2582 quingentorum
1014 2517 1074 2582 pro
1098 2497 1236 2580 Mareia)
1269 2519 1304 2561 se
1334 2493 1446 2584 praesti

338 2601 449 2657 turum
473 2594 634 2679 promisit.
670 2593 826 2659 Pontifici
846 2594 935 2680 jura,
951 2595 1164 2678 visitationis,
1189 2595 1360 2660 missionis
1382 2595 1446 2680 legs

339 2701 458 2773 torum,
492 2699 525 2754 et
548 2690 811 2778 appellationum
842 2691 885 2758 ad
910 2715 935 2757 s.
960 2692 1092 2777 Sedem,
1123 2692 1313 2758 solemniter
1337 2689 1446 2758 firmat

340 2799 426 2872 sunt,
449 2790 657 2854 restrictione
679 2799 791 2855 tamen
816 2790 929 2876 aliqua
952 2789 1040 2856 facta
1063 2791 1174 2877 quoad
1193 2789 1356 2859 Siciliam.
1394 2791 1446 2858 Cot

341 2901 408 2953 tera
439 2911 568 2975 qaoque,
601 2888 733 2972 dicitur,
772 2887 890 2953 ibidem
921 2889 970 2972 (in
998 2888 1127 2970 Sicilia)
1160 2887 1286 2953 babebit
1316 2892 1446 2956 Remeat

340 2986 471 3053 ecclesia
500 3011 580 3074 quae
611 2985 705 3051 babet
733 2986 770 3050 ia
802 2984 879 3051 aliis
895 2986 1048 3073 partibus
1070 2989 1161 3074 rapui
1190 2989 1304 3066 nostri,
1336 2997 1446 3075 except

340 3085 557 3172 appellatione
581 3095 610 3149 et
633 3085 798 3170 leputione,
822 3107 902 3171 puae
924 3086 990 3150 aiei
1013 3085 1250 3173 adpetitionem
1272 3098 1446 3172 aosoumt

339 3184 507 3248 haeredum
533 3194 711 3247 nostrorum
740 3181 788 3247 ibi
816 3205 880 3246 aaa
904 3182 1028 3270 fleat.¹)
1082 3182 1236 3248 Libertas
1268 3181 1446 3249 electiouui

341 3302 498 3346 concessa
536 3290 599 3364 est,
639 3282 685 3346 ita
721 3290 834 3346 tamen
871 3290 908 3346 ut
946 3302 1127 3346 consensus
1166 3283 1253 3367 regis
1290 3293 1380 3347 esset
1415 3293 1446 3346 er

340 3379 514 3466 petendus.

430 3495 461 3559 9.
509 3493 704 3560 Hadrianus
743 3495 786 3560 ad
826 3495 1063 3560 concordatum
1101 3495 1183 3560 illud
1223 3495 1446 3568 conficiendos

341 3593 504 3678 angustiis
526 3602 712 3679 temporum
737 3593 902 3658 adductus
925 3594 1003 3675 fuit3
1029 3593 1225 3658 Cardinales
1249 3615 1328 3658 vcro
1352 3591 1446 3680 aliqui

341 3691 495 3778 quamvis
520 3693 693 3776 immerito,
718 3701 832 3778 postea
860 3691 942 3757 illud
967 3692 997 3755 ei
1022 3691 1281 3776 exprobrarunt,
1312 3692 1403 3778 quod
1426 3691 1446 3754 d

341 3788 512 3854 Ecclesiae
538 3789 672 3876 juribus
706 3789 834 3877 aliquid
875 3791 1012 3855 cessisse
1042 3789 1220 3854 videretur.
1274 3788 1446 3874 Aegerrim

340 3953 554 3960 --ψ

418 4039 438 4106 ¹)
456 4037 492 4094 V.
511 4037 707 4092 Concordatum
726 4055 769 4107 ap.
789 4035 951 4104 Watterich,
971 4037 1009 4092 IL
1029 4037 1091 4092 352.
1112 4067 1146 4078 -
1164 4037 1297 4103 Vidimus,
1315 4037 1422 4094 Urbani
1439 4031 1446 4090 1

341 4117 516 4188 privilegium
541 4117 733 4186 temporarium
751 4124 861 4174 tantum
888 4117 980 4185 fuisse,
1009 4133 1059 4172 neo
1076 4116 1156 4192 valde
1174 4119 1299 4187 amplum¹
1337 4123 1446 4173 Atrans

340 4212 421 4266 regas
439 4197 547 4252 Siciliae
574 4197 607 4252 ob
634 4199 809 4268 privilegium
836 4199 904 4254 illud
931 4199 1014 4255 semel
1041 4212 1201 4264 concessum,
1229 4199 1294 4268 jura
1318 4197 1446 4268 peculiari

342 4277 429 4344 quoad
442 4277 562 4332 Siciliam
581 4284 708 4348 appetere
727 4286 756 4335 et
773 4279 906 4348 stipulare
923 4279 1055 4335 solebant.
