3000 4838
496 449 536 504 De
553 449 699 505 donatione
718 450 898 506 Constantini.
1224 451 1260 506 37

223 591 278 654 45.
327 591 418 656 Huic
451 614 549 678 scopo
573 595 717 658 auctoris
741 595 798 678 qui
824 593 1033 659 Constantini
1057 595 1259 660 donationem
1272 595 1421 702 &22:⁶22

131 689 298 768 confecit,
337 692 439 754 etiam
474 689 559 756 alius
595 713 767 756 connexus
803 692 905 756 luisse
944 693 1087 758 videtur.
1135 691 1258 758 Graeci

133 785 229 850 multi
265 787 424 852 videlicet
449 788 522 873 jam
561 787 698 870 dudum,
736 798 770 853 et
806 791 951 874 apertius
990 789 1122 854 saeculo
1159 811 1258 872 nono,

126 884 315 970 jactabant,
352 885 493 950 honores
522 895 556 950 ct
585 887 808 971 principatum
845 887 1105 952 ecclesiasticum
1137 889 1259 952 veteris

132 981 259 1046 Romae
283 1005 359 1047 cum
386 983 464 1048 sede
483 983 646 1070 imperiali
661 983 821 1048 translata
838 1007 908 1050 esse
926 984 1257 1072 Constantinopolim,

131 1093 165 1142 et
193 1101 294 1164 aegre
316 1081 388 1166 jam
412 1084 591 1168 primatum
616 1083 712 1148 Sedis
737 1083 904 1148 Romanae
934 1081 1169 1168 agnoscebant.
1216 1081 1256 1147 In

132 1177 334 1244 documento
357 1182 419 1246 isto
444 1201 522 1245 vero
546 1179 717 1246 translatio
742 1179 830 1246 sedis
851 1180 1033 1267 imperialis
1047 1190 1186 1266 apparet
1209 1181 1257 1244 uti

132 1275 220 1340 taeta
249 1276 294 1340 ob
323 1280 545 1343 reverentiam
578 1280 699 1342 summi
721 1277 894 1342 Pontificis
918 1279 1043 1343 Romae
1070 1278 1256 1344 residentis.

131 1371 300 1439 Primatns
334 1376 424 1441 Petri
462 1387 494 1441 et
532 1398 757 1442 successorum
797 1377 869 1462 ejus
907 1399 949 1441 ex
988 1375 1100 1441 verbis
1132 1375 1257 1441 Christi

131 1471 377 1556 magnificatur,
402 1496 442 1539 ac
459 1475 536 1539 dein
550 1474 761 1560 Imperatoris
776 1474 884 1539 edicto
897 1473 975 1540 Sedi
989 1476 1158 1540 Romanae
1181 1495 1256 1537 auc-

130 1571 246 1633 toritas
278 1593 379 1656 snpra
402 1571 485 1636 alias
519 1573 613 1638 sedes
636 1571 873 1659 patriarchales
903 1572 1062 1637 firmatur.
1110 1571 1255 1636 Demum

129 1671 250 1732 summi
280 1668 422 1735 honores
445 1671 598 1735 Pontifici
631 1680 663 1736 et
691 1671 778 1735 clero
802 1671 950 1734 Romano
986 1692 1005 1734 a
1036 1670 1254 1735 Constantino

129 1767 201 1850 ipso
226 1765 462 1833 decernuntur.
489 1771 541 1832 Ito
564 1771 672 1833 omnis
688 1767 892 1834 Graecorum
911 1768 1075 1853 jactantia
1098 1788 1255 1852 arrogans

130 1872 263 1928 vetusto
287 1863 350 1928 hoc
375 1865 554 1950 diplomate
578 1866 803 1951 frangebatur.

217 2015 274 2079 46.
320 2015 456 2102 Duplex
492 2017 547 2082 hic
582 2040 710 2104 scopus,
743 2020 800 2104 qui
824 2020 859 2081 in
883 2025 1017 2082 exarato
1043 2015 1253 2081 Constantini

125 2110 310 2197 diplomate
333 2114 603 2202 deprehenditur,
628 2117 755 2180 auctori
780 2117 815 2179 in
839 2112 956 2179 Galliis
980 2113 1113 2198 degenti
1137 2135 1254 2179 versus

123 2210 298 2276 saeculum
323 2235 448 2279 nonum
473 2215 620 2280 medium
636 2214 783 2300 proiecto
800 2215 951 2300 apprime
968 2213 1134 2278 convenit.
1160 2212 1254 2276 Prior

125 2405 201 2468 viro
227 2407 356 2474 Franco
388 2413 534 2476 maxime
558 2410 650 2476 cordi
678 2417 772 2490 esset,
806 2409 942 2495 Imperii
966 2406 1182 2472 occidentalis
1206 2408 1252 2470 in-

123 2505 334 2571 stitutionem
366 2531 406 2572 ac
434 2509 630 2595 dignitatem
658 2518 773 2572 contra
797 2507 1000 2572 Graecorum
1024 2506 1253 2569 accusationes

125 2601 313 2669 vindicare.
339 2605 405 2672 Sed
418 2609 518 2672 etiam
533 2605 711 2693 privilegia
726 2604 822 2670 Sedis
838 2605 1007 2668 Romanae
1024 2611 1138 2667 contra
1156 2601 1253 2689 Cpta·

125 2721 247 2765 norum
271 2704 461 2788 superbiam
485 2707 580 2786 tueri,
614 2703 712 2769 simul
736 2702 834 2767 valde
857 2702 1011 2787 congruit
1032 2700 1090 2764 tali
1114 2701 1252 2765 auctori.

127 2796 241 2878 Quum
273 2801 363 2886 apud
387 2803 534 2868 Francos
564 2801 761 2888 disciplinae
786 2821 898 2866 sacrae
922 2799 1086 2880 florerent,
1116 2800 1151 2863 in
1175 2820 1251 2863 con·

125 2898 297 2962 troversiis
321 2899 451 2965 illorum
476 2913 661 2987 temporum
686 2898 815 2964 Galliae
844 2900 933 2962 viros
957 2897 1070 2961 doctos
1094 2918 1249 2980 magnam

124 3007 256 3078 partem
279 2993 435 3064 habuisse
459 2999 616 3081 vidimus,
641 3019 761 3088 eosque
784 2998 908 3082 passim
926 2996 1116 3060 invenimus
1132 3017 1151 3058 a
1166 2995 1250 3059 Pon-

123 3091 273 3157 tificibus
295 3105 461 3179 evocatos,
493 3107 531 3160 ut
553 3095 757 3162 Graecorum
790 3117 915 3159 errores
944 3093 1136 3157 refutarent.
1183 3091 1250 3158 Sed

126 3189 228 3254 etiam
254 3193 327 3278 ipsa
351 3194 497 3280 dignitas
521 3195 679 3260 ecclesiae
703 3192 897 3258 Gallicanae
927 3193 962 3256 in
992 3192 1170 3257 discrimen
1194 3212 1248 3255 vo·

124 3287 266 3352 cabatur
292 3295 460 3377 arroganti
491 3295 670 3358 assertione
693 3291 908 3371 Graecorum,
944 3288 1120 3375 privilegia
1147 3287 1249 3353 eccless

124 3385 259 3450 siastica
303 3393 424 3456 veteris
462 3391 587 3456 Romae
630 3413 706 3456 cum
745 3390 889 3475 Imperio
929 3385 1249 3472 Constantinopolim

124 3483 284 3550 translata
318 3487 430 3572 luisse,
481 3489 669 3555 Videbatur
698 3491 788 3553 enim
823 3486 887 3551 hac
922 3486 1049 3550 ratione
1087 3486 1249 3570 primatus

126 3581 262 3666 qnidam
286 3587 495 3671 patriarchae
520 3586 640 3673 Cptani
665 3589 700 3651 in
725 3585 882 3652 ecclesias
906 3605 1036 3670 quoque
1051 3581 1247 3649 'Occidentis

128 3685 292 3763 constitui,
325 3684 415 3770 quod
447 3686 499 3750 vel
531 3688 602 3772 ipso
633 3685 767 3750 nomine
798 3677 1008 3769 patriarchae
1040 3683 1246 3746 oecumenici

129 3777 367 3849 insinuabatur.

215 3925 266 3988 47.
307 3923 405 4004 Quod
429 3927 564 3991 demum
588 3926 631 3991 ad
656 3925 835 3990 dictionem
859 3923 997 3988 latinam
1022 3943 1106 4008 quae
1131 3923 1166 3986 in
1189 3920 1245 3986 illo

134 4012 333 4086 Constantini
361 4023 471 4088 edicto
502 4026 673 4088 invenitur
703 4025 835 4104 attinet,
875 4021 917 4086 ad
950 4022 1163 4106 graecismus,
1201 4023 1246 4088 ad

135 4110 231 4180 sontes
254 4119 374 4206 quibus
398 4145 476 4186 usus
500 4132 550 4187 est
571 4132 696 4204 auctor,
728 4121 772 4186 ad
796 4119 978 4206 diplomata
1001 4119 1245 4205 Imperatorum

136 4219 166 4274 et
177 4212 367 4283 Pontificum
392 4241 531 4306 quorum
555 4220 714 4289 formulas
738 4219 887 4290 imitatus
910 4229 968 4302 est,
992 4217 1078 4286 nihil
1101 4226 1135 4288 in
1153 4219 1245 4286 hisce
