2832 4844
389 451 494 508 Blectio
512 451 646 508 Bonifatii
664 451 741 508 vni.
1098 453 1116 508 9

29 595 106 660 Pater
124 596 275 662 Bonifatii
299 597 363 662 fnit
386 595 573 662 Luitfridus
598 593 760 680 Oajetani‚
792 607 897 661 mater
920 596 1043 662 Emilia
1074 618 1116 660 ex

28 694 128 760 familia
149 697 304 760 comitum
328 695 572 780 Segniensinm.
627 693 726 760 Unde
753 696 883 780 magnis
912 693 976 760 illis
1005 694 1115 760 Ponti·

28 791 121 856 ficibus
141 793 331 858 Innocentio
356 793 418 874 ΙΙΙ,
445 791 606 878 Gregorio
629 791 693 870 IX,
718 791 911 858 Alexandro
935 791 994 874 lV,
1018 791 1117 858 Boni·

26 891 103 954 latim
123 890 264 956 familiae
287 883 484 958 necessitate
503 892 642 976 junctus
666 901 746 954 erat.
798 891 837 956 In
870 891 1006 954 civitate
1030 889 1115 954 Tudi

25 1003 102 1073 atque
123 992 174 1070 (ut
194 988 339 1070 videbar)
370 989 506 1054 Parisiis
530 988 640 1054 studia
658 988 745 1073 juris
769 990 922 1054 canonici
953 998 1024 1054 erat
1046 1008 1115 1073 pro·

24 1097 140 1166 suetus,
165 1089 377 1154 canonicatus
399 1109 439 1152 ac
463 1085 626 1152 beneficia
651 1086 728 1152 dein
744 1087 930 1170 Anagniae,
958 1085 1115 1171 Lugduni

23 1199 46 1244 et
64 1182 133 1248 alibi
155 1195 345 1272 acceperat3
370 1182 431 1248 sub
455 1185 651 1250 Innocentio
675 1184 724 1281 lV
754 1185 816 1248 fuit
840 1187 987 1250 notarius
1011 1187 1115 1270 ponti-

24 1279 97 1344 icius
125 1291 157 1346 et
187 1284 371 1348 consistorii
404 1281 603 1363 advocatus,
634 1281 822 1349 Cardinalis
847 1283 1018 1354 Diaconos
1053 1283 1115 1348 sub

24 1377 140 1444 llartino
166 1379 229 1461 IV,
259 1379 438 1464 Presbyter
469 1401 547 1444 vero
579 1379 768 1447 Cardinelis
799 1381 861 1446 sub
894 1381 1030 1448 Nicolao
1054 1381 1114 1464 IV,

23 1478 64 1558 qui
84 1489 112 1539 et
134 1477 234 1542 multa
258 1479 390 1562 negotia
405 1477 557 1544 difficilia
577 1499 617 1542 ac
632 1477 814 1563 legationes
829 1481 890 1564 ipsi
908 1481 1115 1562 commisit.¹)

94 1575 139 1638 10.
163 1576 341 1662 Postquam
366 1581 404 1642 et
429 1578 649 1656 narravimus,
674 1599 759 1662 quae
784 1567 961 1644 Coelestini
986 1577 1115 1663 pontifi·
1134 1557 1275 1668 ,22⁰2ssssssss

23 1685 119 1750 ratum,
142 1673 387 1738 abdicationem
411 1684 444 1739 et
467 1673 626 1740 Bonifatii
656 1674 852 1740 electionem
876 1685 1036 1760 spectant,
1061 1698 1115 1760 op
1158 1683 1250 1721 dumus·

24 1781 174 1852 munuum
197 1773 260 1836 erit
283 1793 541 1836 commemorare
565 1773 793 1838 accusationes
817 1795 902 1860 quae
926 1775 961 1838 in
984 1774 1116 1840 Bonifa-

23 1869 84 1930 tium
106 1869 211 1953 quoad
237 1869 320 1934 baec
343 1879 500 1955 congesta
524 1869 667 1940 fuerunt.
707 1870 822 1955 Ipsum
846 1871 1004 1936 videlicet
1027 1871 1117 1938 dixe·

22 1979 78 2028 runt
99 1968 221 2051 ingenti
246 1965 427 2032 ambitione
453 1977 588 2048 motum,
617 1967 763 2033 inhiasse
786 1969 988 2054 acquirendo
1012 1972 1118 2054 ponti·

22 2063 119 2130 icatui.
157 2066 248 2132 Hinc
271 2087 347 2130 eum
364 2068 538 2151 instigasse
554 2065 778 2132 Caelestinum
802 2068 846 2132 ad
860 2066 1117 2149 abdicationem,

21 2159 144 2248 adeoque
168 2166 239 2228 viro
264 2174 377 2230 sancto
402 2173 435 2230 et
458 2164 601 2249 simplici
634 2165 816 2238 fraudibus,
831 2174 864 2230 ct
887 2163 960 2232 dolo
985 2187 1117 2251 persua·

22 2261 176 2335 essenon
201 2271 328 2329 tentum
354 2264 523 2328 communi
546 2262 719 2330 hominum
737 2265 958 2349 persuasione,
984 2263 1042 2328 sed
1064 2286 1116 2326 su-

21 2360 109 2438 pernis
135 2361 235 2427 etiam
265 2359 564 2445 significationibus
596 2361 736 2443 ostendi,
769 2383 846 2426 eum
876 2361 919 2426 ad
951 2359 1116 2429 dimitten-

21 2453 80 2520 dum
102 2458 331 2542 pontificatum
355 2459 470 2539 teneri,
505 2479 546 2524 ne
571 2459 723 2526 Ecclesia
746 2459 788 2524 ob
812 2461 883 2544 ejus
915 2460 1115 2544 imperitiam

21 2553 245 2634 periclitaretur.
292 2556 380 2620 Dein
404 2578 483 2628 vero
507 2555 713 2622 Bonifatium
745 2579 804 2642 per
833 2558 982 2624 favorem
1006 2554 1116 2624 Caroli

21 2653 93 2732 regis,
116 2655 181 2718 imo
207 2655 388 2721 simoniaca
420 2657 631 2740 corruptione
655 2655 852 2739 dignitatem
877 2675 1040 2722 suminam
1064 2677 1114 2720 ac-

20 2751 179 2830 quisivisse.
207 2789 250 2800 -·-
283 2751 380 2818 Unde
403 2752 566 2838 ejusmodi
590 2754 818 2818 accusationes
842 2753 992 2840 aliaeque
1015 2754 1116 2816 etiam

20 2850 163 2920 rariores
197 2852 359 2935 originem
394 2849 573 2916 habuerint
604 2851 744 2916 inferius
777 2851 982 2932 videbimus;
1020 2849 1116 2916 modo

18 2943 49 3006 ad
68 2967 117 3010 eas
138 2947 340 3034 rejiciendas
371 2947 454 3012 baec
484 2947 659 3015 advertere
690 2949 823 3014 suflicit.
877 2948 1117 3014 Accusationes

19 3041 81 3106 istae
97 3045 166 3129 jam
191 3070 235 3110 ex
258 3045 397 3132 cimici
428 3067 527 3132 quam
553 3048 786 3132 proposuimus
816 3058 972 3131 pastorum
1001 3067 1115 3110 uarro·

18 3137 82 3202 tiarae
103 3143 297 3208 refutantur.
343 3144 398 3210 Ex
421 3144 539 3212 eadem
555 3147 645 3210 enim
670 3145 881 3213 manifestum
905 3155 964 3222 est,
989 3166 1115 3225 revera,

18 3238 131 3304 testibus
154 3243 288 3306 coaevis
305 3242 507 3325 auctoribus,
532 3243 564 3312 S.
584 3241 808 3310 Coelestiuum
833 3244 962 3308 muneri
987 3263 1115 3309 summo

18 3337 137 3412 gerendo
160 3338 252 3404 haud
277 3339 379 3404 fuisse
401 3341 570 3422 idoneum,
596 3341 835 3427 depositionem
867 3341 976 3406 oneris
1006 3341 1115 3425 ipsum

20 3431 208 3502 vehementer
232 3437 447 3521 desiderasse,
471 3441 751 3525 gravissimasque
775 3442 804 3506 ei
829 3441 930 3506 fuisse
961 3440 1114 3504 rationes.

20 3526 59 3592 Ab
79 3531 238 3600 historicis
267 3547 378 3603 autem
412 3535 479 3604 fide
502 3536 624 3620 dignis,
654 3537 794 3602 testibus
814 3535 954 3602 oculatis
976 3546 1007 3600 et
1031 3535 1116 3598 auri·

19 3627 49 3690 tis
66 3653 100 3693 ac
122 3632 310 3700 Coelestiuo
332 3634 579 3716 addictissimis,
608 3634 722 3720 quales
745 3635 880 3702 fuerunt
902 3632 1050 3702 Jacobus
1074 3632 1115 3700 de

19 3721 234 3810 Stephanescbi
267 3742 300 3796 et
330 3731 521 3798 Ptolomeus
544 3733 715 3812 Lucensis,
746 3733 834 3798 facta
859 3735 905 3798 ita
929 3741 1115 3812 narrantur,

20 3827 141 3891 utnulla
165 3831 199 3894 in
225 3829 429 3894 Bonifatium
465 3832 632 3895 accusatio
656 3831 790 3911 feratur,
827 3834 893 3895 imo
925 3841 960 3893 ut
994 3837 1114 3916 pateat,

20 3921 115 3988 nullius
136 3926 265 3992 fraudis
278 3949 364 3992 eum
388 3931 482 4012 argui
507 3951 613 4015 posse.

31 4097 204 4114 ''fl-Q.—

78 4225 94 4294 ¹)
111 4227 163 4282 cfr.
182 4229 260 4283 Tosti
279 4227 309 4283 T.
329 4229 350 4283 1.
371 4245 395 4297 p.
407 4227 521 4285 29-78.
