<?xml version="1.0" encoding="UTF-8"?>
<!DOCTYPE html PUBLIC "-//W3C//DTD XHTML 1.0 Transitional//EN"
    "http://www.w3.org/TR/xhtml1/DTD/xhtml1-transitional.dtd">
<html xmlns="http://www.w3.org/1999/xhtml" xml:lang="en" lang="en">
 <head>
  <title>
</title>
<meta http-equiv="Content-Type" content="text/html;charset=utf-8" />
  <meta name='ocr-system' content='tesseract 3.04.00' />
  <meta name='ocr-capabilities' content='ocr_page ocr_carea ocr_par ocr_line ocrx_word'/>
</head>
<body>
  <div class='ocr_page' id='page_1' title='image "./dissertationess00junggoog_0197.png"; bbox 0 0 2858 4834; ppageno 0'>
   <div class='ocr_carea' id='block_1_1' title="bbox 299 503 1181 562">
    <p class='ocr_par' dir='ltr' id='par_1_1' title="bbox 299 503 1181 562">
     <span class='ocr_line' id='line_1_1' title="bbox 299 503 1181 562; baseline -0.003 -1"><span class='ocrx_word' id='word_1_1' title='bbox 299 509 350 562; x_wconf 74' lang='lat' dir='ltr'>tet</span> <span class='ocrx_word' id='word_1_2' title='bbox 530 505 614 559; x_wconf 80' lang='lat' dir='ltr'>XXV.</span> <span class='ocrx_word' id='word_1_3' title='bbox 635 506 674 558; x_wconf 88' lang='lat' dir='ltr'>De</span> <span class='ocrx_word' id='word_1_4' title='bbox 694 521 813 558; x_wconf 76' lang='lat' dir='ltr'>sarisas.</span> <span class='ocrx_word' id='word_1_5' title='bbox 834 503 951 557; x_wconf 76' lang='lat' dir='ltr'>Thomna</span> <span class='ocrx_word' id='word_1_6' title='bbox 970 503 1181 558; x_wconf 64' lang='lat' dir='ltr'>(lectuariansis.</span> 
     </span>
    </p>
   </div>
   <div class='ocr_carea' id='block_1_2' title="bbox 124 646 1419 4361">
    <p class='ocr_par' dir='ltr' id='par_1_2' title="bbox 124 646 1419 3864">
     <span class='ocr_line' id='line_1_2' title="bbox 124 646 1412 732; baseline -0.003 -17"><span class='ocrx_word' id='word_1_7' title='bbox 124 653 287 702; x_wconf 47' lang='lat' dir='ltr'>‘&#39;⁸⁸⁸³&#39;&#39;sp</span> <span class='ocrx_word' id='word_1_8' title='bbox 341 657 343 662; x_wconf 86' lang='lat'>&#39;</span> <span class='ocrx_word' id='word_1_9' title='bbox 388 651 441 714; x_wconf 75' lang='lat'>29.</span> <span class='ocrx_word' id='word_1_10' title='bbox 489 651 566 713; x_wconf 88' lang='lat' dir='ltr'>Post</span> <span class='ocrx_word' id='word_1_11' title='bbox 589 649 671 713; x_wconf 88' lang='lat' dir='ltr'>haec</span> <span class='ocrx_word' id='word_1_12' title='bbox 695 649 829 712; x_wconf 80' lang='lat' dir='ltr'>seorsim</span> <span class='ocrx_word' id='word_1_13' title='bbox 854 646 1045 710; x_wconf 80' lang='lat' dir='ltr'><strong>sedentibus</strong></span> <span class='ocrx_word' id='word_1_14' title='bbox 1078 648 1252 732; x_wconf 85' lang='lat' dir='ltr'>episeopis,</span> <span class='ocrx_word' id='word_1_15' title='bbox 1286 651 1412 712; x_wconf 81' lang='lat' dir='ltr'>comites</span> 
     </span>
     <span class='ocr_line' id='line_1_3' title="bbox 180 726 1411 830; baseline -0.004 -17"><span class='ocrx_word' id='word_1_16' title='bbox 180 726 237 755; x_wconf 43' lang='grc' dir='ltr'>’.θ’</span> <span class='ocrx_word' id='word_1_17' title='bbox 300 759 332 812; x_wconf 88' lang='lat' dir='ltr'>et</span> <span class='ocrx_word' id='word_1_18' title='bbox 348 749 488 812; x_wconf 86' lang='lat' dir='ltr'>barones</span> <span class='ocrx_word' id='word_1_19' title='bbox 511 747 657 812; x_wconf 88' lang='lat' dir='ltr'>tribunal</span> <span class='ocrx_word' id='word_1_20' title='bbox 682 767 793 810; x_wconf 90' lang='lat' dir='ltr'>coram</span> <span class='ocrx_word' id='word_1_21' title='bbox 818 767 883 830; x_wconf 91' lang='lat' dir='ltr'>quo</span> <span class='ocrx_word' id='word_1_22' title='bbox 902 744 1108 830; x_wconf 87' lang='lat' dir='ltr'>judicandus</span> <span class='ocrx_word' id='word_1_23' title='bbox 1133 755 1218 808; x_wconf 90' lang='lat' dir='ltr'>esset</span> <span class='ocrx_word' id='word_1_24' title='bbox 1234 769 1259 809; x_wconf 92' lang='lat' dir='ltr'>s.</span> <span class='ocrx_word' id='word_1_25' title='bbox 1276 746 1411 810; x_wconf 75' lang='lat' dir='ltr'>Thomas</span> 
     </span>
     <span class='ocr_line' id='line_1_4' title="bbox 298 843 1411 929; baseline -0.003 -19"><span class='ocrx_word' id='word_1_26' title='bbox 298 848 496 910; x_wconf 88' lang='lat' dir='ltr'>constituere</span> <span class='ocrx_word' id='word_1_27' title='bbox 520 849 591 908; x_wconf 90' lang='lat' dir='ltr'>ausi</span> <span class='ocrx_word' id='word_1_28' title='bbox 616 857 702 924; x_wconf 85' lang='lat' dir='ltr'>sunt,</span> <span class='ocrx_word' id='word_1_29' title='bbox 728 867 767 908; x_wconf 91' lang='lat' dir='ltr'>ac</span> <span class='ocrx_word' id='word_1_30' title='bbox 791 845 916 929; x_wconf 89' lang='lat' dir='ltr'>primus</span> <span class='ocrx_word' id='word_1_31' title='bbox 938 865 1053 906; x_wconf 89' lang='lat' dir='ltr'>eorum</span> <span class='ocrx_word' id='word_1_32' title='bbox 1078 843 1241 908; x_wconf 78' lang='lat' dir='ltr'>liebertus</span> <span class='ocrx_word' id='word_1_33' title='bbox 1258 845 1411 908; x_wconf 88' lang='lat' dir='ltr'>Leiceste-</span> 
     </span>
     <span class='ocr_line' id='line_1_5' title="bbox 296 939 1409 1028; baseline -0.003 -21"><span class='ocrx_word' id='word_1_34' title='bbox 296 946 401 1007; x_wconf 89' lang='lat' dir='ltr'>rensis</span> <span class='ocrx_word' id='word_1_35' title='bbox 425 945 487 1028; x_wconf 87' lang='lat' dir='ltr'>ipsi</span> <span class='ocrx_word' id='word_1_36' title='bbox 512 944 599 1026; x_wconf 84' lang='lat' dir='ltr'>regis</span> <span class='ocrx_word' id='word_1_37' title='bbox 623 941 817 1005; x_wconf 90' lang='lat' dir='ltr'>mandatum</span> <span class='ocrx_word' id='word_1_38' title='bbox 844 939 884 1004; x_wconf 92' lang='lat' dir='ltr'>de</span> <span class='ocrx_word' id='word_1_39' title='bbox 908 939 1093 1004; x_wconf 86' lang='lat' dir='ltr'>rationibus</span> <span class='ocrx_word' id='word_1_40' title='bbox 1118 941 1299 1006; x_wconf 82' lang='lat' dir='ltr'>reddendis</span> <span class='ocrx_word' id='word_1_41' title='bbox 1323 945 1409 1024; x_wconf 84' lang='lat' dir='ltr'>signi·</span> 
     </span>
     <span class='ocr_line' id='line_1_6' title="bbox 297 1038 1411 1126; baseline 0 -22"><span class='ocrx_word' id='word_1_42' title='bbox 297 1043 420 1120; x_wconf 81' lang='lat' dir='ltr'>tieavit,</span> <span class='ocrx_word' id='word_1_43' title='bbox 445 1039 590 1126; x_wconf 90' lang='lat' dir='ltr'>alioquin</span> <span class='ocrx_word' id='word_1_44' title='bbox 615 1038 786 1104; x_wconf 83' lang='lat' dir='ltr'>serendam</span> <span class='ocrx_word' id='word_1_45' title='bbox 811 1041 844 1102; x_wconf 92' lang='lat' dir='ltr'>in</span> <span class='ocrx_word' id='word_1_46' title='bbox 870 1041 978 1124; x_wconf 89' lang='lat' dir='ltr'>ipsum</span> <span class='ocrx_word' id='word_1_47' title='bbox 1003 1060 1074 1102; x_wconf 88' lang='lat' dir='ltr'>esse</span> <span class='ocrx_word' id='word_1_48' title='bbox 1090 1041 1300 1105; x_wconf 84' lang='lat' dir='ltr'>sententiam.</span> <span class='ocrx_word' id='word_1_49' title='bbox 1333 1041 1411 1104; x_wconf 84' lang='lat' dir='ltr'>Idse</span> 
     </span>
     <span class='ocr_line' id='line_1_7' title="bbox 296 1135 1410 1222; baseline -0.002 -20"><span class='ocrx_word' id='word_1_50' title='bbox 296 1139 461 1202; x_wconf 85' lang='lat' dir='ltr'>facturum</span> <span class='ocrx_word' id='word_1_51' title='bbox 478 1141 615 1221; x_wconf 82' lang='lat' dir='ltr'>negavit</span> <span class='ocrx_word' id='word_1_52' title='bbox 637 1138 918 1222; x_wconf 74' lang='lat' dir='ltr'>archiepiscopus,</span> <span class='ocrx_word' id='word_1_53' title='bbox 943 1135 1031 1222; x_wconf 90' lang='lat' dir='ltr'>quod</span> <span class='ocrx_word' id='word_1_54' title='bbox 1048 1135 1218 1202; x_wconf 89' lang='lat' dir='ltr'>electionis</span> <span class='ocrx_word' id='word_1_55' title='bbox 1245 1161 1326 1203; x_wconf 89' lang='lat' dir='ltr'>suae</span> <span class='ocrx_word' id='word_1_56' title='bbox 1343 1151 1410 1202; x_wconf 83' lang='lat' dir='ltr'>tanr-</span> 
     </span>
     <span class='ocr_line' id='line_1_8' title="bbox 298 1232 1412 1321; baseline -0.002 -21"><span class='ocrx_word' id='word_1_57' title='bbox 298 1258 375 1321; x_wconf 94' lang='lat' dir='ltr'>pore</span> <span class='ocrx_word' id='word_1_58' title='bbox 399 1237 441 1300; x_wconf 92' lang='lat' dir='ltr'>ab</span> <span class='ocrx_word' id='word_1_59' title='bbox 466 1238 555 1300; x_wconf 87' lang='lat' dir='ltr'>omni</span> <span class='ocrx_word' id='word_1_60' title='bbox 580 1234 782 1318; x_wconf 82' lang='lat' dir='ltr'>obligatione</span> <span class='ocrx_word' id='word_1_61' title='bbox 806 1232 921 1298; x_wconf 88' lang='lat' dir='ltr'>curiali</span> <span class='ocrx_word' id='word_1_62' title='bbox 937 1234 1052 1298; x_wconf 89' lang='lat' dir='ltr'>fuisset</span> <span class='ocrx_word' id='word_1_63' title='bbox 1068 1233 1247 1318; x_wconf 87' lang='lat' dir='ltr'>absolutus,</span> <span class='ocrx_word' id='word_1_64' title='bbox 1275 1235 1412 1300; x_wconf 85' lang='lat' dir='ltr'>Henriro</span> 
     </span>
     <span class='ocr_line' id='line_1_9' title="bbox 299 1327 1410 1420; baseline 0 -22"><span class='ocrx_word' id='word_1_65' title='bbox 299 1337 446 1420; x_wconf 85' lang='lat' dir='ltr'>principe</span> <span class='ocrx_word' id='word_1_66' title='bbox 471 1336 557 1418; x_wconf 87' lang='lat' dir='ltr'>regis</span> <span class='ocrx_word' id='word_1_67' title='bbox 581 1332 648 1398; x_wconf 86' lang='lat' dir='ltr'>lilio</span> <span class='ocrx_word' id='word_1_68' title='bbox 673 1344 705 1396; x_wconf 93' lang='lat' dir='ltr'>et</span> <span class='ocrx_word' id='word_1_69' title='bbox 729 1335 819 1416; x_wconf 84' lang='lat' dir='ltr'>regni</span> <span class='ocrx_word' id='word_1_70' title='bbox 846 1327 993 1396; x_wconf 48' lang='lat' dir='ltr'>haerede*</span> <span class='ocrx_word' id='word_1_71' title='bbox 1012 1333 1047 1396; x_wconf 93' lang='lat' dir='ltr'>id</span> <span class='ocrx_word' id='word_1_72' title='bbox 1064 1333 1172 1418; x_wconf 86' lang='lat' dir='ltr'>palam</span> <span class='ocrx_word' id='word_1_73' title='bbox 1191 1333 1410 1398; x_wconf 70' lang='lat' dir='ltr'>denuntiante.</span> 
     </span>
     <span class='ocr_line' id='line_1_10' title="bbox 297 1429 1409 1517; baseline -0.003 -20"><span class='ocrx_word' id='word_1_74' title='bbox 297 1434 430 1498; x_wconf 91' lang='lat' dir='ltr'>nomine</span> <span class='ocrx_word' id='word_1_75' title='bbox 455 1446 487 1497; x_wconf 88' lang='lat' dir='ltr'>et</span> <span class='ocrx_word' id='word_1_76' title='bbox 510 1433 667 1496; x_wconf 89' lang='lat' dir='ltr'>mandato</span> <span class='ocrx_word' id='word_1_77' title='bbox 699 1432 809 1517; x_wconf 89' lang='lat' dir='ltr'>patris.</span> <span class='ocrx_word' id='word_1_78' title='bbox 857 1431 944 1494; x_wconf 83' lang='lat' dir='ltr'>Tum</span> <span class='ocrx_word' id='word_1_79' title='bbox 969 1432 1020 1494; x_wconf 90' lang='lat' dir='ltr'>vir</span> <span class='ocrx_word' id='word_1_80' title='bbox 1044 1429 1241 1494; x_wconf 89' lang='lat' dir='ltr'>fortissimus</span> <span class='ocrx_word' id='word_1_81' title='bbox 1265 1436 1409 1496; x_wconf 83' lang='lat' dir='ltr'>comiteur</span> 
     </span>
     <span class='ocr_line' id='line_1_11' title="bbox 298 1527 1411 1616; baseline -0.005 -20"><span class='ocrx_word' id='word_1_82' title='bbox 298 1533 349 1596; x_wconf 90' lang='lat' dir='ltr'>bis</span> <span class='ocrx_word' id='word_1_83' title='bbox 373 1531 483 1596; x_wconf 87' lang='lat' dir='ltr'>verbis</span> <span class='ocrx_word' id='word_1_84' title='bbox 516 1529 744 1616; x_wconf 87' lang='lat' dir='ltr'>compellavit:</span> <span class='ocrx_word' id='word_1_85' title='bbox 786 1527 912 1601; x_wconf 74' lang='lat' dir='ltr'>Quanto</span> <span class='ocrx_word' id='word_1_86' title='bbox 953 1529 1080 1614; x_wconf 75' lang='lat' dir='ltr'>diprrior</span> <span class='ocrx_word' id='word_1_87' title='bbox 1113 1540 1158 1592; x_wconf 86' lang='lat' dir='ltr'>cst</span> <span class='ocrx_word' id='word_1_88' title='bbox 1189 1533 1301 1593; x_wconf 75' lang='lat' dir='ltr'>aalma</span> <span class='ocrx_word' id='word_1_89' title='bbox 1331 1557 1411 1616; x_wconf 62' lang='lat' dir='ltr'>qinom</span> 
     </span>
     <span class='ocr_line' id='line_1_12' title="bbox 298 1627 1410 1716; baseline -0.004 -23"><span class='ocrx_word' id='word_1_90' title='bbox 298 1653 420 1716; x_wconf 76' lang='lat' dir='ltr'>corpas,</span> <span class='ocrx_word' id='word_1_91' title='bbox 455 1640 543 1691; x_wconf 83' lang='lat' dir='ltr'>tuate</span> <span class='ocrx_word' id='word_1_92' title='bbox 568 1629 667 1711; x_wconf 76' lang='lat' dir='ltr'>mapis</span> <span class='ocrx_word' id='word_1_93' title='bbox 691 1629 758 1690; x_wconf 89' lang='lat' dir='ltr'>Deo</span> <span class='ocrx_word' id='word_1_94' title='bbox 784 1639 812 1688; x_wconf 86' lang='lat' dir='ltr'>et</span> <span class='ocrx_word' id='word_1_95' title='bbox 836 1628 913 1688; x_wconf 76' lang='lat' dir='ltr'>miti</span> <span class='ocrx_word' id='word_1_96' title='bbox 937 1629 1052 1690; x_wconf 79' lang='lat' dir='ltr'>terteris</span> <span class='ocrx_word' id='word_1_97' title='bbox 1076 1627 1212 1708; x_wconf 82' lang='lat' dir='ltr'>obedire,</span> <span class='ocrx_word' id='word_1_98' title='bbox 1244 1652 1340 1713; x_wconf 83' lang='lat' dir='ltr'>quam</span> <span class='ocrx_word' id='word_1_99' title='bbox 1363 1641 1410 1692; x_wconf 85' lang='lat' dir='ltr'>ter-</span> 
     </span>
     <span class='ocr_line' id='line_1_13' title="bbox 299 1725 1413 1816; baseline -0.003 -27"><span class='ocrx_word' id='word_1_100' title='bbox 299 1751 372 1791; x_wconf 75' lang='lat' dir='ltr'>reno</span> <span class='ocrx_word' id='word_1_101' title='bbox 397 1729 472 1812; x_wconf 80' lang='lat' dir='ltr'>rapi.</span> <span class='ocrx_word' id='word_1_102' title='bbox 509 1728 576 1791; x_wconf 87' lang='lat' dir='ltr'>Nec</span> <span class='ocrx_word' id='word_1_103' title='bbox 601 1727 653 1788; x_wconf 77' lang='lat' dir='ltr'>lea:</span> <span class='ocrx_word' id='word_1_104' title='bbox 677 1749 732 1788; x_wconf 24' lang='lat' dir='ltr'>triac</span> <span class='ocrx_word' id='word_1_105' title='bbox 755 1726 840 1787; x_wconf 83' lang='lat' dir='ltr'>ratio</span> <span class='ocrx_word' id='word_1_106' title='bbox 860 1727 1028 1809; x_wconf 81' lang='lat' dir='ltr'>perrnittt&#39;t,</span> <span class='ocrx_word' id='word_1_107' title='bbox 1052 1737 1086 1788; x_wconf 84' lang='lat' dir='ltr'>ut</span> <span class='ocrx_word' id='word_1_108' title='bbox 1100 1725 1170 1808; x_wconf 74' lang='lat' dir='ltr'>fila·</span> <span class='ocrx_word' id='word_1_109' title='bbox 1187 1737 1319 1810; x_wconf 81' lang='lat' dir='ltr'>patrem</span> <span class='ocrx_word' id='word_1_110' title='bbox 1334 1727 1413 1816; x_wconf 81' lang='lat' dir='ltr'>judi-</span> 
     </span>
     <span class='ocr_line' id='line_1_14' title="bbox 298 1823 1412 1909; baseline -0.003 -21"><span class='ocrx_word' id='word_1_111' title='bbox 298 1837 365 1888; x_wconf 71' lang='lat' dir='ltr'>cent</span> <span class='ocrx_word' id='word_1_112' title='bbox 390 1825 437 1888; x_wconf 74' lang='lat' dir='ltr'>ccl</span> <span class='ocrx_word' id='word_1_113' title='bbox 460 1825 672 1890; x_wconf 74' lang='lat' dir='ltr'>condemnent.</span> <span class='ocrx_word' id='word_1_114' title='bbox 724 1823 813 1886; x_wconf 83' lang='lat' dir='ltr'>Uada</span> <span class='ocrx_word' id='word_1_115' title='bbox 846 1825 941 1909; x_wconf 78' lang='lat' dir='ltr'>repis,</span> <span class='ocrx_word' id='word_1_116' title='bbox 975 1835 1060 1886; x_wconf 85' lang='lat' dir='ltr'>tuum</span> <span class='ocrx_word' id='word_1_117' title='bbox 1084 1835 1112 1885; x_wconf 88' lang='lat' dir='ltr'>ct</span> <span class='ocrx_word' id='word_1_118' title='bbox 1136 1824 1274 1888; x_wconf 81' lang='lat' dir='ltr'>alio-rum</span> <span class='ocrx_word' id='word_1_119' title='bbox 1300 1825 1412 1888; x_wconf 77' lang='lat' dir='ltr'>declino</span> 
     </span>
     <span class='ocr_line' id='line_1_15' title="bbox 291 1921 1414 2013; baseline -0.001 -28"><span class='ocrx_word' id='word_1_120' title='bbox 291 1925 458 2013; x_wconf 79' lang='lat' dir='ltr'>judiciam,</span> <span class='ocrx_word' id='word_1_121' title='bbox 491 1923 545 1986; x_wconf 79' lang='lat' dir='ltr'>aab</span> <span class='ocrx_word' id='word_1_122' title='bbox 570 1924 637 1986; x_wconf 84' lang='lat' dir='ltr'>Deo</span> <span class='ocrx_word' id='word_1_123' title='bbox 669 1921 735 1986; x_wconf 87' lang='lat' dir='ltr'>solo</span> <span class='ocrx_word' id='word_1_124' title='bbox 769 1945 789 1982; x_wconf 91' lang='lat' dir='ltr'>a</span> <span class='ocrx_word' id='word_1_125' title='bbox 817 1921 944 1984; x_wconf 81' lang='lat' dir='ltr'>domino</span> <span class='ocrx_word' id='word_1_126' title='bbox 979 1921 1070 2006; x_wconf 61' lang='lat' dir='ltr'>Palm</span> <span class='ocrx_word' id='word_1_127' title='bbox 1094 1921 1305 2010; x_wconf 82' lang='lat' dir='ltr'>judicandus,</span> <span class='ocrx_word' id='word_1_128' title='bbox 1336 1928 1414 2012; x_wconf 80' lang='lat' dir='ltr'>cujus</span> 
     </span>
     <span class='ocr_line' id='line_1_16' title="bbox 298 2017 1411 2104; baseline -0.002 -20"><span class='ocrx_word' id='word_1_129' title='bbox 298 2046 402 2084; x_wconf 82' lang='lat' dir='ltr'>coram</span> <span class='ocrx_word' id='word_1_130' title='bbox 426 2017 567 2084; x_wconf 59' lang='lat' dir='ltr'>‘rataldus</span> <span class='ocrx_word' id='word_1_131' title='bbox 590 2020 676 2084; x_wconf 82' lang='lat' dir='ltr'>cobis</span> <span class='ocrx_word' id='word_1_132' title='bbox 695 2020 913 2104; x_wconf 81' lang='lat' dir='ltr'>praesentia-m</span> <span class='ocrx_word' id='word_1_133' title='bbox 938 2017 1075 2104; x_wconf 84' lang='lat' dir='ltr'>appello,</span> <span class='ocrx_word' id='word_1_134' title='bbox 1101 2019 1231 2083; x_wconf 81' lang='lat' dir='ltr'>ecclesia</span> <span class='ocrx_word' id='word_1_135' title='bbox 1251 2018 1411 2084; x_wconf 78' lang='lat' dir='ltr'>Carrtoari-</span> 
     </span>
     <span class='ocr_line' id='line_1_17' title="bbox 298 2117 1419 2202; baseline -0.002 -22"><span class='ocrx_word' id='word_1_136' title='bbox 298 2123 375 2198; x_wconf 81' lang='lat' dir='ltr'>eust&#39;,</span> <span class='ocrx_word' id='word_1_137' title='bbox 400 2120 510 2182; x_wconf 82' lang='lat' dir='ltr'>ordine</span> <span class='ocrx_word' id='word_1_138' title='bbox 534 2131 563 2180; x_wconf 87' lang='lat' dir='ltr'>ot</span> <span class='ocrx_word' id='word_1_139' title='bbox 587 2119 741 2202; x_wconf 64' lang='lat' dir='ltr'>(lignitate</span> <span class='ocrx_word' id='word_1_140' title='bbox 765 2139 844 2198; x_wconf 83' lang='lat' dir='ltr'>mea,</span> <span class='ocrx_word' id='word_1_141' title='bbox 869 2141 937 2180; x_wconf 83' lang='lat' dir='ltr'>cunt</span> <span class='ocrx_word' id='word_1_142' title='bbox 960 2118 1004 2180; x_wconf 85' lang='lat' dir='ltr'>ad</span> <span class='ocrx_word' id='word_1_143' title='bbox 1020 2139 1088 2180; x_wconf 86' lang='lat' dir='ltr'>eam</span> <span class='ocrx_word' id='word_1_144' title='bbox 1105 2119 1344 2202; x_wconf 78' lang='lat' dir='ltr'>pcrtinentibus</span> <span class='ocrx_word' id='word_1_145' title='bbox 1366 2117 1419 2181; x_wconf 80' lang='lat' dir='ltr'>sal</span> 
     </span>
     <span class='ocr_line' id='line_1_18' title="bbox 299 2215 1413 2304; baseline 0.001 -24"><span class='ocrx_word' id='word_1_146' title='bbox 299 2219 362 2280; x_wconf 82' lang='lat' dir='ltr'>Dei</span> <span class='ocrx_word' id='word_1_147' title='bbox 392 2228 421 2280; x_wconf 88' lang='lat' dir='ltr'>et</span> <span class='ocrx_word' id='word_1_148' title='bbox 454 2241 512 2282; x_wconf 85' lang='lat' dir='ltr'>saa</span> <span class='ocrx_word' id='word_1_149' title='bbox 532 2218 727 2304; x_wconf 79' lang='lat' dir='ltr'>protectione</span> <span class='ocrx_word' id='word_1_150' title='bbox 757 2217 874 2302; x_wconf 83' lang='lat' dir='ltr'>positis</span> <span class='ocrx_word' id='word_1_151' title='bbox 933 2215 1148 2279; x_wconf 75' lang='lat' dir='ltr'>Nihilominus</span> <span class='ocrx_word' id='word_1_152' title='bbox 1173 2217 1205 2296; x_wconf 85' lang='lat' dir='ltr'>(i.</span> <span class='ocrx_word' id='word_1_153' title='bbox 1231 2239 1258 2279; x_wconf 90' lang='lat' dir='ltr'>e.</span> <span class='ocrx_word' id='word_1_154' title='bbox 1286 2215 1413 2302; x_wconf 87' lang='lat' dir='ltr'>pariterl</span> 
     </span>
     <span class='ocr_line' id='line_1_19' title="bbox 301 2314 1413 2401; baseline -0.004 -23"><span class='ocrx_word' id='word_1_155' title='bbox 301 2339 361 2392; x_wconf 84' lang='lat' dir='ltr'>res,</span> <span class='ocrx_word' id='word_1_156' title='bbox 378 2316 506 2401; x_wconf 80' lang='lat' dir='ltr'>fratres</span> <span class='ocrx_word' id='word_1_157' title='bbox 530 2326 559 2377; x_wconf 86' lang='lat' dir='ltr'>et</span> <span class='ocrx_word' id='word_1_158' title='bbox 582 2314 758 2399; x_wconf 66' lang='lat' dir='ltr'>coepiscopi</span> <span class='ocrx_word' id='word_1_159' title='bbox 781 2315 849 2392; x_wconf 79' lang='lat' dir='ltr'>mei,</span> <span class='ocrx_word' id='word_1_160' title='bbox 874 2314 949 2397; x_wconf 81' lang='lat' dir='ltr'>quia</span> <span class='ocrx_word' id='word_1_161' title='bbox 973 2315 1073 2400; x_wconf 71' lang='lat' dir='ltr'>asapia</span> <span class='ocrx_word' id='word_1_162' title='bbox 1096 2314 1214 2376; x_wconf 80' lang='lat' dir='ltr'>bomini</span> <span class='ocrx_word' id='word_1_163' title='bbox 1237 2339 1334 2399; x_wconf 73' lang='lat' dir='ltr'>priam</span> <span class='ocrx_word' id='word_1_164' title='bbox 1357 2315 1413 2376; x_wconf 81' lang='lat' dir='ltr'>[leo</span> 
     </span>
     <span class='ocr_line' id='line_1_20' title="bbox 300 2411 1417 2500; baseline -0.005 -24"><span class='ocrx_word' id='word_1_165' title='bbox 300 2413 442 2490; x_wconf 84' lang='lat' dir='ltr'>obeditis,</span> <span class='ocrx_word' id='word_1_166' title='bbox 477 2413 521 2476; x_wconf 87' lang='lat' dir='ltr'>ad</span> <span class='ocrx_word' id='word_1_167' title='bbox 545 2413 665 2476; x_wconf 81' lang='lat' dir='ltr'>domini</span> <span class='ocrx_word' id='word_1_168' title='bbox 691 2413 796 2497; x_wconf 83' lang='lat' dir='ltr'>Papae</span> <span class='ocrx_word' id='word_1_169' title='bbox 822 2411 1019 2474; x_wconf 80' lang='lat' dir='ltr'>audientiam.</span> <span class='ocrx_word' id='word_1_170' title='bbox 1053 2423 1082 2474; x_wconf 88' lang='lat' dir='ltr'>et</span> <span class='ocrx_word' id='word_1_171' title='bbox 1098 2411 1256 2500; x_wconf 81' lang='lat' dir='ltr'>judic-ium</span> <span class='ocrx_word' id='word_1_172' title='bbox 1282 2437 1365 2489; x_wconf 87' lang='lat' dir='ltr'>voco,</span> <span class='ocrx_word' id='word_1_173' title='bbox 1393 2421 1417 2472; x_wconf 79' lang='lat' dir='ltr'>ct</span> 
     </span>
     <span class='ocr_line' id='line_1_21' title="bbox 299 2509 1415 2596; baseline -0.004 -22"><span class='ocrx_word' id='word_1_174' title='bbox 299 2515 343 2574; x_wconf 80' lang='lat' dir='ltr'>sic</span> <span class='ocrx_word' id='word_1_175' title='bbox 367 2509 537 2574; x_wconf 71' lang='lat' dir='ltr'>‹.·attottcce</span> <span class='ocrx_word' id='word_1_176' title='bbox 564 2509 721 2572; x_wconf 78' lang='lat' dir='ltr'>Ecclesiae</span> <span class='ocrx_word' id='word_1_177' title='bbox 746 2521 781 2572; x_wconf 85' lang='lat' dir='ltr'>et</span> <span class='ocrx_word' id='word_1_178' title='bbox 806 2509 1008 2596; x_wconf 81' lang='lat' dir='ltr'>Apostolicae</span> <span class='ocrx_word' id='word_1_179' title='bbox 1034 2509 1126 2572; x_wconf 74' lang='lat' dir='ltr'>Sedis</span> <span class='ocrx_word' id='word_1_180' title='bbox 1151 2511 1341 2573; x_wconf 81' lang='lat' dir='ltr'>auctoritate</span> <span class='ocrx_word' id='word_1_181' title='bbox 1366 2533 1415 2570; x_wconf 76' lang='lat' dir='ltr'>arn</span> 
     </span>
     <span class='ocr_line' id='line_1_22' title="bbox 299 2605 1416 2692; baseline -0.005 -20"><span class='ocrx_word' id='word_1_182' title='bbox 299 2612 385 2672; x_wconf 69' lang='lat' dir='ltr'>tritus</span> <span class='ocrx_word' id='word_1_183' title='bbox 409 2610 479 2671; x_wconf 73' lang='lat' dir='ltr'>laiac</span> <span class='ocrx_word' id='word_1_184' title='bbox 502 2608 623 2672; x_wconf 84' lang='lat' dir='ltr'>recedo.</span> <span class='ocrx_word' id='word_1_185' title='bbox 649 2645 689 2654; x_wconf 90' lang='lat'><strong>—</strong></span> <span class='ocrx_word' id='word_1_186' title='bbox 715 2605 861 2692; x_wconf 81' lang='lat' dir='ltr'>Reliquit</span> <span class='ocrx_word' id='word_1_187' title='bbox 885 2606 1006 2671; x_wconf 88' lang='lat' dir='ltr'>deinde</span> <span class='ocrx_word' id='word_1_188' title='bbox 1030 2607 1139 2672; x_wconf 89' lang='lat' dir='ltr'>locum</span> <span class='ocrx_word' id='word_1_189' title='bbox 1156 2629 1342 2682; x_wconf 88' lang='lat' dir='ltr'>consessus,</span> <span class='ocrx_word' id='word_1_190' title='bbox 1366 2629 1416 2669; x_wconf 84' lang='lat' dir='ltr'>nec</span> 
     </span>
     <span class='ocr_line' id='line_1_23' title="bbox 299 2705 1418 2790; baseline -0.007 -18"><span class='ocrx_word' id='word_1_191' title='bbox 299 2711 371 2772; x_wconf 71' lang='lat' dir='ltr'>cirisi</span> <span class='ocrx_word' id='word_1_192' title='bbox 397 2717 474 2772; x_wconf 89' lang='lat' dir='ltr'>sunt</span> <span class='ocrx_word' id='word_1_193' title='bbox 498 2730 572 2772; x_wconf 88' lang='lat' dir='ltr'>eum</span> <span class='ocrx_word' id='word_1_194' title='bbox 597 2709 749 2787; x_wconf 89' lang='lat' dir='ltr'>retinere,</span> <span class='ocrx_word' id='word_1_195' title='bbox 776 2705 828 2770; x_wconf 89' lang='lat' dir='ltr'>vel</span> <span class='ocrx_word' id='word_1_196' title='bbox 852 2708 962 2770; x_wconf 89' lang='lat' dir='ltr'>statim</span> <span class='ocrx_word' id='word_1_197' title='bbox 989 2709 1022 2770; x_wconf 93' lang='lat' dir='ltr'>in</span> <span class='ocrx_word' id='word_1_198' title='bbox 1040 2728 1115 2770; x_wconf 93' lang='lat' dir='ltr'>eum</span> <span class='ocrx_word' id='word_1_199' title='bbox 1133 2707 1334 2770; x_wconf 81' lang='lat' dir='ltr'>sententiam</span> <span class='ocrx_word' id='word_1_200' title='bbox 1358 2725 1418 2790; x_wconf 91' lang='lat' dir='ltr'>pro-</span> 
     </span>
     <span class='ocr_line' id='line_1_24' title="bbox 301 2803 1416 2896; baseline -0.005 -26"><span class='ocrx_word' id='word_1_201' title='bbox 301 2807 394 2870; x_wconf 82' lang='lat' dir='ltr'>ferre.</span> <span class='ocrx_word' id='word_1_202' title='bbox 442 2805 569 2869; x_wconf 84' lang='lat' dir='ltr'>Eadem</span> <span class='ocrx_word' id='word_1_203' title='bbox 595 2827 673 2869; x_wconf 85' lang='lat' dir='ltr'>vero</span> <span class='ocrx_word' id='word_1_204' title='bbox 697 2817 803 2885; x_wconf 90' lang='lat' dir='ltr'>nocte,</span> <span class='ocrx_word' id='word_1_205' title='bbox 832 2805 890 2869; x_wconf 76' lang='lat' dir='ltr'>13ii</span> <span class='ocrx_word' id='word_1_206' title='bbox 915 2803 1080 2885; x_wconf 90' lang='lat' dir='ltr'>Octobris,</span> <span class='ocrx_word' id='word_1_207' title='bbox 1105 2803 1292 2896; x_wconf 62' lang='lat' dir='ltr'>ssshomas</span> <span class='ocrx_word' id='word_1_208' title='bbox 1316 2805 1416 2884; x_wconf 74' lang='lat' dir='ltr'>frigam</span> 
     </span>
     <span class='ocr_line' id='line_1_25' title="bbox 302 2901 1418 2992; baseline -0.007 -24"><span class='ocrx_word' id='word_1_209' title='bbox 302 2908 450 2992; x_wconf 89' lang='lat' dir='ltr'>arripuit,</span> <span class='ocrx_word' id='word_1_210' title='bbox 485 2915 516 2968; x_wconf 88' lang='lat' dir='ltr'>et</span> <span class='ocrx_word' id='word_1_211' title='bbox 542 2903 717 2968; x_wconf 88' lang='lat' dir='ltr'>incolumis</span> <span class='ocrx_word' id='word_1_212' title='bbox 741 2905 894 2988; x_wconf 88' lang='lat' dir='ltr'>pervenit</span> <span class='ocrx_word' id='word_1_213' title='bbox 918 2905 950 2966; x_wconf 88' lang='lat' dir='ltr'>in</span> <span class='ocrx_word' id='word_1_214' title='bbox 977 2901 1119 2967; x_wconf 87' lang='lat' dir='ltr'>Galliam</span> <span class='ocrx_word' id='word_1_215' title='bbox 1146 2901 1199 2966; x_wconf 89' lang='lat' dir='ltr'>die</span> <span class='ocrx_word' id='word_1_216' title='bbox 1224 2902 1261 2964; x_wconf 77' lang='lat'>3⁰</span> <span class='ocrx_word' id='word_1_217' title='bbox 1288 2901 1418 2966; x_wconf 84' lang='lat' dir='ltr'>Novem·</span> 
     </span>
     <span class='ocr_line' id='line_1_26' title="bbox 303 2997 1418 3086; baseline -0.007 -20"><span class='ocrx_word' id='word_1_218' title='bbox 303 3005 378 3068; x_wconf 85' lang='lat' dir='ltr'>bris.</span> <span class='ocrx_word' id='word_1_219' title='bbox 403 3041 445 3050; x_wconf 93' lang='lat'>-—</span> <span class='ocrx_word' id='word_1_220' title='bbox 471 3002 583 3066; x_wconf 87' lang='lat' dir='ltr'>Altero</span> <span class='ocrx_word' id='word_1_221' title='bbox 609 3023 687 3066; x_wconf 87' lang='lat' dir='ltr'>vero</span> <span class='ocrx_word' id='word_1_222' title='bbox 713 3001 766 3066; x_wconf 87' lang='lat' dir='ltr'>die</span> <span class='ocrx_word' id='word_1_223' title='bbox 790 3013 864 3086; x_wconf 89' lang='lat' dir='ltr'>post</span> <span class='ocrx_word' id='word_1_224' title='bbox 889 3001 1001 3086; x_wconf 85' lang='lat' dir='ltr'>fugam</span> <span class='ocrx_word' id='word_1_225' title='bbox 1026 3025 1050 3066; x_wconf 88' lang='lat' dir='ltr'>s.</span> <span class='ocrx_word' id='word_1_226' title='bbox 1076 2999 1223 3064; x_wconf 78' lang='lat' dir='ltr'>Thomae</span> <span class='ocrx_word' id='word_1_227' title='bbox 1248 3001 1325 3080; x_wconf 62' lang='lat'>(14⁰</span> <span class='ocrx_word' id='word_1_228' title='bbox 1341 2997 1418 3062; x_wconf 76' lang='lat' dir='ltr'>Ort·</span> 
     </span>
     <span class='ocr_line' id='line_1_27' title="bbox 301 3098 1418 3185; baseline -0.008 -21"><span class='ocrx_word' id='word_1_229' title='bbox 301 3105 419 3165; x_wconf 92' lang='lat' dir='ltr'>iterum</span> <span class='ocrx_word' id='word_1_230' title='bbox 445 3110 674 3164; x_wconf 85' lang='lat' dir='ltr'>convenerunt</span> <span class='ocrx_word' id='word_1_231' title='bbox 698 3121 849 3185; x_wconf 87' lang='lat' dir='ltr'>proceres</span> <span class='ocrx_word' id='word_1_232' title='bbox 873 3109 906 3162; x_wconf 87' lang='lat' dir='ltr'>et</span> <span class='ocrx_word' id='word_1_233' title='bbox 921 3098 1090 3184; x_wconf 87' lang='lat' dir='ltr'>praesules</span> <span class='ocrx_word' id='word_1_234' title='bbox 1115 3121 1189 3162; x_wconf 91' lang='lat' dir='ltr'>cum</span> <span class='ocrx_word' id='word_1_235' title='bbox 1215 3119 1304 3182; x_wconf 84' lang='lat' dir='ltr'>rege,</span> <span class='ocrx_word' id='word_1_236' title='bbox 1330 3113 1418 3182; x_wconf 80' lang='lat' dir='ltr'>atquc</span> 
     </span>
     <span class='ocr_line' id='line_1_28' title="bbox 302 3195 1418 3284; baseline -0.009 -22"><span class='ocrx_word' id='word_1_237' title='bbox 302 3201 456 3284; x_wconf 86' lang='lat' dir='ltr'>princeps</span> <span class='ocrx_word' id='word_1_238' title='bbox 480 3221 552 3261; x_wconf 88' lang='lat' dir='ltr'>eam</span> <span class='ocrx_word' id='word_1_239' title='bbox 578 3198 728 3263; x_wconf 87' lang='lat' dir='ltr'>decrevit</span> <span class='ocrx_word' id='word_1_240' title='bbox 751 3200 835 3261; x_wconf 88' lang='lat' dir='ltr'>inire</span> <span class='ocrx_word' id='word_1_241' title='bbox 853 3199 954 3278; x_wconf 83' lang='lat' dir='ltr'>viam,</span> <span class='ocrx_word' id='word_1_242' title='bbox 979 3208 1161 3261; x_wconf 85' lang='lat' dir='ltr'>utcausam</span> <span class='ocrx_word' id='word_1_243' title='bbox 1178 3195 1322 3260; x_wconf 83' lang='lat' dir='ltr'>deferret</span> <span class='ocrx_word' id='word_1_244' title='bbox 1331 3197 1418 3281; x_wconf 80' lang='lat' dir='ltr'>juxta</span> 
     </span>
     <span class='ocr_line' id='line_1_29' title="bbox 301 3291 1418 3383; baseline -0.007 -22"><span class='ocrx_word' id='word_1_245' title='bbox 301 3299 451 3362; x_wconf 76' lang='lat' dir='ltr'>Thomas</span> <span class='ocrx_word' id='word_1_246' title='bbox 475 3296 733 3383; x_wconf 84' lang='lat' dir='ltr'>appellationem</span> <span class='ocrx_word' id='word_1_247' title='bbox 757 3295 799 3359; x_wconf 90' lang='lat' dir='ltr'>ad</span> <span class='ocrx_word' id='word_1_248' title='bbox 816 3293 1022 3367; x_wconf 87' lang='lat' dir='ltr'>Pontificem,</span> <span class='ocrx_word' id='word_1_249' title='bbox 1048 3317 1193 3381; x_wconf 78' lang='lat' dir='ltr'>sparena,</span> <span class='ocrx_word' id='word_1_250' title='bbox 1217 3295 1287 3358; x_wconf 88' lang='lat' dir='ltr'>fore</span> <span class='ocrx_word' id='word_1_251' title='bbox 1306 3291 1418 3357; x_wconf 79' lang='lat' dir='ltr'>utAle·</span> 
     </span>
     <span class='ocr_line' id='line_1_30' title="bbox 302 3393 1418 3477; baseline -0.008 -19"><span class='ocrx_word' id='word_1_252' title='bbox 302 3395 432 3459; x_wconf 68' lang='lat' dir='ltr'>rander</span> <span class='ocrx_word' id='word_1_253' title='bbox 461 3395 523 3474; x_wconf 85' lang='lat' dir='ltr'>lll,</span> <span class='ocrx_word' id='word_1_254' title='bbox 562 3393 671 3458; x_wconf 88' lang='lat' dir='ltr'>adhuc</span> <span class='ocrx_word' id='word_1_255' title='bbox 706 3415 825 3476; x_wconf 82' lang='lat' dir='ltr'>magno</span> <span class='ocrx_word' id='word_1_256' title='bbox 858 3394 890 3457; x_wconf 91' lang='lat' dir='ltr'>in</span> <span class='ocrx_word' id='word_1_257' title='bbox 917 3393 1108 3457; x_wconf 86' lang='lat' dir='ltr'>discrimine</span> <span class='ocrx_word' id='word_1_258' title='bbox 1138 3395 1274 3477; x_wconf 88' lang='lat' dir='ltr'>positus,</span> <span class='ocrx_word' id='word_1_259' title='bbox 1316 3401 1418 3455; x_wconf 82' lang='lat' dir='ltr'>contra</span> 
     </span>
     <span class='ocr_line' id='line_1_31' title="bbox 303 3489 1418 3579; baseline -0.01 -21"><span class='ocrx_word' id='word_1_260' title='bbox 303 3494 590 3579; x_wconf 86' lang='lat' dir='ltr'>arehiepiscopum</span> <span class='ocrx_word' id='word_1_261' title='bbox 624 3494 656 3555; x_wconf 90' lang='lat' dir='ltr'>in</span> <span class='ocrx_word' id='word_1_262' title='bbox 683 3502 793 3576; x_wconf 88' lang='lat' dir='ltr'>partes</span> <span class='ocrx_word' id='word_1_263' title='bbox 817 3493 921 3576; x_wconf 87' lang='lat' dir='ltr'>ipsius</span> <span class='ocrx_word' id='word_1_264' title='bbox 946 3489 1042 3554; x_wconf 88' lang='lat' dir='ltr'>facile</span> <span class='ocrx_word' id='word_1_265' title='bbox 1067 3489 1292 3554; x_wconf 86' lang='lat' dir='ltr'>inclinaretur.</span> <span class='ocrx_word' id='word_1_266' title='bbox 1341 3489 1418 3552; x_wconf 87' lang='lat' dir='ltr'>Hinc</span> 
     </span>
     <span class='ocr_line' id='line_1_32' title="bbox 303 3587 1418 3676; baseline -0.008 -22"><span class='ocrx_word' id='word_1_267' title='bbox 303 3589 390 3655; x_wconf 88' lang='lat' dir='ltr'>illico</span> <span class='ocrx_word' id='word_1_268' title='bbox 415 3589 654 3676; x_wconf 86' lang='lat' dir='ltr'>amplissimam</span> <span class='ocrx_word' id='word_1_269' title='bbox 680 3589 879 3673; x_wconf 85' lang='lat' dir='ltr'>legationem</span> <span class='ocrx_word' id='word_1_270' title='bbox 905 3609 1089 3674; x_wconf 87' lang='lat' dir='ltr'>procerum,</span> <span class='ocrx_word' id='word_1_271' title='bbox 1123 3587 1264 3652; x_wconf 90' lang='lat' dir='ltr'>ducibus</span> <span class='ocrx_word' id='word_1_272' title='bbox 1289 3587 1418 3668; x_wconf 85' lang='lat' dir='ltr'>Rogerio</span> 
     </span>
     <span class='ocr_line' id='line_1_33' title="bbox 305 3683 1418 3770; baseline -0.009 -18"><span class='ocrx_word' id='word_1_273' title='bbox 305 3689 505 3752; x_wconf 83' lang='lat' dir='ltr'>Eboracensi</span> <span class='ocrx_word' id='word_1_274' title='bbox 532 3698 564 3752; x_wconf 92' lang='lat' dir='ltr'>et</span> <span class='ocrx_word' id='word_1_275' title='bbox 588 3687 737 3751; x_wconf 84' lang='lat' dir='ltr'>Gilberto</span> <span class='ocrx_word' id='word_1_276' title='bbox 758 3686 962 3750; x_wconf 90' lang='lat' dir='ltr'>Londinensi</span> <span class='ocrx_word' id='word_1_277' title='bbox 990 3685 1197 3770; x_wconf 89' lang='lat' dir='ltr'>praesulibus</span> <span class='ocrx_word' id='word_1_278' title='bbox 1228 3699 1260 3750; x_wconf 92' lang='lat' dir='ltr'>et</span> <span class='ocrx_word' id='word_1_279' title='bbox 1292 3683 1418 3756; x_wconf 74' lang='lat' dir='ltr'>infensis</span> 
     </span>
     <span class='ocr_line' id='line_1_34' title="bbox 303 3783 1269 3864; baseline 0 -14"><span class='ocrx_word' id='word_1_280' title='bbox 303 3787 451 3851; x_wconf 82' lang='lat' dir='ltr'>Thomas</span> <span class='ocrx_word' id='word_1_281' title='bbox 476 3787 686 3864; x_wconf 85' lang='lat' dir='ltr'>adversariis,</span> <span class='ocrx_word' id='word_1_282' title='bbox 712 3784 860 3848; x_wconf 85' lang='lat' dir='ltr'>Senonas</span> <span class='ocrx_word' id='word_1_283' title='bbox 883 3784 926 3848; x_wconf 93' lang='lat' dir='ltr'>ad</span> <span class='ocrx_word' id='word_1_284' title='bbox 950 3783 1145 3848; x_wconf 89' lang='lat' dir='ltr'>Pontificem</span> <span class='ocrx_word' id='word_1_285' title='bbox 1172 3783 1269 3850; x_wconf 86' lang='lat' dir='ltr'>misit.</span> 
     </span>
    </p>

    <p class='ocr_par' dir='ltr' id='par_1_3' title="bbox 306 3873 1417 4361">
     <span class='ocr_line' id='line_1_35' title="bbox 394 3873 1417 3968; baseline -0.005 -22"><span class='ocrx_word' id='word_1_286' title='bbox 394 3887 445 3951; x_wconf 78' lang='grc'>30.</span> <span class='ocrx_word' id='word_1_287' title='bbox 495 3887 565 3948; x_wconf 85' lang='lat' dir='ltr'>Rex</span> <span class='ocrx_word' id='word_1_288' title='bbox 591 3897 700 3948; x_wconf 89' lang='lat' dir='ltr'>tamen</span> <span class='ocrx_word' id='word_1_289' title='bbox 733 3906 792 3968; x_wconf 89' lang='lat' dir='ltr'>per</span> <span class='ocrx_word' id='word_1_290' title='bbox 815 3882 940 3968; x_wconf 82' lang='lat' dir='ltr'>legatos</span> <span class='ocrx_word' id='word_1_291' title='bbox 972 3885 1050 3946; x_wconf 90' lang='lat' dir='ltr'>istos</span> <span class='ocrx_word' id='word_1_292' title='bbox 1085 3903 1149 3946; x_wconf 91' lang='lat' dir='ltr'>non</span> <span class='ocrx_word' id='word_1_293' title='bbox 1175 3881 1318 3945; x_wconf 88' lang='lat' dir='ltr'>obtinuit</span> <span class='ocrx_word' id='word_1_294' title='bbox 1342 3873 1417 3965; x_wconf 85' lang='lat' dir='ltr'>qnod</span> 
     </span>
     <span class='ocr_line' id='line_1_36' title="bbox 307 3979 1417 4065; baseline -0.012 -18"><span class='ocrx_word' id='word_1_295' title='bbox 307 3983 518 4064; x_wconf 84' lang='lat' dir='ltr'>intendebat,</span> <span class='ocrx_word' id='word_1_296' title='bbox 565 3981 720 4046; x_wconf 87' lang='lat' dir='ltr'>videlicet</span> <span class='ocrx_word' id='word_1_297' title='bbox 758 3992 794 4045; x_wconf 92' lang='lat' dir='ltr'>ut</span> <span class='ocrx_word' id='word_1_298' title='bbox 833 3979 1024 4046; x_wconf 85' lang='lat' dir='ltr'>Alexander</span> <span class='ocrx_word' id='word_1_299' title='bbox 1056 3979 1105 4044; x_wconf 91' lang='lat' dir='ltr'>Ill</span> <span class='ocrx_word' id='word_1_300' title='bbox 1151 3979 1259 4065; x_wconf 85' lang='lat' dir='ltr'>quoad</span> <span class='ocrx_word' id='word_1_301' title='bbox 1297 3995 1417 4042; x_wconf 73' lang='lat' dir='ltr'>causan</span> 
     </span>
     <span class='ocr_line' id='line_1_37' title="bbox 306 4073 1417 4167; baseline -0.012 -22"><span class='ocrx_word' id='word_1_302' title='bbox 306 4081 546 4167; x_wconf 83' lang='lat' dir='ltr'>archiepiscopi</span> <span class='ocrx_word' id='word_1_303' title='bbox 572 4083 640 4165; x_wconf 81' lang='lat' dir='ltr'>regi</span> <span class='ocrx_word' id='word_1_304' title='bbox 667 4080 876 4144; x_wconf 87' lang='lat' dir='ltr'>consentiret.</span> <span class='ocrx_word' id='word_1_305' title='bbox 910 4078 1103 4144; x_wconf 86' lang='lat' dir='ltr'>Postulabat</span> <span class='ocrx_word' id='word_1_306' title='bbox 1125 4101 1195 4159; x_wconf 85' lang='lat' dir='ltr'>rex,</span> <span class='ocrx_word' id='word_1_307' title='bbox 1221 4088 1257 4142; x_wconf 91' lang='lat' dir='ltr'>ut</span> <span class='ocrx_word' id='word_1_308' title='bbox 1279 4101 1298 4140; x_wconf 89' lang='lat' dir='ltr'>a</span> <span class='ocrx_word' id='word_1_309' title='bbox 1322 4073 1417 4138; x_wconf 89' lang='lat' dir='ltr'>Ponti-</span> 
     </span>
     <span class='ocr_line' id='line_1_38' title="bbox 308 4169 1417 4264; baseline -0.008 -22"><span class='ocrx_word' id='word_1_310' title='bbox 308 4179 369 4242; x_wconf 80' lang='lat' dir='ltr'>fiee</span> <span class='ocrx_word' id='word_1_311' title='bbox 393 4179 521 4263; x_wconf 82' lang='lat' dir='ltr'>legatus</span> <span class='ocrx_word' id='word_1_312' title='bbox 545 4178 642 4264; x_wconf 88' lang='lat' dir='ltr'>plena</span> <span class='ocrx_word' id='word_1_313' title='bbox 667 4201 742 4242; x_wconf 92' lang='lat' dir='ltr'>cum</span> <span class='ocrx_word' id='word_1_314' title='bbox 768 4189 928 4262; x_wconf 87' lang='lat' dir='ltr'>potestate</span> <span class='ocrx_word' id='word_1_315' title='bbox 946 4179 1130 4242; x_wconf 89' lang='lat' dir='ltr'>mitteretur</span> <span class='ocrx_word' id='word_1_316' title='bbox 1146 4179 1180 4241; x_wconf 92' lang='lat' dir='ltr'>in</span> <span class='ocrx_word' id='word_1_317' title='bbox 1196 4174 1360 4260; x_wconf 82' lang='lat' dir='ltr'>Angliam,</span> <span class='ocrx_word' id='word_1_318' title='bbox 1383 4169 1417 4233; x_wconf 86' lang='lat' dir='ltr'>ad</span> 
     </span>
     <span class='ocr_line' id='line_1_39' title="bbox 306 4271 1417 4361; baseline -0.007 -21"><span class='ocrx_word' id='word_1_319' title='bbox 306 4299 376 4340; x_wconf 86' lang='lat' dir='ltr'>rem</span> <span class='ocrx_word' id='word_1_320' title='bbox 402 4276 524 4340; x_wconf 92' lang='lat' dir='ltr'>ibidem</span> <span class='ocrx_word' id='word_1_321' title='bbox 559 4276 795 4354; x_wconf 69' lang='lat' dir='ltr'>dirimendam</span> <span class='ocrx_word' id='word_1_322' title='bbox 836 4274 992 4361; x_wconf 87' lang='lat' dir='ltr'>sperabat</span> <span class='ocrx_word' id='word_1_323' title='bbox 1025 4288 1146 4354; x_wconf 88' lang='lat' dir='ltr'>autem,</span> <span class='ocrx_word' id='word_1_324' title='bbox 1179 4271 1214 4338; x_wconf 82' lang='lat' dir='ltr'>se</span> <span class='ocrx_word' id='word_1_325' title='bbox 1246 4272 1369 4338; x_wconf 85' lang='lat' dir='ltr'>artibus</span> <span class='ocrx_word' id='word_1_326' title='bbox 1394 4281 1417 4326; x_wconf 75' lang='lat' dir='ltr'>rt</span> 
     </span>
    </p>
   </div>
   <div class='ocr_carea' id='block_1_3' title="bbox 0 0 1442 4834">
    <p class='ocr_par' dir='ltr' id='par_1_4' title="bbox 0 0 1442 4834">
     <span class='ocr_line' id='line_1_40' title="bbox 0 0 1442 4834; baseline 0 0"><span class='ocrx_word' id='word_1_327' title='bbox 0 0 1442 4834; x_wconf 95' lang='lat' dir='ltr'> </span> 
     </span>
    </p>
   </div>
  </div>
 </body>
</html>
