2900 4836
314 460 367 515 368
440 459 550 515 XXXV.
571 459 611 514 De
631 461 734 516 Concil,
751 461 903 518 Besileensi
921 478 953 518 aa
971 462 1005 517 cte
1023 463 1129 530 synodo
1147 463 1303 518 etsensim,

316 604 505 670 detrimenti
530 604 610 690 qnid
635 616 779 690 caperet.
806 606 846 670 In
863 605 983 671 iisdem
1007 605 1126 672 litteris
1150 606 1308 672 internlis
1328 607 1406 670 dicit:

315 701 400 770 Sane
432 726 499 767 crem
529 703 712 768 carissimas
744 706 779 768 in
806 703 932 770 Christo
956 704 1051 788 filiae
1074 705 1256 770 Fridericee
1278 707 1340 770 lter
1359 707 1406 769 Ro·

313 824 477 866 monornm
500 799 638 866 illustris
662 853 669 868 .
695 853 702 869 .
728 853 735 868 .
760 801 969 889 nonnullique
992 801 1054 868 alii
1066 805 1212 868 aaaanis
1229 803 1407 868 Germanicae

308 898 455 986 praelati
478 910 507 962 et
524 900 692 985 principes
720 901 877 984 quaedam
896 903 1070 987 petiverint
1094 927 1114 966 a
1137 903 1228 966 aab&
1245 902 1322 986 fieri,
1347 923 1407 986 qaae

312 999 484 1062 maessitas
506 998 580 1082 ipsa
604 1007 634 1061 et
657 997 818 1062 Ecclem
846 999 984 1076 uilitas,
1022 1011 1058 1064 at
1088 1021 1140 1064 eos
1174 1001 1218 1064 orl
1239 1011 1365 1064 nomn
1387 1011 1409 1060 ct

313 1105 442 1161 sanctae
466 1097 630 1159 Romanae
654 1093 815 1160 Ecclesiae
839 1097 992 1162 unitatem
1016 1108 1045 1162 et
1069 1095 1280 1164 obedientiam
1309 1095 1406 1160 allicio

312 1217 389 1270 mae,
422 1215 480 1256 nos
504 1193 669 1256 concedere
692 1195 920 1279 quodammodo
944 1193 1112 1280 compellit,
1135 1218 1195 1260 nos
1218 1194 1408 1262 adnitentes

313 1315 401 1356 omne
432 1291 620 1354 scandalum
650 1301 680 1354 et
704 1290 883 1377 pericnlum
919 1293 1004 1377 qnod
1041 1293 1156 1360 exinde
1195 1295 1282 1382 sequi
1316 1303 1409 1378 posset,

311 1387 452 1454 nolentes
484 1387 609 1473 aliquid
639 1389 743 1452 dicere
774 1401 831 1453 ant
860 1391 1045 1473 confirmare
1074 1391 1125 1454 ael
1145 1391 1321 1468 concedere,
1348 1388 1410 1474 qaod

313 1497 393 1551 esset
415 1496 526 1550 contra
549 1498 730 1550 sanctorum
754 1487 886 1552 Pacem
910 1488 1098 1564 doctinam,
1122 1489 1171 1554 ael
1193 1489 1279 1574 qnod
1300 1497 1411 1572 capnt

311 1586 347 1649 in
370 1584 606 1674 praejudicinm
634 1585 727 1674 liujus
757 1595 886 1650 sanctae
917 1585 1121 1671 Apostolicac
1154 1585 1260 1666 Sedis,
1291 1587 1410 1672 ananiae

306 1694 444 1770 propter
466 1683 675 1746 imminentem
704 1682 796 1746 nobie
828 1684 1058 1768 aspritudinem
1080 1707 1145 1748 non
1169 1685 1309 1750 valemus
1329 1683 1409 1746 ensis

306 1803 369 1867 per
393 1803 443 1846 eos
461 1781 568 1866 petita
591 1789 623 1843 et
639 1803 701 1865 per
715 1802 772 1843 nos
798 1803 945 1846 concessa
968 1805 1036 1846 cnm
1060 1805 1099 1846 ea
1122 1784 1304 1868 iatcpritnte
1318 1779 1412 1870 joditii

313 1889 342 1942 et
365 1878 492 1943 consilii
523 1879 709 1940 examinare
733 1887 764 1940 et
780 1878 975 1964 ponderare,
1007 1903 1087 1965 qaae
1117 1903 1223 1944 rernm
1256 1875 1410 1966 maptitelt
1437 1909 1438 1924 ¹

312 1986 342 2038 et
362 1977 504 2062 pravitas
520 1976 663 2060 requirit,
689 1985 793 2039 tenore
803 1978 1023 2062 praesentiam
1033 1989 1264 2064 protestamur,
1288 1977 1412 2064 qoolpct

312 2095 518 2160 qaaecumque
543 2097 564 2136 a
586 2071 677 2136 ceolis
700 2072 795 2136 dictis
813 2076 894 2160 Repe·
916 2123 924 2140 .
943 2125 950 2140 .
969 2123 976 2138 .
995 2123 1002 2140 .
1021 2075 1231 2162 principibus
1255 2100 1292 2140 ac
1313 2073 1412 2138 aaran

311 2194 465 2258 responsa
489 2182 519 2234 et
541 2170 774 2257 respondenda,
800 2194 946 2237 concessa
970 2183 1000 2237 et
1022 2173 1235 2252 concedenda,
1260 2197 1322 2237 non
1336 2173 1411 2234 intes·

312 2270 415 2334 elimas
438 2271 472 2332 in
498 2269 604 2354 aliano
635 2269 788 2354 derepere
813 2270 976 2334 doctrinae
1005 2280 1186 2336 sanctornm
1211 2273 1348 2343 Patr-nn,
1373 2277 1412 2330 eet

305 2366 481 2453 praefatae
507 2365 599 2430 Sedis
617 2367 801 2453 priailepiis
825 2379 854 2432 et
877 2371 1074 2448 auctoritati,
1108 2367 1259 2434 tabentes
1284 2391 1344 2456 pro
1369 2386 1413 2426 eta

310 2467 471 2550 responsio
487 2475 516 2528 et
529 2487 593 2528 non
608 2467 771 2542 concessis,
797 2487 1002 2552 qaaecumque
1028 2467 1110 2532 tolia
1125 2491 1145 2532 a
1159 2466 1254 2532 nolis
1277 2463 1414 2550 conflascit

311 2564 501 2642 emanare.¹)

175 2681 266 2720 nnsis
403 2669 455 2736 28.
502 2668 581 2736 lam
613 2668 654 2733 de
682 2668 852 2734 Sanctionc
878 2671 1082 2756 propmatico
1113 2669 1224 2734 Caroli
1253 2671 1317 2735 vlt
1349 2669 1414 2752 regit

154 2749 280 2851 ,lffiss
313 2766 442 2833 Galliae
473 2789 579 2852 panes
611 2766 783 2834 addamus.
833 2766 944 2848 Quum
969 2769 1142 2854 Eugenins
1166 2769 1214 2832 IV
1251 2767 1437 2836 Concilium,

311 2867 501 2932 Basileense
533 2865 720 2928 Ferrariam
752 2865 986 2947 transtulisset,
1023 2865 1231 2932 Besileenses
1265 2887 1341 2930 vero
1368 2864 1413 2948 ipsi

310 2967 509 3043 resisterent,
535 2960 672 3026 Carolus
689 2962 752 3026 VII
779 2983 820 3026 ex
834 2965 999 3028 sententie
1022 2964 1151 3028 consilii
1175 2967 1262 3048 regii
1287 2961 1437 3028 ecclesie-¹

310 3065 409 3129 sticos
432 3072 465 3126 et
487 3060 591 3126 laicos
615 3062 832 3145 congregavit
853 3061 993 3126 Biturici
1019 3063 1193 3146 (Bourgest
1221 3083 1314 3128 enno
1340 3057 1437 3139 teet,

310 3159 594 3246 Frequentissimo
619 3157 698 3224 hnic
722 3161 901 3224 conventui
925 3160 1093 3246 praesedit
1115 3183 1175 3224 rex
1200 3163 1285 3246 ipss,
1310 3157 1414 3224 osrede

309 3271 397 3324 runt
411 3259 651 3344 primogenitus
675 3257 745 3342 ejus
771 3255 857 3324 filins
878 3257 1081 3340 Lndoviens,
1108 3281 1263 3344 proceres
1286 3255 1414 3322 eeclesii-

309 3357 383 3422 stioi
408 3367 441 3418 et
463 3353 550 3434 laici,
585 3354 708 3440 aliique
739 3377 848 3420 rerum
879 3355 1179 3422 ecclesiasticarum
1210 3379 1253 3422 aa
1285 3354 1412 3421 civilium

309 3456 417 3541 periti.
451 3453 566 3518 Auditi
592 3464 669 3518 sunt
692 3463 762 3516 tum
775 3451 1017 3518 Besileensium
1042 3465 1112 3518 tum
1125 3453 1301 3518 Pontificis
1324 3447 1413 3534 legati.

308 3574 449 3640 qnorum
473 3571 593 3616 causae
617 3573 637 3614 s
661 3550 802 3614 diversis
825 3550 1017 3622 doctoribus
1041 3551 1209 3616 discussae
1225 3563 1315 3616 sant.
1338 3550 1414 3614 Prsr·

308 3650 394 3716 sules
417 3650 540 3734 aliique
565 3651 628 3711 viri
653 3647 879 3730 ecclesiastici,
905 3659 942 3714 ut
955 3651 1154 3714 sententiam
1171 3671 1268 3714 suam
1285 3649 1413 3713 dicerent

309 3749 423 3832 rogati,
448 3746 700 3832 responderunt,
726 3747 860 3810 decreta
883 3747 1088 3812 Basileensie
1111 3770 1197 3833 quse
1220 3743 1413 3833 pertinebant

308 3845 351 3911 ed
369 3846 635 3910 reformationem
657 3843 838 3924 Ecclesiae,
863 3845 1059 3929 indigentiis
1074 3845 1247 3910 Ecclesiae
1272 3847 1307 3909 in
1322 3837 1414 3907 Getis

309 3945 494 4022 convenire,
529 3939 596 4006 elis.
630 3941 764 4027 quidem
798 3953 895 4026 prout
926 3955 1086 4028 concepte
1117 3953 1222 4020 erent,
1256 3942 1323 4006 slis
1352 3957 1436 3998 vett

309 4063 384 4104 eum
414 4042 512 4104 certis
543 4038 858 4104 modificationibus.
914 4040 988 4107 Rex
1020 4051 1195 4126 postquem
1227 4039 1290 4104 hec
1323 4037 1361 4102 de
1386 4049 1436 4121 tr,

382 4247 401 4314 ¹)
421 4243 454 4301 V.
474 4241 606 4310 Reynslct
625 4241 660 4296 ed
679 4259 703 4296 a.
726 4245 803 4300 1Μῖ.
823 4259 848 4303 n.
870 4242 893 4298 7.
