2832 4844
35 631 78 672 non
96 611 211 694 peccari
234 620 311 674 actu
341 609 467 674 carnali
495 608 574 674 dum
608 619 727 674 natura
757 609 801 673 ad
831 607 925 673 illum
956 605 1111 687 inelinat3

34 704 161 772 bominem
191 710 227 772 in
250 710 415 793 praesenti
440 709 511 772 vita
534 728 630 793 posse
653 709 784 793 assequi
815 705 950 771 finalem
973 705 1112 770 beatitu-

34 803 114 867 ‹lincm
134 806 311 870 secundum
335 827 467 870 omnem
499 806 709 891 perfectionis
732 804 883 892 gradum,
917 805 1015 868 sicuti
1039 823 1113 866 eam

31 903 138 986 accipiet
164 904 197 968 in
220 905 291 967 vita
313 902 429 986 beata3
458 903 643 990 quamlibet
673 913 826 968 naturam
857 899 1113 967 intellectualem

32 999 54 1060 in
71 1021 97 1062 sc
115 1001 181 1086 ipsa
203 1023 274 1066 esse
298 1000 493 1065 naturaliter
525 1001 668 1085 beatam,
700 1011 733 1065 et
762 1002 909 1064 animam
940 1023 1007 1064 non
1030 999 1113 1065 indi-

30 1120 83 1179 gcrc
102 1097 217 1164 lumine
241 1099 365 1185 gloriae
389 1121 462 1164 eam
487 1098 639 1164 elevante
663 1099 706 1164 ad
720 1100 831 1164 Deum
856 1099 1039 1164 videndum
1063 1121 1114 1164 eo-

9 1217 74 1280 Lquc
98 1196 183 1261 beato
214 1198 404 1264 fruendum.
434 1237 478 1246 —
511 1198 649 1262 Errores
677 1200 756 1264 istos
787 1196 940 1262 Clemens
972 1197 1113 1284 papaV

9 1316 91 1357 ¹suno
113 1296 192 1359 1312
223 1296 461 1360 condemnavit
491 1297 526 1359 in
560 1294 709 1361 Concilio
740 1295 886 1381 generali
919 1296 1114 1379 Viennensi,

29 1413 172 1478 corumque
188 1403 365 1458 sectatores
390 1395 554 1480 episcopis
577 1394 784 1459 dioecesanis
807 1405 840 1458 et
863 1393 1114 1481 inquisitoribus

29 1488 268 1570 denuntiavit.“¹)

95 1589 158 1656 113.
184 1589 322 1656 Saeculo
343 1589 429 1654 XIII
453 1589 620 1654 mediante
643 1591 744 1654 etiam
768 1588 1022 1675 l'lopellacctiuac
1045 1583 1284 1655 coe-”¹⁸⁰⁰²¹¹¹⁰⁵·

28 1698 64 1746 tus
82 1686 126 1750 vel
149 1701 256 1752 sectae
280 1698 414 1752 exortae
438 1697 524 1768 sunt,
550 1690 584 1751 in
608 1688 730 1774 quibus
749 1689 873 1774 pariter
895 1689 1115 1775 pseudospiri·

29 1781 167 1850 tmlismus
190 1785 326 1872 quidam
352 1786 517 1849 dominari
546 1787 637 1849 visus
661 1796 720 1851 est.
767 1784 940 1871 Originem
971 1789 1116 1871 primum

28 1875 117 1944 babuit
137 1895 225 1948 secta
249 1905 336 1948 anno
363 1884 449 1947 1260
472 1884 507 1946 in
523 1881 629 1964 Italia,
655 1905 756 1969 quum
772 1884 888 1949 eadem
905 1885 1068 1950 Friderici
1083 1885 1117 1949 II

28 1990 50 2038 et
66 1979 216 2046 llanfredi
242 1981 419 2066 tyrannide
442 1980 586 2063 turbata,
618 1991 718 2068 atque
751 1984 785 2046 in
809 1980 1052 2048 Gibellinorum
1085 1993 1117 2047 et

26 2073 190 2144 tinctorum
222 2080 382 2144 factiones
415 2079 537 2161 divisa,
580 2079 756 2144 discordiis
787 2091 819 2143 et
849 2080 984 2166 flagitiis
1016 2093 1117 2146 scate-

27 2190 67 2238 rct.
116 2178 299 2243 Monachus
331 2177 510 2242 Paduanus
541 2179 576 2240 in
603 2175 768 2243 Chronico
799 2181 845 2243 ita
876 2180 917 2243 de
944 2189 1017 2243 ortu
1049 2179 1119 2244 Fla·

26 2271 189 2352 gcllantium
230 2274 393 2361 loquitur:
433 2273 538 2358 ,Cum
575 2283 644 2338 tota
675 2274 773 2341 Italia
806 2276 917 2341 multis
948 2289 1032 2341 esset
1063 2277 1119 2341 fla-

26 2369 92 2448 gitiis
121 2384 152 2436 et
179 2372 360 2438 sceleribus
392 2374 576 2458 inquinata,
608 2373 772 2459 quaedam
801 2375 975 2439 subitanea
1008 2397 1119 2460 super-

25 2469 88 2532 stitio
110 2482 141 2534 et
163 2494 184 2536 a
208 2469 338 2535 saeculo
363 2471 514 2535 inaudita
538 2472 662 2534 Invasit
682 2472 834 2557 pslmitus
848 2472 1035 2554 Perusinos,
1060 2473 1120 2537 Ro·

27 2583 114 2630 nanoa
135 2569 357 2655 postmodum,
383 2567 504 2633 deinde
528 2567 596 2632 fere
619 2568 736 2634 ltaliae
767 2570 905 2655 populos
937 2573 1119 2636 universos.

27 2657 189 2732 intantum
215 2669 326 2753 itaque
350 2667 449 2730 timor
472 2664 595 2730 Christi
620 2668 716 2731 irruit
740 2689 838 2752 super
862 2689 927 2749 eos,
953 2668 1041 2755 quod
1066 2691 1120 2734 no·

27 2755 86 2825 tiles
105 2769 228 2850 pariter
250 2775 283 2830 et
306 2763 479 2848 ignobiles,
503 2786 599 2829 senes
623 2774 655 2828 et
673 2766 826 2851 juvenes,
852 2767 995 2831 infantes
1019 2773 1119 2832 etiam

23 2861 144 2948 quinque
167 2885 332 2929 annorum
356 2863 438 2928 nudi
462 2885 522 2950 per
544 2862 671 2949 plateas
695 2865 880 2946 civitatum,
905 2868 1027 2951 opertis
1050 2876 1120 2930 tan-

24 2961 168 3026 tummodo
191 2961 368 3048 pudendis,
394 2960 544 3048 deposita
567 2962 779 3045 verecundia,
805 2963 875 3027 bini
899 2974 932 3028 et
953 2964 1025 3029 bini
1050 2986 1121 3050 pro·

23 3058 226 3124 cessionaliter
248 3059 423 3124 incedunt:
448 3059 570 3144 singuli
587 3058 754 3142 flagellum
779 3061 934 3127 manibus
958 3063 999 3127 de
1024 3065 1121 3128 corri-

21 3153 71 3234 giis
90 3159 304 3239 continentes,
329 3169 363 3220 et
387 3179 462 3221 oum
478 3158 604 3241 gemitu
628 3168 661 3221 et
676 3157 805 3244 ploratu
828 3181 863 3224 se
880 3161 1001 3224 acriter
1023 3183 1122 3247 super

22 3253 142 3336 scapulis
165 3277 272 3342 usque
295 3255 338 3319 ad
362 3256 557 3320 effusionem
581 3258 753 3340 sanguinis
775 3255 998 3340 verberantes,
1024 3268 1057 3323 et
1079 3259 1122 3322 ef-

24 3345 85 3414 fusis
105 3345 501 3438 fontibuslacrymarum,
525 3376 565 3417 ao
588 3355 614 3418 si
640 3354 865 3440 corporalibus
888 3355 992 3420 oculis
1015 3357 1122 3441 ipsam

23 3443 181 3516 Salvatmis
210 3462 383 3516 cernerent
410 3453 610 3538 passionem,
635 3453 895 3518 misericordiam
915 3453 979 3518 Dei
1004 3465 1037 3518 et
1059 3452 1122 3518 Ge·

24 3547 127 3612 ultricis
149 3547 251 3636 hujus
274 3549 437 3614 auxilium
450 3548 673 3636 implorabant
689 3550 882 3637 suppliciter
897 3551 1122 3638 deprecantes,

26 3648 116 3730 utqui
140 3649 325 3713 innumeris
356 3648 604 3734 poenitentibus
632 3658 682 3712 est
708 3647 869 3735 placatus,
903 3660 937 3714 et
959 3652 1039 3737 ipsis
1064 3653 1123 3715 ini·

24 3743 143 3824 quitates
166 3747 319 3832 proprias
342 3744 618 3830 cognoscentibus
641 3767 776 3832 parcere
800 3746 1002 3832 dignaretur.
1047 3748 1123 3813 Non

25 3839 109 3906 solum
132 3845 246 3930 itaque
277 3845 311 3908 in
341 3843 406 3927 die,
438 3865 554 3908 verum
587 3845 687 3909 etiam
719 3846 753 3909 in
785 3855 881 3910 noete
912 3866 988 3910 eum
1020 3848 1124 3911 cereis

439 461 540 520 Variae
558 473 656 521 sectae.
1058 461 1111 517 481

1405 1861 1406 1914 i

25 4007 211 4024 Q„-

82 4091 101 4153 ι)
118 4091 150 4145 V.
161 4092 292 4147 Wouters
304 4092 322 4146 l.
333 4109 355 4147 c.
368 4091 449 4147 Nullo
462 4093 538 4147 modo
557 4107 617 4146 cum
629 4091 672 4147 hIs
685 4091 887 4148 contundendae
905 4098 971 4147 sunt
982 4091 1124 4160 Begginae

27 4163 139 4237 Bibisse,
165 4188 281 4240 quarum
304 4173 444 4227 Institutio
468 4173 553 4228 multo
579 4173 652 4242 prior
676 4179 729 4237 est,
754 4189 873 4240 quasque
897 4188 1020 4240 expresse
1043 4173 1125 4226 Joau-

28 4259 63 4300 tu
77 4250 164 4308 xxm
184 4252 337 4308 declaravit
355 4254 403 4307 illa
421 4253 642 4308 condemnatione
660 4253 814 4307 nullatenus
833 4251 1027 4320 comprehendi.

50 4346 176 4404 lugnano,
194 4353 381 4394 obsecrationes.
397 4353 462 4394 Tum.
479 4354 505 4394 t'.
993 4343 1026 4394 31
