2964 4838
424 424 548 480 Calixtus
567 425 610 480 111
629 433 658 480 et
675 425 741 480 Pius
759 426 797 482 11.
1120 429 1177 482 dli»

61 577 90 632 et
108 569 248 653 Borgiae
270 589 454 652 cognomen
478 569 604 634 tribuit.
650 569 804 634 Tradunt
825 591 923 652 vero,
948 592 1024 635 eum
1048 581 1177 636 contra-

61 666 181 730 dicente
211 664 259 730 illi
287 677 401 751 aperte
432 677 465 731 et
494 669 761 732 constantissime
783 669 962 733 Dominico
988 669 1178 755 Capranica

60 764 220 830 Cardinali
243 766 412 846 Firmano,
436 766 570 830 Petrum
595 764 720 850 Spoleti
745 765 864 830 ducem
890 768 925 832 in
941 765 1082 831 Umbria
1105 789 1173 831 cre·

58 886 130 944 asse,
154 885 196 928 ae
208 861 292 928 Urbi
315 875 348 926 et
371 863 477 948 copiis
500 863 680 949 pontificiis
703 863 911 949 praefecisse,
936 866 1045 928 virum
1071 875 1175 929 caete·

58 964 167 1048 roquin
191 963 284 1025 vitiis
306 962 533 1046 inquinatum,
559 963 616 1048 qui
639 961 806 1027 avunculo
829 962 992 1028 Pontifice
1016 961 1177 1027 defuncto

57 1058 136 1122 hand
163 1061 209 1122 ita
233 1057 334 1123 multo
359 1069 433 1144 pust
455 1061 640 1124 exstinctus
664 1071 722 1127 est.
763 1061 834 1124 Nec
855 1060 955 1144 longe
978 1060 1092 1146 dispar
1109 1082 1175 1125 mo·

57 1157 139 1222 ribus
156 1157 348 1234 Rodericus,
372 1159 430 1243 qui
454 1179 575 1222 arcano
593 1157 657 1222 Dei
675 1157 812 1222 consilio
834 1169 949 1244 postea
962 1156 1024 1222 sub
1039 1159 1177 1222 nomine

56 1255 231 1320 Alexandri
256 1255 306 1318 VI
329 1253 449 1320 Sedem
473 1254 699 1340 Apostolicam
725 1256 884 1322 ascendit.
909 1293 952 1304 ·—
978 1256 1071 1320 Haec
1095 1275 1177 1320 vero
1217 1275 1221 1281 “

55 1355 223 1420 advertere
252 1364 475 1440 opportunum
505 1363 593 1434 erat,
629 1355 707 1440 qnia
743 1354 821 1419 inde
859 1376 902 1419 ex
933 1353 997 1418 hoc
1026 1365 1175 1439 tempore

54 1453 158 1538 plures
181 1452 359 1518 Pontifices
391 1454 594 1538 propinquos
617 1473 693 1516 suos
717 1451 899 1516 honoribus
922 1465 954 1516 et
977 1453 1177 1517 auctoritate

54 1551 227 1617 sublimare
251 1551 315 1614 visi
346 1562 433 1615 sunt
481 1549 547 1616 Sed
571 1549 613 1614 de
637 1551 698 1614 isto
730 1572 829 1636 quem
860 1550 977 1614 dicunt
999 1551 1177 1636 raepota'amo

53 1650 187 1714 inferius
217 1669 354 1733 agemus
384 1647 536 1728 uberius,
573 1659 610 1712 ut
644 1648 785 1735 injustas
817 1648 914 1713 simul
946 1649 1175 1713 accusationes

52 1749 256 1834 rejiciamus,
289 1757 322 1810 et
351 1768 437 1832 quae
462 1747 554 1832 justa
577 1745 869 1811 animadversione
894 1745 995 1829 digna
1021 1745 1181 1811 videntur

52 1857 214 1910 notemus.

137 1945 189 2009 12.
221 1943 297 2006 Pius
312 1942 352 2005 Il
370 1942 629 2022 (1458-1463).
678 1940 741 2006 Ofr.
762 1941 898 2006 Aeneae
913 1940 1020 2026 Sylvii
1049 1941 1178 2027 Opera,-

51 2042 257 2129 Campanus,
300 2040 373 2104 Vite
405 2041 458 2104 Pii
479 2040 531 2122 II,
567 2061 620 2125 ap.
653 2040 812 2104 Muratori
846 2039 920 2105 Rer.
954 2039 1026 2106 Ital.
1061 2040 1176 2124 script.

50 2151 71 2207 t.
102 2141 167 2204 III.
199 2139 236 2202 P.
271 2136 315 2201 ll.
348 2159 380 2222 p.
414 2137 497 2218 9673
532 2137 681 2217 Plotina,
723 2138 813 2202 Vitae
846 2138 1049 2222 Poomficum
1080 2137 1173 2218 Dux,

51 2239 207 2304 Nicoleue
229 2259 291 2300 ooo
318 2233 654 2320 oroa‚1tegensburg
679 2235 783 2312 1847;
816 2235 980 2322 Scharpff,
1004 2236 1072 2300 Der
1098 2233 1173 2300 Car·

49 2335 137 2401 dicul
159 2335 229 2400 ‘aad
251 2332 387 2419 Biaclrof
397 2331 556 2397 Nicolaum
577 2355 638 2398 von
659 2331 752 2411 Cura,
777 2343 843 2411 ete,
867 2333 1045 2418 Tttbingen
1072 2333 1173 2412 18713

48 2435 85 2501 G.
118 2435 237 2517 Voigt,
269 2433 360 2496 Elaea
391 2429 491 2495 Stteio
524 2430 571 2494 de’
596 2431 797 2494 Recolimim'
828 2429 878 2495 ola
910 2431 1010 2516 Papet
1040 2431 1117 2495 Plus
1140 2432 1177 2494 ΙΙ

47 2535 110 2598 aad
141 2533 213 2596 aeia
235 2529 396 2595 Zeitelter.
436 2528 566 2594 3Voll.
603 2527 716 2593 Berlin
744 2529 988 2595 1856-1863.
1034 2528 1175 2612 (Auctor

47 2632 197 2696 eruditus
228 2627 285 2692 sed
316 2635 502 2712 protestans
533 2629 644 2690 minus
673 2648 799 2711 aequus
829 2634 879 2690 est
909 2627 943 2690 in
975 2626 1172 2690 Pontificem

47 2729 141 2814 eujus
167 2729 271 2790 vitam
295 2723 478 2804 describit.)

131 2825 241 2892 Justis
264 2822 438 2887 funeribus
461 2821 593 2886 Calixto
610 2821 662 2886 llI
686 2819 871 2908 persolutis,
896 2821 1079 2886 octodecim
1096 2819 1173 2886 Car·
1214 2827 1271 2866 Plu·
1285 2827 1319 2866 ¹¹·

46 2923 191 3000 dinales,
226 2922 284 3006 qui
316 2930 396 2984 tune
428 2922 463 2985 in
489 2919 580 2986 Urbe
604 2919 788 3004 degebant,
825 2917 992 2984 Conclave
1022 2922 1173 3004 ingressi,

44 3022 126 3088 XIV
152 3019 231 3084 Kal.
255 3017 461 3104 Septembris
484 3019 635 3083 Aeneam
653 3017 806 3102 Sylvium
832 3015 1043 3083 Oardinalem
1060 3017 1173 3082 Piceo·

43 3120 247 3186 lominaeum
271 3107 437 3180 summum
463 3115 661 3182 Pontificem
684 3119 927 3197 renuntiarunt,
957 3117 1016 3202 qui
1038 3116 1117 3180 Plus
1139 3115 1178 3182 II
1313 3131 1317 3141 ·

43 3215 232 3304 appellatus
277 3224 338 3278 est.
416 3213 468 3278 De
526 3213 621 3299 eujus
678 3212 868 3298 primordiis
925 3233 1032 3298 pauca
1090 3213 1173 3278 baec

43 3313 239 3402 perstringit
273 3335 297 3376 s.
327 3313 534 3376 Antoninus:
570 3311 634 3375 Hie
663 3313 794 3376 notione
817 3308 982 3389 Samaria,
1013 3311 1115 3376 motti
1145 3322 1175 3376 ct

43 3413 179 3498 actique
195 3408 332 3497 familia
355 3420 460 3486 ortatu,
484 3409 601 3472 studiis
625 3407 665 3472 ab
689 3406 904 3474 odolcmcntfu
927 3407 1067 3488 deditas,
1083 3412 1173 3498 juna

42 3511 178 3574 edentia
196 3511 332 3594 peritua
357 3530 394 3570 ae
418 3506 535 3572 litteris
557 3505 721 3592 pontillum
743 3505 838 3570 oeldo
853 3504 1006 3585 eruditus,
1030 3506 1172 3592 eloquen-

44 3611 201 3688 tissimus,
232 3607 282 3669 vir
305 3604 404 3669 bonus
426 3615 456 3668 et
471 3607 582 3692 justus
602 3613 769 3690 reputatum
792 3613 853 3684 eat,
883 3614 1008 3668 emmor
1025 3606 1120 3689 pecie
1144 3615 1175 3670 et

41 3707 165 3771 zelator
188 3704 311 3789 filiast)
359 3702 559 3766 Aconratius
591 3711 702 3766 autem
738 3702 808 3786 ipae
842 3701 974 3766 Aeneas
1008 3703 1173 3788 primitias

43 3827 120 3872 suaa
145 3802 303 3890 graphice
328 3800 548 3886 descripserat
571 3800 686 3884 paucis
702 3800 800 3864 aunis
823 3809 1001 3885 antequam
1017 3799 1172 3864 Pontifex

43 3901 149 3983 fieret,
175 3902 208 3964 in
231 3899 349 3963 litteris
372 3898 416 3963 ad
429 3898 565 3962 Petrum
581 3897 793 3982 Nepetanum
817 3897 973 3983 equitem,
998 3897 1174 3983 inquibus

43 4003 132 4064 inter
148 3998 214 4064 alia
230 3997 329 4062 dicit:
356 3997 492 4080 „Annos
515 4017 574 4060 sex
598 4003 631 4060 et
654 3996 774 4079 viginti
799 4004 905 4078 natue
930 4017 1032 4081 quum
1057 3994 1176 4060 darem

47 4133 259 4146 ..Μ

122 4211 147 4282 ¹)
166 4209 239 4267 niet.
258 4209 288 4263 Ρ.
308 4208 359 4269 111,
377 4208 423 4262 ec
444 4205 534 4263 xxm
