2916 4842
294 443 347 498 122
457 441 556 495 XXIV.
579 441 618 495 De
637 439 756 495 dissidiis
775 441 906 494 Friderici
925 441 938 494 1
959 443 1061 495 curnR
1089 441 1273 495 Pontificibus.

381 587 433 652 22.
482 584 668 652 Octaviano
702 595 734 648 ct
763 583 896 648 asseclis
929 585 999 669 ejus
1032 583 1225 649 Alexander
1255 583 1308 648 111
1344 595 1420 647 octo

292 684 421 748 dierum
446 681 540 747 dedit
562 681 729 762 inducias,
762 691 799 746 ut
821 681 865 746 ad
889 682 1074 746 Ecclesiam
1098 681 1260 762 redirent3
1296 680 1421 767 quibus

291 781 412 867 elapsis
442 782 641 846 Terracinae
676 782 1029 846 excommunicationis
1067 781 1264 844 sententiam
1295 781 1331 844 in
1363 802 1422 843 cos

292 881 532 965 pronuntiavit.
579 877 783 964 Antipapam
817 880 964 942 maxima
992 879 1217 942 Romanorum
1255 899 1332 963 pars
1365 877 1421 940 de-

293 976 484 1059 testabatur,
510 989 543 1041 et
554 999 652 1061 aegre
676 978 805 1040 invenit
821 979 994 1062 episcopos
1011 979 1067 1062 qui
1084 999 1160 1040 eum
1176 989 1421 1040 consecrarent.

292 1075 443 1140 Tandem
469 1075 522 1140 die
545 1077 585 1139 4ο
609 1073 762 1140 Octobris
785 1076 820 1138 in
845 1075 1044 1138 monasterio
1068 1075 1218 1138 Farfensi
1242 1079 1423 1160 (quantum

293 1171 440 1258 videtur)
480 1173 522 1236 ab
561 1174 684 1238 Ymaro
721 1174 876 1258 episcopo
913 1172 1082 1236 Cardinali
1116 1171 1320 1253 'l¹iisculano,
1362 1172 1423 1257 qni

293 1269 472 1335 Octaviani
490 1281 599 1354 partes
615 1281 746 1335 secutus
763 1282 842 1352 crat,
867 1270 1097 1334 assistentibus
1114 1269 1244 1334 Ubaldo
1262 1272 1423 1354 episcopo

294 1369 473 1435 Ferentino
491 1368 683 1451 (Octaviani
708 1371 855 1454 apueris
870 1368 1001 1453 amico),
1027 1380 1059 1432 ct
1073 1367 1239 1432 Richardo
1263 1369 1423 1453 episcopo

293 1465 483 1549 Mellitano,
516 1477 725 1532 consecratus
753 1476 817 1549 est,
848 1488 984 1552 seseque
1015 1467 1168 1540 Victorem
1191 1466 1243 1528 IV
1274 1463 1422 1550 appella-

295 1566 353 1630 vit.
385 1603 428 1612 -
459 1564 568 1629 Ambo
600 1566 688 1647 dein,
719 1564 913 1628 Alexander
935 1565 987 1629 III
1015 1565 1184 1648 legitimus
1208 1565 1363 1628 Pontifex
1390 1575 1424 1627 ot

296 1663 412 1726 Victor
433 1662 481 1726 IV
505 1665 675 1748 antipapa,
699 1663 894 1728 electionem
918 1684 1011 1726 suam
1036 1663 1107 1727 orbi
1132 1661 1293 1726 catholico
1318 1663 1425 1744 signi-

294 1761 494 1844 ficaverunt,
525 1772 624 1848 atque
655 1763 755 1824 etiam
789 1763 960 1847 utriusque
996 1759 1191 1824 Cardinalcs
1221 1759 1346 1824 litteras
1378 1759 1425 1823 de

295 1859 455 1923 electione
486 1862 661 1940 miserunt3
694 1859 838 1923 Victoris
861 1859 909 1922 IV
945 1858 1138 1924 Cardinales
1169 1858 1210 1923 ad
1247 1855 1452 1922 universos?

295 1959 468 2042 episcopos
492 1968 524 2022 et
548 1956 670 2039 fideles,
704 1956 889 2021 Alexandri
913 1957 965 2021 ΙΙΙ
989 1955 1183 2021 Cardinales
1206 1955 1249 2020 ad
1275 1955 1425 2018 Frideri-

295 2076 372 2119 eum
396 2055 644 2140 Imperatorem.
691 2053 769 2119 Illas
802 2056 920 2142 (partis
944 2055 1089 2118 Victoris
1113 2053 1176 2140 IV)
1207 2052 1332 2118 litteras
1358 2056 1425 2136 sig·

295 2163 419 2217 nerunt
442 2177 527 2218 unus
553 2152 739 2218 Cardinalis
763 2156 937 2238 episcopus
962 2151 1103 2238 (Ymar),
1134 2153 1198 2216 duo
1225 2150 1426 2215 Cardinales

296 2251 480 2336 presbyteri
506 2251 630 2335 (Guido
655 2262 688 2316 et
710 2251 882 2338 Joannes),
914 2273 953 2316 ac
978 2251 1043 2315 duo
1069 2250 1263 2315 Cardinales
1287 2251 1426 2313 diaconi

297 2350 520 2436 (Raimundus
544 2359 583 2438 etu
599 2351 726 2435 Syrus).
1451 2345 1452 2348 ¹

388 2449 440 2514 23.
473 2449 572 2514 Modo
598 2451 756 2512 convenit
780 2450 894 2534 paucis
918 2451 1020 2512 etiam
1044 2469 1083 2511 ea
1107 2457 1251 2531 tangere,
1276 2467 1362 2531 quae
1381 2445 1428 2508 de

298 2545 459 2612 electione
476 2547 680 2613 Octavianus
705 2549 841 2633 ejusque
858 2547 958 2610 factio
983 2567 1161 2626 asseruere,
1186 2566 1228 2608 ne
1246 2543 1429 2608 videamur
1451 2583 1452 2588 κ

298 2645 354 2710 illa
391 2647 594 2731 neglexisse,
634 2668 718 2733 quae
756 2646 839 2710 forte
876 2658 990 2710 contra
1023 2645 1205 2727 legitimam
1236 2640 1428 2706 Alexandri

298 2746 492 2810 electionem
517 2739 617 2830 objio'i
642 2753 785 2830 possent.
832 2744 948 2808 Victor
971 2744 1019 2806 IV
1050 2746 1119 2827 ipse
1144 2743 1243 2826 igitur
1267 2742 1301 2804 in
1326 2737 1427 2802 brevi

298 2844 342 2908 ad
366 2843 573 2907 Fridericum
598 2845 834 2928 Imperatorem
865 2839 1002 2927 epistola
1027 2841 1067 2906 de
1091 2840 1258 2904 discordia
1281 2840 1315 2902 in
1340 2837 1428 2901 clee-

298 2945 388 3007 tione
417 2954 487 3004 orta
518 2943 650 3025 penitus
673 2951 770 3022 tacet,
803 2950 836 3004 et
859 2941 1039 3022 contendit,
1064 2961 1098 3003 se
1122 2959 1283 3004 consensu
1308 2935 1429 3001 Cardi-

209 3067 213 3078 “
299 3040 439 3122 nalium,
480 3038 558 3103 cleri
589 3049 621 3102 ct
644 3038 757 3125 populi
791 3041 950 3103 canonice
982 3037 1123 3102 electum
1154 3057 1238 3119 esse,
1278 3057 1318 3098 ac
1351 3050 1430 3120 post

300 3137 476 3202 duodecim
494 3139 564 3201 dies
580 3137 766 3202 Rolandum
784 3159 855 3200 esse
872 3139 1046 3202 intrusum.
1080 3135 1182 3199 Haud
1199 3136 1426 3198 necessarium

300 3246 350 3301 est
372 3236 424 3300 his
449 3238 633 3318 immorari3
658 3235 844 3299 refutantur
861 3237 950 3299 enim
967 3234 1125 3298 relatione
1149 3234 1294 3318 ipsorum
1311 3231 1426 3293 Victo·

300 3336 345 3398 ris
368 3335 417 3399 IV
441 3333 651 3398 asseclarum.

391 3434 444 3496 24.
493 3431 686 3496 Cardinales
709 3432 853 3496 Victoris
876 3431 924 3494 IV
949 3432 983 3494 in
1008 3451 1067 3493 sua
1091 3426 1227 3512 epistola
1253 3425 1428 3508 encyclica
1451 3501 1452 3508 ἵ

301 3541 457 3596 enarrant
480 3533 653 3617 imprimis,
683 3530 882 3594 discordiam
907 3531 993 3592 inter
1017 3523 1211 3591 Cardinales
1241 3523 1352 3588 adhuc
1378 3524 1428 3585 vi-

251 3694 257 3706 ,
302 3639 401 3694 vento
416 3629 586 3694 Hadriano
603 3629 651 3694 lV
670 3629 741 3714 jam
766 3637 913 3691 exortam
939 3647 1019 3706 esse,
1044 3645 1081 3688 eo
1099 3623 1186 3709 quod
1210 3622 1312 3709 aliqui
1336 3623 1429 3704 regis

302 3728 405 3794 Siculi
439 3739 549 3816 partes
581 3727 866 3812 amplecterentur,
904 3725 1159 3789 conventionem
1184 3743 1259 3785 eum
1284 3722 1355 3806 ipso
1381 3720 1426 3782 al»
1451 3717 1452 3722 ’

303 3826 475 3891 Hadriano
508 3827 625 3890 initam
656 3824 924 3910 comprobarent,
957 3823 1194 3908 Imperatorem
1228 3828 1338 3883 autem
1371 3841 1427 3882 cx-

303 3926 541 3990 communicari
558 3923 697 4006 vellent3
722 3923 778 3987 alii
794 3943 883 4004 vero,
908 3920 1080 4003 (videlicet
1094 3921 1183 4004 ipsi),
1207 3917 1324 3982 foedus
1348 3937 1426 3978 cum

303 4024 415 4090 Siculo
460 4023 687 4110 reprobarent,
732 4032 765 4085 et
809 4021 1012 4105 majestatem
1059 4018 1250 4101 bonumque
1289 4017 1427 4099 Imperii

303 4133 482 4186 tuerentur.
529 4121 607 4186 lllos
632 4118 826 4185 Cardinales
861 4120 957 4182 etiam
996 4139 1030 4180 sc
1061 4116 1251 4202 juramento
1286 4111 1427 4177 adstrin-

303 4223 401 4301 xisse,
435 4241 476 4284 ne
500 4219 600 4283 alicui
625 4220 658 4282 in
683 4217 878 4282 Pontificem
911 4215 1014 4278 electo
1038 4216 1073 4278 ia
1096 4233 1185 4299 quem
1209 4211 1310 4280 Siculi
1342 4195 1452 4276 secto*
