3000 4838
419 437 542 492 Eventus
561 438 670 506 majoris
688 438 826 494 momenti.
1167 439 1204 493 53

86 585 116 644 ia
138 583 315 646 Romanam
339 579 503 645 ecclesiam
532 580 673 666 aliquam
701 583 886 646 inducerent
908 584 1091 660 nouitatem,
1122 583 1205 668 qood

85 703 245 766 perperam
263 679 394 765 factum
416 679 533 764 fuerat
554 681 590 742 in
612 679 726 743 melius
747 679 977 765 reformarunt,
1010 689 1039 743 el
1066 680 1205 744 eumdem

89 777 258 840 Honor-iam
281 777 384 840 denuo
408 777 608 854 advocantes,
633 775 678 839 ad
701 781 767 865 ejas
790 778 924 860 oeatiqia
941 776 1153 863 prociderunt
1176 787 1206 840 et

88 885 230 960 tanquam
251 875 456 960 pastoriaco
479 884 510 936 et
531 874 709 938 universali
726 875 835 960 Papae
859 887 1038 939 consuetam
1062 873 1204 938 obediem-

88 973 244 1035 nonsibi
267 970 475 1057 ubinamst)
522 971 639 1037 Merito
664 971 784 1057 conjici
810 980 916 1057 potest
939 994 981 1036 ex
1004 971 1095 1036 bisce
1119 972 1204 1036 aliis·

88 1092 145 1154 que
175 1071 286 1154 gestis,
318 1069 407 1133 Petri
432 1070 555 1134 Leonis
588 1079 715 1156 partem
740 1091 778 1134 eo
801 1079 950 1155 tempore
974 1069 1205 1135 Theobaldum

89 1166 295 1232 cardinalem
320 1167 464 1232 voluisse
487 1170 522 1232 in
545 1168 737 1254 pontificem
762 1189 966 1253 promovere,
1004 1179 1042 1232 ut
1072 1169 1203 1232 interim

89 1267 152 1350 ipse
176 1263 367 1330 Cardinalis
389 1267 512 1331 Leonis
548 1266 590 1331 ad
623 1287 696 1330 eam
727 1267 917 1352 perveniret
952 1275 1109 1349 aetatem,
1141 1288 1206 1352 qua

90 1363 291 1448 pontificatui
316 1363 496 1429 obtinendo
520 1387 582 1450 par
604 1374 698 1429 esset.
745 1364 819 1428 Non
844 1373 983 1449 apparet
1005 1365 1105 1445 enim,
1133 1363 1205 1449 jam

89 1473 162 1526 tunc
193 1459 407 1526 cardinalem
436 1463 559 1528 Leonis
594 1460 750 1526 ambiisse
785 1461 1031 1547 pontificatum,
1070 1461 1129 1526 sed
1165 1462 1207 1526 iis

88 1561 179 1624 annis
202 1559 327 1645 quibus
350 1559 519 1625 Honorius
542 1559 712 1625 Ecclesiae
744 1561 897 1645 praefuit,
929 1557 1139 1625 adlaboravit
1160 1560 1206 1623 fa·

91 1656 175 1721 milia
198 1659 264 1720 ista
287 1656 408 1723 nobilis
432 1659 567 1744 ejusque
591 1657 700 1739 lectio,
733 1668 770 1722 ut
793 1667 1006 1745 praepararet
1028 1658 1075 1723 illi
1099 1679 1206 1723 acces·

90 1777 157 1818 aum
179 1753 224 1818 ad
250 1754 287 1818 B.
312 1754 403 1819 Petri
427 1754 559 1821 Sedem.

172 1851 226 1916 65.
269 1851 436 1918 Honorius
459 1853 503 1936 ΙΙ,
537 1857 589 1918 vir
611 1856 723 1940 gravis
754 1864 855 1940 atque
878 1875 1023 1936 severus,
1059 1863 1096 1936 ut
1126 1854 1208 1936 dicit
1229 1879 1368 1921 nonenim
1488 1893 1489 1918 ι

90 1948 244 2034 Sugarius
267 1950 389 2031 abbas,
419 1953 574 2017 Pontifex
604 1953 669 2017 fuit
701 1953 932 2037 dignissimus,
971 1954 1027 2038 qui
1057 1953 1206 2036 vestigiis
1260 1944 1333 1993 ‘⁰⁸⁸⁸‘

92 2047 377 2132 praedecessorum
412 2051 567 2114 insistens
597 2049 767 2114 Ecclesiae
797 2049 931 2136 juribus
962 2048 1133 2114 servandis
1168 2072 1208 2114 ac

93 2143 283 2230 disciplinae
327 2169 440 2212 sacrae
484 2148 730 2234 promovendae
774 2147 888 2212 sedulo
928 2147 1126 2232 invigilavit.
1166 2187 1210 2196 —

95 2241 235 2306 Henrico
259 2243 290 2306 V
328 2245 364 2308 in
395 2244 576 2310 Germania
607 2269 637 2310 a.
674 2245 759 2310 1025
790 2248 948 2310 successit
976 2245 1153 2311 Lotharius
1176 2246 1211 2310 II

95 2339 188 2422 Saxo,
225 2343 359 2426 pietatis
388 2353 421 2406 et
450 2346 496 2407 rei
528 2343 667 2408 bellicae
690 2343 788 2408 laude
820 2342 937 2426 clarus,
974 2353 1119 2408 attanmn
1143 2366 1211 2409 non

96 2438 161 2501 sine
193 2440 402 2524 oppositione
431 2440 557 2526 aliquot
589 2443 788 2527 principum.
835 2440 1003 2506 Honorius
1032 2441 1080 2523 ΙΙ,
1116 2443 1211 2527 cujus

95 2532 187 2619 legati
216 2537 289 2621 jam
312 2537 464 2602 Lotharii
497 2538 649 2604 electioni
681 2539 829 2603 favorem
862 2541 1100 2626 praestiterant,
1137 2562 1211 2604 cam

98 2632 260 2697 roboravit
289 2656 349 2700 sua
377 2636 636 2719 confirmatione,
668 2659 733 2724 qua
764 2636 864 2701 simul
892 2646 925 2700 et
946 2637 1083 2723 Imperii
1107 2637 1211 2723 adipi·

99 2731 203 2795 scendi
243 2732 359 2798 titulus
396 2737 425 2799 ci
465 2734 705 2800 conferebatur.
756 2735 965 2799 Eridericum
997 2735 1140 2801 Sueviae
1179 2745 1213 2799 et
1331 2733 1333 2740 ⁴

99 2825 282 2895 Conradum
306 2831 513 2897 Franconiae
537 2832 638 2898 duces
662 2834 697 2896 in
719 2832 915 2897 Lotharium
939 2832 1078 2898 rebelles
1102 2833 1212 2897 Ponti·

99 2923 148 2989 fex
181 2932 496 2996 excommunicavit.
543 2930 721 2996 Lotharius
745 2953 823 2995 vero
857 2931 935 2995 inde
965 2930 1007 2994 ab
1032 2931 1127 2995 initio
1151 2930 1213 2995 Ec·

99 3023 210 3089 alesine
234 3049 268 3090 se
293 3029 437 3094 ostendit
459 3029 558 3093 valde
581 3029 764 3094 addictum.
810 3029 975 3107 Promisit,
1009 3050 1043 3093 se
1067 3050 1134 3093 non
1158 3028 1213 3094 ob·

99 3119 239 3187 futurum
264 3146 334 3188 esse
359 3125 528 3190 Ecclesiae
551 3126 706 3204 libertati,
732 3147 771 3189 ac
796 3135 1003 3190 servaturum
1028 3125 1213 3192 Concorde-

100 3227 162 3284 tom
185 3219 448 3306 Worrnatiense3
485 3225 551 3288 imo
576 3245 610 3288 se
641 3225 878 3310 permissurum
910 3244 981 3288 esse
1006 3225 1042 3288 1⁰
1066 3234 1103 3308 ut
1133 3224 1214 3289 elec-

100 3319 197 3384 tiones
226 3319 415 3406 praesulnm
447 3321 565 3386 fierent
587 3320 678 3386 baud
710 3321 940 3407 praesentibus
969 3323 1040 3406 ipso
1065 3321 1119 3386 vel
1145 3323 1214 3386 suis

100 3412 224 3500 legatis3
256 3418 295 3482 2⁰
317 3430 355 3482 nt
378 3421 497 3483 omisso
521 3417 669 3484 hominio
694 3442 714 3483 a
737 3416 945 3504 praesulibus
977 3428 1106 3483 tantum
1124 3420 1214 3504 jura·

101 3524 238 3579 mentum
264 3516 434 3581 fidelitatis
463 3526 704 3603 praestaretur3
741 3527 842 3602 utque
874 3517 913 3581 3⁰
936 3518 1133 3581 investitura
1155 3538 1215 3601 per

103 3625 258 3697 sceptrum
283 3617 318 3678 in
335 3613 490 3679 omnibus
506 3614 641 3700 Imperii
666 3613 816 3700 partibus
840 3624 915 3699 post
933 3616 1214 3678 consecrationem

106 3707 196 3777 fieret

183 3809 235 3876 66.
282 3811 506 3876 Difficultatcs
538 3833 675 3898 magnas
711 3812 838 3874 creavit
871 3809 1019 3873 Honorio
1042 3810 1079 3872 II
1108 3807 1216 3894 Roge-

107 3905 166 3970 rius
186 3907 219 3972 II
242 3909 379 3975 Siciliae
401 3911 566 3995 princeps.
614 3907 727 3989 Quum
751 3907 908 3973 videlicet
931 3905 1129 3988 Gulielmus,
1154 3905 1215 3970 Ro-

107 3999 179 4068 bcrti
195 4003 376 4071 Guiscardi
401 4029 513 4093 nepos,
538 4008 595 4091 qui
620 4007 652 4070 in
670 4002 795 4091 Apulia
819 4014 851 4069 et
867 4003 1022 4069 Calabria
1045 4002 1216 4090 regnabat,

108 4137 307 4152 -ἣ--ι

172 4221 192 4289 ¹)
208 4221 276 4276 Boeo
296 4219 425 4274 Cardia
446 4219 512 4274 vita
529 4217 644 4273 Honorii
662 4218 699 4274 11.
719 4233 760 4287 sp,
781 4216 943 4282 Wottericb,
962 4215 999 4272 11.
1019 4214 1079 4270 159.
