3000 4838
346 497 386 551 De
404 497 560 552 haeresibus
579 501 608 551 et
625 497 823 553 rontroversiis.
1112 500 1146 552 'lb

68 639 107 704 riri
124 641 253 722 aechrii,
285 641 343 726 qui
367 639 448 705 dum
472 639 701 706 declamarent
729 642 764 705 in
788 640 913 706 clerum
938 643 1076 728 ejusque
1100 641 1147 706 di·

67 737 148 818 u'tiss,
185 757 262 801 mox
285 738 517 802 auctoritatem
548 738 653 823 ipsius
676 736 847 802 Ecclesiae
886 740 1033 823 aggressi
1071 749 1148 804 sunt

62 855 167 920 amque
194 835 394 923 rejecerunt.
439 836 531 900 Inter
554 835 614 900 hos
637 857 716 900 vero
739 835 797 901 alii
821 835 901 900 dum
925 835 1148 917 hierarchiam

22 933 23 936 ’
61 933 319 1016 impugnaverant,
369 932 465 998 brevi
509 935 740 998 auctoritatem
782 955 913 998 omnem
954 944 1149 1001 recusarunt

57 1051 211 1113 agnoscere,
236 1039 271 1096 et
292 1029 400 1116 legem
419 1031 484 1096 Dei
509 1053 641 1117 quoque
665 1041 698 1096 et
721 1031 932 1118 disciplinam
957 1044 1149 1118 spernentes

56 1124 207 1192 libertatem
239 1129 434 1214 passionum
463 1128 712 1214 praedicavere.
759 1127 827 1209 Qui
851 1129 925 1194 aliis
949 1131 1040 1195 vitiis
1074 1153 1149 1197 con-

56 1227 264 1310 cupiscentiam
294 1228 405 1291 carnis
429 1226 641 1312 superabant,
670 1224 753 1291 falso
778 1227 1013 1312 spiritualismo
1038 1227 1149 1293 inhae-

55 1321 153 1407 rebant,
174 1323 227 1388 vel
251 1325 364 1406 etiam,
396 1325 445 1388 uti
467 1323 638 1389 Arnaldus
661 1347 681 1389 a
702 1324 829 1407 Brixia,
860 1324 1047 1389 tendentias
1070 1324 1150 1412 poli-

54 1421 115 1484 ticas
134 1421 297 1486 erroribus
320 1424 389 1486 suis
414 1422 684 1490 commiscebant.
723 1424 871 1487 Demum
894 1443 1058 1488 novorum
1081 1423 1150 1488 Ma

54 1516 235 1584 riehaeorum
267 1521 522 1605 perversissima
551 1530 655 1603 secta,
688 1521 748 1584 toti
772 1518 924 1605 religioni
949 1519 1150 1586 christianae
1186 1549 1193 1568 =

52 1617 248 1701 turpissimum
280 1627 427 1702 systema
457 1617 650 1703 religiosum
674 1627 707 1683 et
729 1618 852 1683 sociale
876 1617 1075 1683 substituere
1099 1640 1150 1682 co·

53 1726 109 1776 mu
127 1725 180 1780 est.

116 1813 162 1880 96.
205 1813 303 1878 Inter
326 1833 397 1894 eos,
431 1814 488 1899 qui
512 1823 622 1900 spreta
645 1814 843 1880 auctoritate
865 1812 1036 1878 Ecclesiae
1060 1813 1151 1877 vitae

51 1906 198 1974 dissolutae
221 1909 375 1975 habenas
388 1909 557 1994 laxabant,
583 1921 801 1978 numerantur
816 1912 995 1997 praecipue
1013 1911 1151 1976 Tauche-

52 2001 114 2071 iiuus
132 2017 163 2072 et
188 2009 281 2074 Eudo
307 2008 346 2070 de
361 2006 473 2072 Stella.
498 2047 543 2058 —
566 2008 792 2074 Tanchelinus
815 2011 869 2073 vir
890 2007 1006 2092 laicus,
1032 2007 1091 2072 sed
1106 2006 1149 2072 ab
1159 2007 1322 2050 'f²¹²⁰¹²⁰¹¹¹²¹²⁸·

52 2104 118 2168 inibo
145 2116 236 2170 veste
274 2106 461 2170 monastica
490 2105 643 2189 indutus,
675 2109 782 2193 primo
806 2105 995 2192 Ultrajecti‚
1028 2103 1150 2170 deinde

53 2201 223 2289 lrtverpiae
249 2211 286 2268 et
309 2205 344 2267 in
367 2202 449 2268 locis
472 2204 595 2268 vicinis
611 2203 757 2270 haeresis
781 2226 861 2269 suae
876 2203 1153 2288 venenaaparsit.

54 2297 140 2364 inat
167 2302 209 2366 de
242 2303 352 2388 ipsius
375 2303 476 2384 gestis
500 2301 640 2388 epistola
662 2303 886 2389 Trajeetensis
920 2299 1079 2366 ecelesiae
1110 2299 1155 2365 ad

57 2395 232 2466 federicum
257 2398 549 2485 archiepiscopum
573 2398 813 2483 Coloniensem,
847 2401 883 2465 in
917 2421 982 2486 qua
1014 2397 1153 2463 dicitur:

56 2495 95 2559 .lu
107 2499 284 2562 maritimis
308 2499 453 2583 primum
476 2496 560 2565 locis
581 2499 656 2564 rudi
673 2497 795 2586 populo
813 2508 846 2563 et
860 2497 1053 2563 infirmioris
1075 2495 1154 2561 fidei

51 2613 187 2660 rensuum
212 2593 381 2682 perfidiae
404 2617 483 2660 suae
499 2597 643 2679 miscuit,
667 2606 701 2661 et
715 2606 954 2682 permatronas
977 2603 1010 2658 et
1025 2592 1155 2658 mulier·

48 2691 116 2756 culus
126 2744 146 2758 ..
155 2744 163 2759 .
173 2715 305 2758 errores
319 2714 395 2756 suos
407 2692 568 2779 paulatim
583 2716 738 2780 spargere
750 2695 868 2780 coepit,
886 2693 1008 2758 deinde
1024 2714 1083 2779 per
1094 2691 1155 2758 has

48 2790 181 2876 conjuges
205 2793 313 2856 etiam
338 2792 426 2877 ipsos
450 2790 610 2876 perfidiae
633 2812 713 2855 suae
735 2789 863 2878 laqueis
887 2792 1038 2857 irretivit.
1084 2790 1155 2855 Nec

45 2885 99 2966 jum
125 2891 157 2954 in
179 2887 333 2954 tenebris
356 2887 411 2952 vel
435 2887 608 2972 cubiculis,
642 2887 700 2953 sed
723 2897 933 2975 supertecta
962 2887 1157 2974 praedicare

48 2981 196 3072 iucipiens,
222 2989 260 3051 im
282 2985 475 3072 patentibus
490 2989 617 3086 campis
633 2986 698 3052 late
713 2987 934 3051 circumfusae
948 2985 1156 3051 multitudini

48 3085 321 3167 sermocinabatur,
353 3092 387 3148 et
408 3083 513 3149 veluti
536 3106 598 3149 rex
620 3086 876 3150 concionaturus
910 3084 955 3149 sd
982 3083 1155 3170 populum,

48 3181 164 3264 stipatus
201 3180 406 3248 satellitibus
438 3181 600 3247 vexillum
636 3191 669 3247 et
699 3180 850 3268 gladium
879 3181 1155 3267 praeferentibus,

50 3276 119 3342 velut
148 3303 224 3346 eum
258 3279 449 3365 insignibus
472 3279 640 3365 regalibus
663 3302 849 3345 sermonem
873 3280 1021 3344 facturus
1044 3301 1157 3367 proee-

50 3373 108 3440 dere
128 3379 267 3444 solebat.
287 3427 295 3444 .
313 3427 321 3443 .
339 3428 347 3443 .
363 3377 593 3462 Declamabat,
619 3378 776 3444 ecclesias
798 3378 864 3443 Dei
887 3376 1063 3463 lupanaria
1086 3398 1157 3442 esse

51 3477 227 3560 reputanda3
265 3474 353 3540 nihil
382 3497 453 3541 esse
483 3476 573 3562 quod
603 3475 814 3542 sacerdotum
843 3475 953 3541 officie
984 3475 1020 3539 in
1043 3496 1158 3540 mensa

51 3568 193 3641 dominica
216 3573 457 3656 conficeretur3
491 3573 700 3660 pollutiones,
733 3595 800 3638 non
823 3581 1031 3638 sacramenta
1054 3573 1158 3637 nomi-

51 3669 155 3755 nauds3
186 3695 230 3738 ex
255 3673 384 3736 meritis
408 3680 441 3736 et
464 3673 639 3737 sanctitate
671 3673 897 3736 ministrorum
927 3673 1087 3735 virtutem
1110 3691 1159 3734 sa·

51 3773 205 3835 sumentis
219 3769 393 3835 accedere.
408 3819 416 3834 .
431 3819 439 3834 .
453 3817 461 3834 .
474 3768 725 3835 Dehortubatur
736 3769 896 3856 populum
913 3791 933 3832 a
947 3767 1159 3854 perceptione

51 3871 226 3934 ammenti
252 3867 402 3953 corporis
425 3875 459 3930 et
481 3869 655 3953 sanguinis
679 3868 828 3950 Domini,
852 3865 1034 3954 prohibens
1058 3867 1158 3930 etiam

52 3960 175 4032 mimus
198 3967 364 4032 ministris
386 3963 557 4030 Ecclesiae
582 3966 767 4031 exhiberi..
783 4018 789 4032 .
805 4018 811 4032 .
828 3963 967 4030 Talibus
991 3965 1158 4051 nequitiae

54 4064 239 4130 tuccessibus
272 4067 391 4129 misero
415 4063 542 4130 homini
566 4074 659 4130 tenta
682 4063 814 4130 sceleris
843 4064 983 4128 accessit
1005 4062 1158 4146 audacia,

54 4175 80 4219 rr
97 4163 187 4227 etiam
212 4186 249 4228 se
274 4163 386 4227 Deum
410 4161 545 4246 diceret,
569 4185 729 4246 asserens,
754 4164 883 4249 quiesi
909 4160 1061 4226 Christus
1084 4161 1159 4226 ideo

55 4251 126 4320 licus
147 4269 203 4342 est,
228 4261 311 4347 quia
325 4259 485 4346 Spiritum
510 4271 660 4328 sanctum
685 4261 866 4342 habuisset,
890 4281 925 4324 se
939 4281 1006 4324 non
1022 4259 1160 4324 inferius
