2822 4838
308 473 361 528 260
577 471 677 528 XXVI.
697 472 737 527 Dc
755 471 921 526 pontificatu
941 472 1092 528 Innocentii
1112 474 1163 528 ΙΙΙ.

308 618 532 693 transmittens,
557 627 586 678 et
606 611 667 701 per
683 617 838 703 proprios
861 617 990 680 nuntias
1006 639 1074 679 eam
1089 617 1221 703 faciens
1235 621 1367 698 eisitari,
1386 621 1405 682 d

307 714 556 800 cantinpentibus
586 713 667 777 nibil
698 717 853 796 amittens,
885 715 1010 777 etiamsi
1036 716 1104 801 rapi
1120 715 1297 802 plurimum
1320 717 1405 804 dirpli

307 825 396 878 cerct.
445 814 533 876 Nam
556 811 665 876 eadem
687 815 799 896 rapina
822 811 1077 898 conquerebatur,
1109 836 1140 876 se
1163 817 1265 901 magia
1298 839 1359 878 esee
1380 819 1405 877 in

307 923 501 976 carceratam
525 933 618 995 qaam
641 912 829 988 restitutam,
853 933 946 995 quum
969 912 1029 973 etsi
1051 935 1110 974 rea·
1125 914 1160 975 in
1176 916 1257 976 ricta
1273 925 1305 976 et
1320 916 1405 976 restit

307 1021 514 1098 competenter
545 1010 574 1070 ei
594 1009 722 1094 faceret
739 1009 917 1095 prouideri,
952 1009 1032 1072 adea
1057 1021 1160 1073 tamen
1185 1022 1268 1074 arcte
1285 1010 1405 1096 facieba

308 1131 376 1173 eam
399 1107 488 1194 apud
505 1105 656 1192 Stampas
680 1107 715 1169 ia
729 1109 816 1193 repia
834 1105 965 1193 palatio
989 1109 1154 1186 custodiri,
1179 1111 1262 1194 qood
1286 1131 1342 1173 mec
1359 1111 1405 1194 ips

300 1205 546 1294 pemaittebatar
575 1205 673 1282 entire,
704 1227 760 1267 nec
784 1206 948 1290 qaisquam
972 1205 1016 1268 ad
1039 1229 1117 1283 eom,
1149 1208 1213 1270 nisi
1243 1229 1333 1278 raro,
1357 1231 1405 1292 pa

306 1305 489 1367 mittebatur
512 1303 644 1382 intrare,
669 1304 771 1388 eicqae
794 1303 941 1365 manebat
957 1305 1083 1366 omnino
1100 1303 1215 1368 solatia
1231 1306 1405 1368 destituta¹

308 1441 350 1450 -
373 1403 448 1466 Non
464 1403 572 1488 potuit
594 1411 705 1464 autem
730 1403 764 1464 in
789 1402 852 1464 ieta
875 1422 984 1464 rerum
1011 1402 1201 1466 conditione
1216 1403 1405 1466 Innocentiu

307 1501 545 1564 convenienter
577 1500 695 1562 iterum
732 1497 885 1584 progredi
919 1498 962 1562 ad
987 1519 1145 1564 censuras
1180 1499 1405 1564 ecclesiastico

307 1597 440 1661 Etenim
472 1597 635 1661 sententia
665 1596 839 1660 definitiva
872 1618 911 1658 ac
937 1597 1084 1681 juridica
1118 1598 1159 1662 de
1190 1599 1277 1682 regis
1309 1599 1405 1682 nuptii

307 1717 374 1760 non
412 1705 483 1760 erat
520 1695 750 1780 pronuntiata,
789 1704 888 1779 atque
921 1693 1097 1780 Philippus
1133 1696 1357 1780 Ingeburgem
1393 1715 1405 1754 u

307 1815 445 1858 uxorem
469 1803 501 1858 et
524 1794 672 1875 reginam
697 1801 895 1876 susceperat,
934 1814 995 1855 nec
1022 1793 1094 1878 jam
1124 1803 1160 1857 ut
1188 1805 1298 1876 autea,
1334 1793 1405 1856 aliar

307 1892 549 1977 superinduxit.
563 1890 680 1976 Itaque
693 1889 922 1954 tantummodo
932 1891 1349 1976 reginaapudPontificem
1359 1911 1405 1952 cot

308 1992 400 2076 queri
414 1998 551 2075 poterat,
576 1987 787 2073 quodminus
811 1988 895 2052 bene
917 1987 1107 2074 aPhilippc
1131 1999 1349 2068 tractaretur3
1373 1988 1405 2050 di

308 2087 394 2152 ficile
432 2097 542 2151 autem
580 2094 650 2149 erat
673 2084 868 2149 Innocentio
905 2087 1002 2149 istam
1038 2089 1286 2172 quaestionem,
1326 2087 1405 2172 potia

307 2187 472 2272 privatam
496 2193 595 2269 atque
619 2183 844 2257 domesticam,
869 2186 1074 2248 auctoritatis
1097 2183 1310 2270 Apostolicae
1334 2181 1405 2247 armi

309 2286 497 2349 terminare.

399 2381 454 2446 42.
500 2379 636 2444 Interim
668 2376 844 2463 Philippus
879 2379 998 2443 iterum
1032 2389 1169 2444 conatus
1197 2381 1311 2444 varios
1342 2367 1405 2442 adli

207 2530 239 2558 u„
311 2481 393 2562 buit,
417 2489 454 2543 ut
478 2479 640 2543 sententie
658 2476 805 2561 juridica
830 2474 963 2540 divortii
978 2499 1035 2540 seu
1052 2476 1213 2542 nullitatis
1228 2483 1404 2542 matrimcn:

310 2580 396 2642 inter
423 2579 531 2662 ipsum
557 2585 588 2639 et
611 2573 837 2658 Ingeburgam
870 2597 890 2636 a
914 2574 999 2639 Sede
1023 2575 1217 2660 Apostolica
1240 2577 1404 2661 pronuntit

308 2686 406 2742 retur.
437 2675 537 2738 Anno
563 2673 648 2737 1203
673 2693 738 2735 non
763 2670 868 2736 solum
894 2671 935 2736 ob
960 2672 1132 2758 affinitatis
1155 2673 1404 2758 impedimentul

308 2773 489 2838 divortium
513 2772 616 2856 petiit,
649 2769 706 2833 sed
731 2768 861 2833 addidit
885 2771 985 2834 etiam
1016 2770 1098 2835 illud
1122 2774 1298 2851 motivum,
1334 2791 1403 2834 sea

309 2871 506 2935 maleficium
530 2868 572 2932 ab
597 2869 687 2932 omni
712 2889 787 2930 cum
813 2889 915 2930 uxore
940 2871 1138 2934 commercio
1153 2868 1330 2954 impediri3
1357 2865 1403 2934 ind

306 2969 509 3055 impotentiae
533 2963 808 3050 impedimentum
831 2964 916 3028 forte
941 2964 1167 3049 colligebatur.
1216 2969 1319 3032 Anno
1340 2963 1403 3055 luel

307 3089 409 3152 quum
427 3063 534 3130 Gunela
558 3063 685 3146 legatus
702 3061 873 3126 Pontificis
896 3065 930 3126 in
947 3061 1090 3128 Galliam
1117 3068 1272 3146 venisset,
1299 3067 1402 3130 tertiat

308 3164 442 3228 divortii
466 3163 637 3249 proposuit
672 3181 816 3224 eausam.
875 3159 1097 3245 Ingebnrgam
1137 3163 1295 3228 videlicet
1333 3161 1402 3228 vari

307 3261 434 3326 artibus
467 3261 623 3345 adegerat
657 3255 699 3320 ad
731 3259 998 3342 promissionem,
1039 3281 1073 3323 se
1104 3261 1330 3344 ingressuram
1364 3255 1402 3344 cel

308 3359 554 3438 monasterium,
587 3367 624 3419 ut
654 3366 729 3418 voto
764 3356 924 3419 castitatis
956 3357 1075 3420 emisso
1108 3359 1210 3422 vitam
1242 3349 1402 3442 religiosal

308 3457 452 3522 duceret.
500 3456 589 3520 Hinc
612 3453 787 3538 Philippus
812 3455 1024 3537 contendens,
1056 3464 1164 3520 ratum
1188 3453 1401 3521 tantummodi

308 3577 374 3620 nou
399 3576 477 3619 vero
502 3563 766 3617 consummatum
792 3574 861 3616 esse
885 3554 1078 3637 ipsiuscum
1096 3557 1210 3639 regina
1225 3551 1401 3641 conjugiutl

308 3655 497 3740 postulavit,
521 3662 558 3715 ut
582 3651 763 3716 solveretur
786 3649 849 3714 hoo
866 3653 1112 3716 matrimonium
1130 3663 1248 3732 ratum,
1274 3635 1401 3738 quenial

308 3751 442 3816 modum
467 3751 589 3836 passim
614 3748 795 3828 acciderat,
828 3747 869 3812 ab
895 3751 1079 3834 ingressum
1106 3750 1242 3815 alterius
1267 3747 1400 3835 partiat

308 3852 554 3914 monasterium.
600 3847 815 3910 Innocentius
846 3868 924 3911 vero
956 3849 1026 3932 regi
1061 3871 1127 3914 non
1161 3847 1341 3913 obsecutus

308 3946 364 4012 sed
389 3945 568 4032 respondit,
594 3943 683 4008 haud
709 3953 858 4008 constare
882 3943 923 4008 de
949 3948 1158 4010 matrimonio
1188 3969 1254 4011 non
1279 3969 1362 4011 cons

309 4055 406 4126 mato,
437 4053 470 4107 ct
492 4055 662 4129 praeterea
686 4041 994 4107 determinationem
1018 4047 1162 4128 reginae,
1195 4055 1231 4108 ut
1254 4044 1399 4130 amplect

381 4261 401 4326 ¹)
420 4259 497 4312 Num.
519 4258 560 4312 55.
