<?xml version="1.0" encoding="UTF-8"?>
<!DOCTYPE html PUBLIC "-//W3C//DTD XHTML 1.0 Transitional//EN"
    "http://www.w3.org/TR/xhtml1/DTD/xhtml1-transitional.dtd">
<html xmlns="http://www.w3.org/1999/xhtml" xml:lang="en" lang="en">
 <head>
  <title>
</title>
<meta http-equiv="Content-Type" content="text/html;charset=utf-8" />
  <meta name='ocr-system' content='tesseract 3.04.00' />
  <meta name='ocr-capabilities' content='ocr_page ocr_carea ocr_par ocr_line ocrx_word'/>
</head>
<body>
  <div class='ocr_page' id='page_1' title='image "./dissertationess00junggoog_0060.png"; bbox 0 0 3000 4838; ppageno 0'>
   <div class='ocr_carea' id='block_1_1' title="bbox 444 417 1185 476">
    <p class='ocr_par' dir='ltr' id='par_1_1' title="bbox 444 417 1185 476">
     <span class='ocr_line' id='line_1_1' title="bbox 444 417 1185 476; baseline 0.003 -4"><span class='ocrx_word' id='word_1_1' title='bbox 444 418 484 472; x_wconf 85' lang='lat' dir='ltr'><strong><em>De</em></strong></span> <span class='ocrx_word' id='word_1_2' title='bbox 501 417 658 472; x_wconf 79' lang='lat' dir='ltr'><strong><em>Monarchia</em></strong></span> <span class='ocrx_word' id='word_1_3' title='bbox 675 417 772 475; x_wconf 82' lang='lat' dir='ltr'><strong><em>Sicula.</em></strong></span> <span class='ocrx_word' id='word_1_4' title='bbox 1147 421 1185 476; x_wconf 79' lang='lat'><strong><em>45</em></strong></span> 
     </span>
    </p>
   </div>
   <div class='ocr_carea' id='block_1_2' title="bbox 56 560 1355 3978">
    <p class='ocr_par' dir='ltr' id='par_1_2' title="bbox 56 560 1355 3000">
     <span class='ocr_line' id='line_1_2' title="bbox 63 560 1185 649; baseline 0.004 -25"><span class='ocrx_word' id='word_1_5' title='bbox 63 561 201 647; x_wconf 79' lang='lat' dir='ltr'><strong><em>probitas</em></strong></span> <span class='ocrx_word' id='word_1_6' title='bbox 227 571 283 624; x_wconf 85' lang='lat' dir='ltr'><strong><em>tua</em></strong></span> <span class='ocrx_word' id='word_1_7' title='bbox 302 563 338 625; x_wconf 90' lang='lat' dir='ltr'><strong><em>in</em></strong></span> <span class='ocrx_word' id='word_1_8' title='bbox 353 560 585 626; x_wconf 76' lang='lat' dir='ltr'><strong><em>Saracenonsm</em></strong></span> <span class='ocrx_word' id='word_1_9' title='bbox 599 562 722 646; x_wconf 82' lang='lat' dir='ltr'><strong><em>finibus</em></strong></span> <span class='ocrx_word' id='word_1_10' title='bbox 738 561 914 628; x_wconf 75' lang='lat' dir='ltr'><em>Ecclesiam</em></span> <span class='ocrx_word' id='word_1_11' title='bbox 927 564 991 628; x_wconf 90' lang='lat' dir='ltr'><strong><em>Dei</em></strong></span> <span class='ocrx_word' id='word_1_12' title='bbox 1007 563 1185 649; x_wconf 80' lang='lat' dir='ltr'><strong><em>plurimum</em></strong></span> 
     </span>
     <span class='ocr_line' id='line_1_3' title="bbox 67 657 1184 746; baseline 0.004 -24"><span class='ocrx_word' id='word_1_13' title='bbox 67 657 222 736; x_wconf 70' lang='lat' dir='ltr'><strong><em>dictauit,</em></strong></span> <span class='ocrx_word' id='word_1_14' title='bbox 263 669 294 722; x_wconf 92' lang='lat' dir='ltr'><strong><em>et</em></strong></span> <span class='ocrx_word' id='word_1_15' title='bbox 325 671 455 724; x_wconf 87' lang='lat' dir='ltr'><strong><em>sanetae</em></strong></span> <span class='ocrx_word' id='word_1_16' title='bbox 486 657 564 724; x_wconf 83' lang='lat' dir='ltr'><strong><em>Sodi</em></strong></span> <span class='ocrx_word' id='word_1_17' title='bbox 592 660 797 746; x_wconf 83' lang='lat' dir='ltr'><strong><em>Apostolicae</em></strong></span> <span class='ocrx_word' id='word_1_18' title='bbox 832 662 977 726; x_wconf 81' lang='lat' dir='ltr'><strong><em>devotam</em></strong></span> <span class='ocrx_word' id='word_1_19' title='bbox 1012 684 1045 726; x_wconf 88' lang='lat' dir='ltr'><strong><em>se</em></strong></span> <span class='ocrx_word' id='word_1_20' title='bbox 1077 661 1184 726; x_wconf 73' lang='lat' dir='ltr'><strong><em>multis</em></strong></span> 
     </span>
     <span class='ocr_line' id='line_1_4' title="bbox 67 757 1185 845; baseline 0 -23"><span class='ocrx_word' id='word_1_21' title='bbox 67 759 155 822; x_wconf 77' lang='lat' dir='ltr'><strong><em>nodis</em></strong></span> <span class='ocrx_word' id='word_1_22' title='bbox 184 780 312 844; x_wconf 82' lang='lat' dir='ltr'><strong><em>semper·</em></strong></span> <span class='ocrx_word' id='word_1_23' title='bbox 342 758 498 835; x_wconf 76' lang='lat' dir='ltr'><strong><em>sabibuit,</em></strong></span> <span class='ocrx_word' id='word_1_24' title='bbox 531 779 589 822; x_wconf 89' lang='lat' dir='ltr'><strong><em>nos</em></strong></span> <span class='ocrx_word' id='word_1_25' title='bbox 616 759 651 822; x_wconf 91' lang='lat' dir='ltr'><strong><em>in</em></strong></span> <span class='ocrx_word' id='word_1_26' title='bbox 674 757 842 844; x_wconf 84' lang='lat' dir='ltr'><strong><em>specialem</em></strong></span> <span class='ocrx_word' id='word_1_27' title='bbox 872 770 965 845; x_wconf 79' lang='lat' dir='ltr'><strong><em>atque</em></strong></span> <span class='ocrx_word' id='word_1_28' title='bbox 987 761 1185 824; x_wconf 83' lang='lat' dir='ltr'><strong><em>carissimum</em></strong></span> 
     </span>
     <span class='ocr_line' id='line_1_5' title="bbox 56 855 1185 945; baseline 0.002 -27"><span class='ocrx_word' id='word_1_29' title='bbox 56 856 153 938; x_wconf 81' lang='lat' dir='ltr'><strong><em>filium</em></strong></span> <span class='ocrx_word' id='word_1_30' title='bbox 177 855 319 945; x_wconf 58' lang='lat' dir='ltr'><strong><em>ffadem</em></strong></span> <span class='ocrx_word' id='word_1_31' title='bbox 342 855 534 920; x_wconf 86' lang='lat' dir='ltr'><strong><em>uniuersalis</em></strong></span> <span class='ocrx_word' id='word_1_32' title='bbox 549 855 710 920; x_wconf 77' lang='lat' dir='ltr'><strong><em>Ecelesicm</em></strong></span> <span class='ocrx_word' id='word_1_33' title='bbox 733 866 761 919; x_wconf 89' lang='lat' dir='ltr'><strong><em>te</em></strong></span> <span class='ocrx_word' id='word_1_34' title='bbox 787 859 1023 943; x_wconf 66' lang='lat' dir='ltr'><strong><em>assumpsimus.</em></strong></span> <span class='ocrx_word' id='word_1_35' title='bbox 1062 857 1185 921; x_wconf 77' lang='lat' dir='ltr'><em>Idcirco</em></span> 
     </span>
     <span class='ocr_line' id='line_1_6' title="bbox 65 952 1183 1040; baseline 0.002 -24"><span class='ocrx_word' id='word_1_36' title='bbox 65 954 99 1016; x_wconf 81' lang='lat' dir='ltr'><strong><em>de</em></strong></span> <span class='ocrx_word' id='word_1_37' title='bbox 120 965 192 1018; x_wconf 81' lang='lat' dir='ltr'><strong><em>tuae</em></strong></span> <span class='ocrx_word' id='word_1_38' title='bbox 211 953 390 1040; x_wconf 74' lang='lat' dir='ltr'><strong><em>probitatis</em></strong></span> <span class='ocrx_word' id='word_1_39' title='bbox 405 955 587 1018; x_wconf 82' lang='lat' dir='ltr'><strong><em>sinceritate</em></strong></span> <span class='ocrx_word' id='word_1_40' title='bbox 598 952 773 1039; x_wconf 82' lang='lat' dir='ltr'><strong><em>plurimum</em></strong></span> <span class='ocrx_word' id='word_1_41' title='bbox 789 955 990 1038; x_wconf 77' lang='lat' dir='ltr'><strong><em>confidentes,</em></strong></span> <span class='ocrx_word' id='word_1_42' title='bbox 1014 956 1096 1018; x_wconf 88' lang='lat' dir='ltr'><strong><em>sicut</em></strong></span> <span class='ocrx_word' id='word_1_43' title='bbox 1117 979 1183 1018; x_wconf 85' lang='lat' dir='ltr'><strong><em>uer·</em></strong></span> 
     </span>
     <span class='ocr_line' id='line_1_7' title="bbox 65 1051 1185 1139; baseline -0.001 -22"><span class='ocrx_word' id='word_1_44' title='bbox 65 1053 108 1117; x_wconf 82' lang='lat' dir='ltr'><strong><em>bis</em></strong></span> <span class='ocrx_word' id='word_1_45' title='bbox 129 1053 349 1139; x_wconf 77' lang='lat' dir='ltr'><strong><em>promisimus,</em></strong></span> <span class='ocrx_word' id='word_1_46' title='bbox 384 1053 432 1114; x_wconf 84' lang='lat' dir='ltr'><strong><em>ita</em></strong></span> <span class='ocrx_word' id='word_1_47' title='bbox 464 1052 561 1116; x_wconf 87' lang='lat' dir='ltr'><strong><em>etiam</em></strong></span> <span class='ocrx_word' id='word_1_48' title='bbox 588 1051 765 1116; x_wconf 84' lang='lat' dir='ltr'><strong><em>litterarum</em></strong></span> <span class='ocrx_word' id='word_1_49' title='bbox 790 1053 979 1118; x_wconf 80' lang='lat' dir='ltr'><strong><em>auctoritate</em></strong></span> <span class='ocrx_word' id='word_1_50' title='bbox 1001 1052 1185 1128; x_wconf 74' lang='lat' dir='ltr'><strong><em>firmamus:</em></strong></span> 
     </span>
     <span class='ocr_line' id='line_1_8' title="bbox 63 1147 1183 1235; baseline -0.003 -21"><span class='ocrx_word' id='word_1_51' title='bbox 63 1152 140 1235; x_wconf 75' lang='lat' dir='ltr'><strong><em>quoti</em></strong></span> <span class='ocrx_word' id='word_1_52' title='bbox 162 1151 251 1214; x_wconf 87' lang='lat' dir='ltr'><strong><em>omni</em></strong></span> <span class='ocrx_word' id='word_1_53' title='bbox 273 1151 357 1214; x_wconf 86' lang='lat' dir='ltr'><strong><em>citae</em></strong></span> <span class='ocrx_word' id='word_1_54' title='bbox 382 1160 453 1212; x_wconf 78' lang='lat' dir='ltr'><strong><em>asae</em></strong></span> <span class='ocrx_word' id='word_1_55' title='bbox 477 1159 628 1235; x_wconf 82' lang='lat' dir='ltr'><strong><em>tempore,</em></strong></span> <span class='ocrx_word' id='word_1_56' title='bbox 652 1149 702 1214; x_wconf 85' lang='lat' dir='ltr'><strong><em>uel</em></strong></span> <span class='ocrx_word' id='word_1_57' title='bbox 715 1149 786 1233; x_wconf 80' lang='lat' dir='ltr'><strong><em>filii</em></strong></span> <span class='ocrx_word' id='word_1_58' title='bbox 809 1153 857 1214; x_wconf 89' lang='lat' dir='ltr'><strong><em>tui</em></strong></span> <span class='ocrx_word' id='word_1_59' title='bbox 879 1148 1031 1231; x_wconf 80' lang='lat' dir='ltr'><strong><em>Simonis,</em></strong></span> <span class='ocrx_word' id='word_1_60' title='bbox 1057 1161 1114 1214; x_wconf 87' lang='lat' dir='ltr'><strong><em>cut</em></strong></span> <span class='ocrx_word' id='word_1_61' title='bbox 1137 1147 1183 1214; x_wconf 85' lang='lat' dir='ltr'><strong><em>ai-</em></strong></span> 
     </span>
     <span class='ocr_line' id='line_1_9' title="bbox 65 1245 1186 1334; baseline 0 -22"><span class='ocrx_word' id='word_1_62' title='bbox 65 1251 164 1326; x_wconf 79' lang='lat' dir='ltr'><strong><em>lerius,</em></strong></span> <span class='ocrx_word' id='word_1_63' title='bbox 196 1251 253 1334; x_wconf 81' lang='lat' dir='ltr'><strong><em>qui</em></strong></span> <span class='ocrx_word' id='word_1_64' title='bbox 277 1247 432 1333; x_wconf 69' lang='lat' dir='ltr'><strong><em>leyitimus</em></strong></span> <span class='ocrx_word' id='word_1_65' title='bbox 457 1257 529 1311; x_wconf 87' lang='lat' dir='ltr'><strong><em>tuus</em></strong></span> <span class='ocrx_word' id='word_1_66' title='bbox 552 1247 662 1310; x_wconf 85' lang='lat' dir='ltr'><strong><em>baeres</em></strong></span> <span class='ocrx_word' id='word_1_67' title='bbox 685 1249 853 1326; x_wconf 74' lang='lat' dir='ltr'><strong><em>metiterit,</em></strong></span> <span class='ocrx_word' id='word_1_68' title='bbox 886 1245 1008 1312; x_wconf 86' lang='lat' dir='ltr'><strong><em>nullum</em></strong></span> <span class='ocrx_word' id='word_1_69' title='bbox 1039 1250 1073 1312; x_wconf 92' lang='lat' dir='ltr'><strong><em>in</em></strong></span> <span class='ocrx_word' id='word_1_70' title='bbox 1098 1259 1186 1312; x_wconf 86' lang='lat' dir='ltr'><strong><em>terra</em></strong></span> 
     </span>
     <span class='ocr_line' id='line_1_10' title="bbox 58 1345 1186 1433; baseline -0.001 -23"><span class='ocrx_word' id='word_1_71' title='bbox 58 1349 225 1433; x_wconf 80' lang='lat' dir='ltr'><strong><em>potestatis</em></strong></span> <span class='ocrx_word' id='word_1_72' title='bbox 254 1357 377 1410; x_wconf 72' lang='lat' dir='ltr'><strong><em>canae</em></strong></span> <span class='ocrx_word' id='word_1_73' title='bbox 401 1356 535 1432; x_wconf 82' lang='lat' dir='ltr'><strong><em>praeter</em></strong></span> <span class='ocrx_word' id='word_1_74' title='bbox 561 1345 753 1410; x_wconf 86' lang='lat' dir='ltr'><strong><em>uoluntatem</em></strong></span> <span class='ocrx_word' id='word_1_75' title='bbox 781 1358 839 1410; x_wconf 90' lang='lat' dir='ltr'><strong><em>out</em></strong></span> <span class='ocrx_word' id='word_1_76' title='bbox 861 1346 1026 1410; x_wconf 86' lang='lat' dir='ltr'><strong><em>consilinm</em></strong></span> <span class='ocrx_word' id='word_1_77' title='bbox 1048 1356 1186 1410; x_wconf 82' lang='lat' dir='ltr'><strong><em>uestnsm</em></strong></span> 
     </span>
     <span class='ocr_line' id='line_1_11' title="bbox 65 1441 1183 1531; baseline 0.003 -25"><span class='ocrx_word' id='word_1_78' title='bbox 65 1443 194 1530; x_wconf 64' lang='lat' dir='ltr'><strong><em>leonium</em></strong></span> <span class='ocrx_word' id='word_1_79' title='bbox 207 1447 374 1509; x_wconf 84' lang='lat' dir='ltr'><strong><em>Romanae</em></strong></span> <span class='ocrx_word' id='word_1_80' title='bbox 397 1441 545 1507; x_wconf 85' lang='lat' dir='ltr'><strong><em>ccclesiae</em></strong></span> <span class='ocrx_word' id='word_1_81' title='bbox 568 1453 751 1521; x_wconf 87' lang='lat' dir='ltr'><strong><em>statuemus,</em></strong></span> <span class='ocrx_word' id='word_1_82' title='bbox 775 1445 935 1528; x_wconf 74' lang='lat' dir='ltr'><strong><em>quinimo</em></strong></span> <span class='ocrx_word' id='word_1_83' title='bbox 960 1469 1040 1530; x_wconf 83' lang='lat' dir='ltr'><strong><em>quae</em></strong></span> <span class='ocrx_word' id='word_1_84' title='bbox 1058 1468 1120 1531; x_wconf 81' lang='lat' dir='ltr'><strong><em>per</em></strong></span> <span class='ocrx_word' id='word_1_85' title='bbox 1142 1443 1183 1510; x_wconf 89' lang='lat' dir='ltr'><strong><em>le-</em></strong></span> 
     </span>
     <span class='ocr_line' id='line_1_12' title="bbox 63 1540 1183 1628; baseline -0.001 -22"><span class='ocrx_word' id='word_1_86' title='bbox 63 1555 163 1628; x_wconf 70' lang='lat' dir='ltr'><strong><em>yotum</em></strong></span> <span class='ocrx_word' id='word_1_87' title='bbox 186 1545 294 1608; x_wconf 69' lang='lat' dir='ltr'><strong><em>actum</em></strong></span> <span class='ocrx_word' id='word_1_88' title='bbox 315 1565 431 1620; x_wconf 75' lang='lat' dir='ltr'><strong><em>mmus,</em></strong></span> <span class='ocrx_word' id='word_1_89' title='bbox 453 1563 512 1627; x_wconf 84' lang='lat' dir='ltr'><strong><em>per</em></strong></span> <span class='ocrx_word' id='word_1_90' title='bbox 533 1553 669 1605; x_wconf 86' lang='lat' dir='ltr'><strong><em>oestrum</em></strong></span> <span class='ocrx_word' id='word_1_91' title='bbox 692 1541 886 1607; x_wconf 81' lang='lat' dir='ltr'><strong><em>iudustriam</em></strong></span> <span class='ocrx_word' id='word_1_92' title='bbox 917 1540 1015 1627; x_wconf 74' lang='lat' dir='ltr'><strong><em>ieyati</em></strong></span> <span class='ocrx_word' id='word_1_93' title='bbox 1037 1543 1101 1605; x_wconf 88' lang='lat' dir='ltr'><strong><em>uiae</em></strong></span> <span class='ocrx_word' id='word_1_94' title='bbox 1132 1565 1183 1606; x_wconf 78' lang='lat' dir='ltr'><strong><em>em-</em></strong></span> 
     </span>
     <span class='ocr_line' id='line_1_13' title="bbox 64 1637 1186 1726; baseline 0.002 -24"><span class='ocrx_word' id='word_1_95' title='bbox 64 1641 159 1704; x_wconf 84' lang='lat' dir='ltr'><strong><em>biberi</em></strong></span> <span class='ocrx_word' id='word_1_96' title='bbox 173 1641 326 1720; x_wconf 84' lang='lat' dir='ltr'><strong><em>columns,</em></strong></span> <span class='ocrx_word' id='word_1_97' title='bbox 352 1640 478 1726; x_wconf 78' lang='lat' dir='ltr'><strong><em>quando</em></strong></span> <span class='ocrx_word' id='word_1_98' title='bbox 494 1640 538 1702; x_wconf 81' lang='lat' dir='ltr'><strong><em>ad</em></strong></span> <span class='ocrx_word' id='word_1_99' title='bbox 551 1661 606 1703; x_wconf 87' lang='lat' dir='ltr'><strong><em>uos</em></strong></span> <span class='ocrx_word' id='word_1_100' title='bbox 630 1661 670 1702; x_wconf 78' lang='lat' dir='ltr'><strong><em>ec</em></strong></span> <span class='ocrx_word' id='word_1_101' title='bbox 686 1637 785 1703; x_wconf 81' lang='lat' dir='ltr'><strong><em>latere</em></strong></span> <span class='ocrx_word' id='word_1_102' title='bbox 808 1651 916 1704; x_wconf 87' lang='lat' dir='ltr'><strong><em>nostro</em></strong></span> <span class='ocrx_word' id='word_1_103' title='bbox 930 1641 1115 1719; x_wconf 73' lang='lat' dir='ltr'><strong><em>miserimus,</em></strong></span> <span class='ocrx_word' id='word_1_104' title='bbox 1140 1641 1186 1704; x_wconf 80' lang='lat' dir='ltr'><strong><em>ad</em></strong></span> 
     </span>
     <span class='ocr_line' id='line_1_14' title="bbox 65 1734 1184 1824; baseline -0.002 -21"><span class='ocrx_word' id='word_1_105' title='bbox 65 1738 191 1803; x_wconf 82' lang='lat' dir='ltr'><strong><em>salutem</em></strong></span> <span class='ocrx_word' id='word_1_106' title='bbox 226 1736 374 1803; x_wconf 81' lang='lat' dir='ltr'><strong><em>videlicet</em></strong></span> <span class='ocrx_word' id='word_1_107' title='bbox 407 1748 589 1801; x_wconf 87' lang='lat' dir='ltr'><strong><em>sanctarum</em></strong></span> <span class='ocrx_word' id='word_1_108' title='bbox 623 1734 838 1815; x_wconf 82' lang='lat' dir='ltr'><strong><em>ecclesiarum,</em></strong></span> <span class='ocrx_word' id='word_1_109' title='bbox 878 1761 958 1824; x_wconf 78' lang='lat' dir='ltr'><strong><em>quae</em></strong></span> <span class='ocrx_word' id='word_1_110' title='bbox 993 1736 1048 1800; x_wconf 92' lang='lat' dir='ltr'><strong><em>sub</em></strong></span> <span class='ocrx_word' id='word_1_111' title='bbox 1078 1747 1184 1802; x_wconf 83' lang='lat' dir='ltr'><strong><em>uestra</em></strong></span> 
     </span>
     <span class='ocr_line' id='line_1_15' title="bbox 62 1835 1186 1925; baseline 0.002 -27"><span class='ocrx_word' id='word_1_112' title='bbox 62 1848 215 1921; x_wconf 76' lang='lat' dir='ltr'><strong><em>potestate</em></strong></span> <span class='ocrx_word' id='word_1_113' title='bbox 239 1837 391 1914; x_wconf 64' lang='lat' dir='ltr'><strong><em>emittant,</em></strong></span> <span class='ocrx_word' id='word_1_114' title='bbox 416 1836 460 1898; x_wconf 81' lang='lat' dir='ltr'><strong><em>ad</em></strong></span> <span class='ocrx_word' id='word_1_115' title='bbox 482 1836 629 1899; x_wconf 85' lang='lat' dir='ltr'><strong><em>bonorem</em></strong></span> <span class='ocrx_word' id='word_1_116' title='bbox 653 1836 749 1899; x_wconf 87' lang='lat' dir='ltr'><strong><em>Beati</em></strong></span> <span class='ocrx_word' id='word_1_117' title='bbox 771 1835 861 1899; x_wconf 81' lang='lat' dir='ltr'><strong><em>Petri</em></strong></span> <span class='ocrx_word' id='word_1_118' title='bbox 884 1847 1092 1922; x_wconf 80' lang='lat' dir='ltr'><strong><em>sanctaequae</em></strong></span> <span class='ocrx_word' id='word_1_119' title='bbox 1116 1839 1186 1925; x_wconf 87' lang='lat' dir='ltr'><strong><em>ejus</em></strong></span> 
     </span>
     <span class='ocr_line' id='line_1_16' title="bbox 68 1933 1183 2022; baseline 0.003 -29"><span class='ocrx_word' id='word_1_120' title='bbox 68 1933 153 1998; x_wconf 80' lang='lat' dir='ltr'><strong><em>Sedis</em></strong></span> <span class='ocrx_word' id='word_1_121' title='bbox 175 1935 393 2022; x_wconf 78' lang='lat' dir='ltr'><strong><em>Apostolicoe,</em></strong></span> <span class='ocrx_word' id='word_1_122' title='bbox 424 1935 476 1997; x_wconf 90' lang='lat' dir='ltr'><strong><em>eui</em></strong></span> <span class='ocrx_word' id='word_1_123' title='bbox 499 1933 606 1997; x_wconf 84' lang='lat' dir='ltr'><strong><em>devote</em></strong></span> <span class='ocrx_word' id='word_1_124' title='bbox 628 1935 777 1998; x_wconf 85' lang='lat' dir='ltr'><strong><em>bactenus</em></strong></span> <span class='ocrx_word' id='word_1_125' title='bbox 799 1933 943 2010; x_wconf 83' lang='lat' dir='ltr'><strong><em>obedisti,</em></strong></span> <span class='ocrx_word' id='word_1_126' title='bbox 974 1955 1125 2018; x_wconf 82' lang='lat' dir='ltr'><strong><em>quamque</em></strong></span> <span class='ocrx_word' id='word_1_127' title='bbox 1148 1935 1183 1997; x_wconf 91' lang='lat' dir='ltr'><strong><em>in</em></strong></span> 
     </span>
     <span class='ocr_line' id='line_1_17' title="bbox 69 2028 1183 2120; baseline -0.003 -23"><span class='ocrx_word' id='word_1_128' title='bbox 69 2031 353 2118; x_wconf 76' lang='lat' dir='ltr'><strong><em>opportrsnitatibus</em></strong></span> <span class='ocrx_word' id='word_1_129' title='bbox 384 2034 450 2096; x_wconf 87' lang='lat' dir='ltr'><strong><em>suis</em></strong></span> <span class='ocrx_word' id='word_1_130' title='bbox 473 2041 596 2095; x_wconf 83' lang='lat' dir='ltr'><strong><em>strenue</em></strong></span> <span class='ocrx_word' id='word_1_131' title='bbox 620 2041 651 2095; x_wconf 90' lang='lat' dir='ltr'><strong><em>et</em></strong></span> <span class='ocrx_word' id='word_1_132' title='bbox 664 2028 808 2114; x_wconf 80' lang='lat' dir='ltr'><strong><em>fideliter</em></strong></span> <span class='ocrx_word' id='word_1_133' title='bbox 840 2029 1003 2120; x_wconf 79' lang='lat' dir='ltr'><strong><em>adjuvisti.</em></strong></span> <span class='ocrx_word' id='word_1_134' title='bbox 1051 2029 1089 2094; x_wconf 76' lang='lat' dir='ltr'><strong><em>Si</em></strong></span> <span class='ocrx_word' id='word_1_135' title='bbox 1110 2054 1183 2096; x_wconf 86' lang='lat' dir='ltr'><strong><em>uero</em></strong></span> 
     </span>
     <span class='ocr_line' id='line_1_18' title="bbox 70 2128 1186 2214; baseline -0.002 -20"><span class='ocrx_word' id='word_1_136' title='bbox 70 2130 457 2194; x_wconf 58' lang='lat' dir='ltr'><strong><em>consoranensium</em></strong></span> <span class='ocrx_word' id='word_1_137' title='bbox 480 2139 510 2192; x_wconf 87' lang='lat' dir='ltr'><strong><em>et</em></strong></span> <span class='ocrx_word' id='word_1_138' title='bbox 533 2128 592 2192; x_wconf 90' lang='lat' dir='ltr'><strong><em>tibi</em></strong></span> <span class='ocrx_word' id='word_1_139' title='bbox 613 2129 815 2207; x_wconf 82' lang='lat' dir='ltr'><strong><em>mandavero,</em></strong></span> <span class='ocrx_word' id='word_1_140' title='bbox 844 2140 998 2214; x_wconf 82' lang='lat' dir='ltr'><strong><em>quatenus</em></strong></span> <span class='ocrx_word' id='word_1_141' title='bbox 1020 2131 1186 2214; x_wconf 82' lang='lat' dir='ltr'><strong><em>episcopos</em></strong></span> 
     </span>
     <span class='ocr_line' id='line_1_19' title="bbox 73 2224 1184 2312; baseline -0.002 -22"><span class='ocrx_word' id='word_1_142' title='bbox 73 2241 96 2290; x_wconf 71' lang='lat' dir='ltr'><strong><em>et</em></strong></span> <span class='ocrx_word' id='word_1_143' title='bbox 115 2229 245 2293; x_wconf 81' lang='lat' dir='ltr'><strong><em>abbates</em></strong></span> <span class='ocrx_word' id='word_1_144' title='bbox 269 2239 341 2293; x_wconf 80' lang='lat' dir='ltr'><strong><em>nae</em></strong></span> <span class='ocrx_word' id='word_1_145' title='bbox 366 2239 469 2292; x_wconf 84' lang='lat' dir='ltr'><strong><em>terrae</em></strong></span> <span class='ocrx_word' id='word_1_146' title='bbox 491 2228 568 2290; x_wconf 88' lang='lat' dir='ltr'><strong><em>mibi</em></strong></span> <span class='ocrx_word' id='word_1_147' title='bbox 592 2228 709 2304; x_wconf 88' lang='lat' dir='ltr'><strong><em>mittas,</em></strong></span> <span class='ocrx_word' id='word_1_148' title='bbox 733 2237 808 2310; x_wconf 83' lang='lat' dir='ltr'><strong><em>quot</em></strong></span> <span class='ocrx_word' id='word_1_149' title='bbox 823 2237 943 2312; x_wconf 83' lang='lat' dir='ltr'><strong><em>etqnos</em></strong></span> <span class='ocrx_word' id='word_1_150' title='bbox 964 2224 1101 2292; x_wconf 86' lang='lat' dir='ltr'><strong><em>volueris</em></strong></span> <span class='ocrx_word' id='word_1_151' title='bbox 1116 2228 1184 2290; x_wconf 91' lang='lat' dir='ltr'><strong><em>mit·</em></strong></span> 
     </span>
     <span class='ocr_line' id='line_1_20' title="bbox 77 2323 1183 2404; baseline -0.003 -14"><span class='ocrx_word' id='word_1_152' title='bbox 77 2337 122 2404; x_wconf 82' lang='lat' dir='ltr'><strong><em>tm,</em></strong></span> <span class='ocrx_word' id='word_1_153' title='bbox 152 2325 237 2392; x_wconf 86' lang='lat' dir='ltr'><strong><em>alios</em></strong></span> <span class='ocrx_word' id='word_1_154' title='bbox 266 2349 337 2390; x_wconf 85' lang='lat' dir='ltr'><strong><em>cero</em></strong></span> <span class='ocrx_word' id='word_1_155' title='bbox 362 2325 406 2390; x_wconf 82' lang='lat' dir='ltr'><strong><em>ad</em></strong></span> <span class='ocrx_word' id='word_1_156' title='bbox 428 2327 588 2389; x_wconf 74' lang='lat' dir='ltr'><strong><em>sermtium</em></strong></span> <span class='ocrx_word' id='word_1_157' title='bbox 612 2323 813 2388; x_wconf 82' lang='lat' dir='ltr'><strong><em>ecclesiarum</em></strong></span> <span class='ocrx_word' id='word_1_158' title='bbox 836 2335 866 2390; x_wconf 90' lang='lat' dir='ltr'><strong><em>et</em></strong></span> <span class='ocrx_word' id='word_1_159' title='bbox 880 2324 1006 2388; x_wconf 78' lang='lat' dir='ltr'><strong><em>trstiiam</em></strong></span> <span class='ocrx_word' id='word_1_160' title='bbox 1033 2326 1183 2388; x_wconf 81' lang='lat' dir='ltr'><strong><em>retineas.</em></strong></span> 
     </span>
     <span class='ocr_line' id='line_1_21' title="bbox 78 2421 1186 2512; baseline -0.003 -24"><span class='ocrx_word' id='word_1_161' title='bbox 78 2425 269 2512; x_wconf 67' lang='lat' dir='ltr'><strong><em>imnipoteas</em></strong></span> <span class='ocrx_word' id='word_1_162' title='bbox 291 2426 381 2489; x_wconf 88' lang='lat' dir='ltr'><strong><em>Deus</em></strong></span> <span class='ocrx_word' id='word_1_163' title='bbox 413 2435 500 2487; x_wconf 89' lang='lat' dir='ltr'><strong><em>actus</em></strong></span> <span class='ocrx_word' id='word_1_164' title='bbox 532 2433 600 2487; x_wconf 91' lang='lat' dir='ltr'><strong><em>tuos</em></strong></span> <span class='ocrx_word' id='word_1_165' title='bbox 624 2425 659 2486; x_wconf 89' lang='lat' dir='ltr'><strong><em>in</em></strong></span> <span class='ocrx_word' id='word_1_166' title='bbox 683 2421 878 2508; x_wconf 82' lang='lat' dir='ltr'><strong><em>beneplacito</em></strong></span> <span class='ocrx_word' id='word_1_167' title='bbox 903 2444 958 2487; x_wconf 91' lang='lat' dir='ltr'><strong><em>suo</em></strong></span> <span class='ocrx_word' id='word_1_168' title='bbox 989 2423 1123 2508; x_wconf 71' lang='lat' dir='ltr'><strong><em>diriyat,</em></strong></span> <span class='ocrx_word' id='word_1_169' title='bbox 1155 2433 1186 2485; x_wconf 92' lang='lat' dir='ltr'><strong><em>et</em></strong></span> 
     </span>
     <span class='ocr_line' id='line_1_22' title="bbox 73 2521 1185 2615; baseline 0.003 -33"><span class='ocrx_word' id='word_1_170' title='bbox 73 2532 134 2586; x_wconf 85' lang='lat' dir='ltr'><strong><em>tea</em></strong></span> <span class='ocrx_word' id='word_1_171' title='bbox 153 2526 299 2615; x_wconf 75' lang='lat' dir='ltr'><strong><em>peccatis</em></strong></span> <span class='ocrx_word' id='word_1_172' title='bbox 318 2521 494 2586; x_wconf 86' lang='lat' dir='ltr'><strong><em>absolutum</em></strong></span> <span class='ocrx_word' id='word_1_173' title='bbox 518 2523 553 2584; x_wconf 88' lang='lat' dir='ltr'><strong><em>in</em></strong></span> <span class='ocrx_word' id='word_1_174' title='bbox 577 2523 675 2584; x_wconf 87' lang='lat' dir='ltr'><strong><em>vitam</em></strong></span> <span class='ocrx_word' id='word_1_175' title='bbox 698 2530 860 2585; x_wconf 85' lang='lat' dir='ltr'><strong><em>aeternam</em></strong></span> <span class='ocrx_word' id='word_1_176' title='bbox 872 2521 1045 2606; x_wconf 76' lang='lat' dir='ltr'><strong><em>perducat·</em></strong></span> <span class='ocrx_word' id='word_1_177' title='bbox 1063 2521 1185 2585; x_wconf 88' lang='lat' dir='ltr'><strong><em>Datum</em></strong></span> 
     </span>
     <span class='ocr_line' id='line_1_23' title="bbox 73 2617 1183 2709; baseline 0.001 -27"><span class='ocrx_word' id='word_1_178' title='bbox 73 2617 190 2686; x_wconf 54' lang='lat' dir='ltr'><strong><em>*islensi</em></strong></span> <span class='ocrx_word' id='word_1_179' title='bbox 223 2646 286 2709; x_wconf 82' lang='lat' dir='ltr'><strong><em>per</em></strong></span> <span class='ocrx_word' id='word_1_180' title='bbox 324 2643 450 2685; x_wconf 88' lang='lat' dir='ltr'><strong><em>manum</em></strong></span> <span class='ocrx_word' id='word_1_181' title='bbox 487 2620 627 2684; x_wconf 82' lang='lat' dir='ltr'><strong><em>Joannis</em></strong></span> <span class='ocrx_word' id='word_1_182' title='bbox 659 2617 795 2684; x_wconf 82' lang='lat' dir='ltr'><strong><em>Sanctae</em></strong></span> <span class='ocrx_word' id='word_1_183' title='bbox 828 2620 993 2683; x_wconf 85' lang='lat' dir='ltr'><strong><em>Romanae</em></strong></span> <span class='ocrx_word' id='word_1_184' title='bbox 1022 2617 1183 2683; x_wconf 83' lang='lat' dir='ltr'><strong><em>Ecclesiae</em></strong></span> 
     </span>
     <span class='ocr_line' id='line_1_24' title="bbox 71 2715 1185 2799; baseline -0.001 -20"><span class='ocrx_word' id='word_1_185' title='bbox 71 2717 201 2784; x_wconf 87' lang='lat' dir='ltr'><strong><em>Diaconi</em></strong></span> <span class='ocrx_word' id='word_1_186' title='bbox 214 2721 271 2784; x_wconf 90' lang='lat' dir='ltr'><strong><em>III</em></strong></span> <span class='ocrx_word' id='word_1_187' title='bbox 289 2721 405 2784; x_wconf 87' lang='lat' dir='ltr'><strong><em>Nonas</em></strong></span> <span class='ocrx_word' id='word_1_188' title='bbox 416 2715 512 2794; x_wconf 86' lang='lat' dir='ltr'><strong><em>Julii,</em></strong></span> <span class='ocrx_word' id='word_1_189' title='bbox 537 2717 714 2782; x_wconf 81' lang='lat' dir='ltr'><strong><em>indictione</em></strong></span> <span class='ocrx_word' id='word_1_190' title='bbox 735 2715 804 2780; x_wconf 89' lang='lat' dir='ltr'><em>VII.</em></span> <span class='ocrx_word' id='word_1_191' title='bbox 830 2715 1037 2799; x_wconf 85' lang='lat' dir='ltr'><strong><em>Pontificatus</em></strong></span> <span class='ocrx_word' id='word_1_192' title='bbox 1052 2716 1185 2779; x_wconf 78' lang='lat' dir='ltr'><strong><em>Domini</em></strong></span> 
     </span>
     <span class='ocr_line' id='line_1_25' title="bbox 75 2813 463 2900; baseline 0.003 -22"><span class='ocrx_word' id='word_1_193' title='bbox 75 2815 187 2882; x_wconf 77' lang='lat' dir='ltr'><strong><em>Urbani</em></strong></span> <span class='ocrx_word' id='word_1_194' title='bbox 210 2817 349 2882; x_wconf 81' lang='lat' dir='ltr'><strong><em>Secundi</em></strong></span> <span class='ocrx_word' id='word_1_195' title='bbox 371 2816 428 2880; x_wconf 85' lang='lat' dir='ltr'><strong><em>XI.</em></strong></span> <span class='ocrx_word' id='word_1_196' title='bbox 439 2813 463 2900; x_wconf 89' lang='lat'><strong><em>¹)</em></strong></span> 
     </span>
     <span class='ocr_line' id='line_1_26' title="bbox 148 2909 1355 3000; baseline -0.007 -19"><span class='ocrx_word' id='word_1_197' title='bbox 148 2917 201 2981; x_wconf 71' lang='lat'><strong><em>57.</em></strong></span> <span class='ocrx_word' id='word_1_198' title='bbox 234 2914 457 3000; x_wconf 87' lang='lat' dir='ltr'><strong><em>Subsequenti</em></strong></span> <span class='ocrx_word' id='word_1_199' title='bbox 481 2922 628 2996; x_wconf 87' lang='lat' dir='ltr'><strong><em>tempore</em></strong></span> <span class='ocrx_word' id='word_1_200' title='bbox 653 2933 859 2977; x_wconf 85' lang='lat' dir='ltr'><strong><em>successores</em></strong></span> <span class='ocrx_word' id='word_1_201' title='bbox 873 2911 1008 2996; x_wconf 86' lang='lat' dir='ltr'><strong><em>Rogerii</em></strong></span> <span class='ocrx_word' id='word_1_202' title='bbox 1032 2909 1182 2996; x_wconf 79' lang='lat' dir='ltr'><strong><em>fsequen-</em></strong></span> <span class='ocrx_word' id='word_1_203' title='bbox 1201 2930 1295 2977; x_wconf 75' lang='lat' dir='ltr'><strong><em>soum</em></strong></span> <span class='ocrx_word' id='word_1_204' title='bbox 1307 2932 1355 2984; x_wconf 75' lang='grc' dir='ltr'><strong><em>μι-</em></strong></span> 
     </span>
    </p>

    <p class='ocr_par' dir='ltr' id='par_1_3' title="bbox 69 2994 1318 3978">
     <span class='ocr_line' id='line_1_27' title="bbox 71 2994 1318 3100; baseline -0.002 -28"><span class='ocrx_word' id='word_1_205' title='bbox 71 3023 113 3074; x_wconf 83' lang='lat' dir='ltr'><strong><em>ter</em></strong></span> <span class='ocrx_word' id='word_1_206' title='bbox 140 3013 273 3099; x_wconf 88' lang='lat' dir='ltr'><strong><em>quidem</em></strong></span> <span class='ocrx_word' id='word_1_207' title='bbox 301 3014 379 3100; x_wconf 86' lang='lat' dir='ltr'><strong><em>jura</em></strong></span> <span class='ocrx_word' id='word_1_208' title='bbox 408 3012 503 3075; x_wconf 84' lang='lat' dir='ltr'><strong><em>varia</em></strong></span> <span class='ocrx_word' id='word_1_209' title='bbox 534 3012 568 3074; x_wconf 94' lang='lat' dir='ltr'><strong><em>in</em></strong></span> <span class='ocrx_word' id='word_1_210' title='bbox 597 3031 649 3073; x_wconf 85' lang='lat' dir='ltr'><strong><em>res</em></strong></span> <span class='ocrx_word' id='word_1_211' title='bbox 673 3008 844 3074; x_wconf 80' lang='lat' dir='ltr'><strong><em>Ecclesiae</em></strong></span> <span class='ocrx_word' id='word_1_212' title='bbox 875 3008 939 3073; x_wconf 85' lang='lat' dir='ltr'><strong><em>sibi</em></strong></span> <span class='ocrx_word' id='word_1_213' title='bbox 971 3017 1182 3092; x_wconf 84' lang='lat' dir='ltr'><strong><em>usurparunt,</em></strong></span> <span class='ocrx_word' id='word_1_214' title='bbox 1228 2994 1318 3046; x_wconf 59' lang='grc' dir='ltr'><strong><em>’Μ’</em></strong></span> 
     </span>
     <span class='ocr_line' id='line_1_28' title="bbox 70 3105 1183 3195; baseline -0.003 -21"><span class='ocrx_word' id='word_1_215' title='bbox 70 3109 120 3174; x_wconf 82' lang='lat' dir='ltr'><strong><em>sed</em></strong></span> <span class='ocrx_word' id='word_1_216' title='bbox 149 3111 203 3176; x_wconf 92' lang='lat' dir='ltr'><strong><em>illo</em></strong></span> <span class='ocrx_word' id='word_1_217' title='bbox 238 3110 364 3176; x_wconf 78' lang='lat' dir='ltr'><strong><em>Urbani</em></strong></span> <span class='ocrx_word' id='word_1_218' title='bbox 397 3109 429 3174; x_wconf 91' lang='grc' dir='ltr'><em>Π</em></span> <span class='ocrx_word' id='word_1_219' title='bbox 459 3106 650 3195; x_wconf 84' lang='lat' dir='ltr'><strong><em>privilegio,</em></strong></span> <span class='ocrx_word' id='word_1_220' title='bbox 688 3118 847 3193; x_wconf 86' lang='lat' dir='ltr'><strong><em>tanquam</em></strong></span> <span class='ocrx_word' id='word_1_221' title='bbox 883 3105 1057 3193; x_wconf 86' lang='lat' dir='ltr'><strong><em>splendido</em></strong></span> <span class='ocrx_word' id='word_1_222' title='bbox 1096 3107 1183 3192; x_wconf 84' lang='lat' dir='ltr'><strong><em>juris</em></strong></span> 
     </span>
     <span class='ocr_line' id='line_1_29' title="bbox 69 3203 1183 3291; baseline -0.003 -21"><span class='ocrx_word' id='word_1_223' title='bbox 69 3209 164 3290; x_wconf 83' lang='lat' dir='ltr'><strong><em>titulo,</em></strong></span> <span class='ocrx_word' id='word_1_224' title='bbox 189 3207 417 3274; x_wconf 77' lang='lat' dir='ltr'><strong><em>tanmmmodo</em></strong></span> <span class='ocrx_word' id='word_1_225' title='bbox 450 3208 510 3272; x_wconf 91' lang='lat' dir='ltr'><strong><em>niti</em></strong></span> <span class='ocrx_word' id='word_1_226' title='bbox 534 3215 723 3291; x_wconf 77' lang='lat' dir='ltr'><strong><em>coeperunt,</em></strong></span> <span class='ocrx_word' id='word_1_227' title='bbox 758 3217 933 3290; x_wconf 86' lang='lat' dir='ltr'><strong><em>postquam</em></strong></span> <span class='ocrx_word' id='word_1_228' title='bbox 962 3203 1055 3284; x_wconf 87' lang='lat' dir='ltr'><strong><em>illud,</em></strong></span> <span class='ocrx_word' id='word_1_229' title='bbox 1080 3226 1183 3290; x_wconf 87' lang='lat' dir='ltr'><strong><em>quum</em></strong></span> 
     </span>
     <span class='ocr_line' id='line_1_30' title="bbox 69 3302 1182 3394; baseline -0.002 -26"><span class='ocrx_word' id='word_1_230' title='bbox 69 3305 208 3372; x_wconf 76' lang='lat' dir='ltr'><strong><em>latuisset</em></strong></span> <span class='ocrx_word' id='word_1_231' title='bbox 244 3330 303 3394; x_wconf 88' lang='lat' dir='ltr'><strong><em>per</em></strong></span> <span class='ocrx_word' id='word_1_232' title='bbox 347 3317 489 3392; x_wconf 86' lang='lat' dir='ltr'><strong><em>quatuor</em></strong></span> <span class='ocrx_word' id='word_1_233' title='bbox 529 3302 678 3387; x_wconf 87' lang='lat' dir='ltr'><strong><em>saecula,</em></strong></span> <span class='ocrx_word' id='word_1_234' title='bbox 725 3304 819 3367; x_wconf 90' lang='lat' dir='ltr'><strong><em>initio</em></strong></span> <span class='ocrx_word' id='word_1_235' title='bbox 858 3302 981 3367; x_wconf 86' lang='lat' dir='ltr'><strong><em>saeculi</em></strong></span> <span class='ocrx_word' id='word_1_236' title='bbox 1018 3302 1102 3367; x_wconf 91' lang='lat' dir='ltr'><strong><em>XVI</em></strong></span> <span class='ocrx_word' id='word_1_237' title='bbox 1148 3305 1182 3366; x_wconf 91' lang='lat' dir='ltr'><strong><em>in</em></strong></span> 
     </span>
     <span class='ocr_line' id='line_1_31' title="bbox 71 3400 1184 3488; baseline -0.004 -20"><span class='ocrx_word' id='word_1_238' title='bbox 71 3406 228 3488; x_wconf 85' lang='lat' dir='ltr'><strong><em>publicam</em></strong></span> <span class='ocrx_word' id='word_1_239' title='bbox 268 3405 376 3470; x_wconf 86' lang='lat' dir='ltr'><strong><em>lucem</em></strong></span> <span class='ocrx_word' id='word_1_240' title='bbox 415 3402 540 3467; x_wconf 89' lang='lat' dir='ltr'><strong><em>editum</em></strong></span> <span class='ocrx_word' id='word_1_241' title='bbox 580 3402 652 3466; x_wconf 82' lang='lat' dir='ltr'><strong><em>tuit.</em></strong></span> <span class='ocrx_word' id='word_1_242' title='bbox 700 3400 796 3465; x_wconf 85' lang='lat' dir='ltr'><strong><em>Tunc</em></strong></span> <span class='ocrx_word' id='word_1_243' title='bbox 834 3402 922 3464; x_wconf 86' lang='lat' dir='ltr'><strong><em>enim</em></strong></span> <span class='ocrx_word' id='word_1_244' title='bbox 959 3401 1184 3466; x_wconf 83' lang='lat' dir='ltr'><strong><em>dominatores</em></strong></span> 
     </span>
     <span class='ocr_line' id='line_1_32' title="bbox 71 3497 1182 3590; baseline -0.005 -23"><span class='ocrx_word' id='word_1_245' title='bbox 71 3505 231 3590; x_wconf 84' lang='lat' dir='ltr'><strong><em>utriusque</em></strong></span> <span class='ocrx_word' id='word_1_246' title='bbox 255 3502 390 3569; x_wconf 82' lang='lat' dir='ltr'><strong><em>Siciliae</em></strong></span> <span class='ocrx_word' id='word_1_247' title='bbox 415 3500 666 3581; x_wconf 85' lang='lat' dir='ltr'><strong><em>contenderunt,</em></strong></span> <span class='ocrx_word' id='word_1_248' title='bbox 699 3521 740 3563; x_wconf 84' lang='lat' dir='ltr'><strong><em>ex</em></strong></span> <span class='ocrx_word' id='word_1_249' title='bbox 765 3497 1019 3563; x_wconf 83' lang='lat' dir='ltr'><strong><em>immemorabili</em></strong></span> <span class='ocrx_word' id='word_1_250' title='bbox 1048 3519 1182 3562; x_wconf 84' lang='lat' dir='ltr'><strong><em>consue-</em></strong></span> 
     </span>
     <span class='ocr_line' id='line_1_33' title="bbox 72 3595 1181 3688; baseline -0.002 -26"><span class='ocrx_word' id='word_1_251' title='bbox 72 3603 176 3667; x_wconf 83' lang='lat' dir='ltr'><strong><em>tudine</em></strong></span> <span class='ocrx_word' id='word_1_252' title='bbox 199 3614 297 3666; x_wconf 85' lang='lat' dir='ltr'><strong><em>etex</em></strong></span> <span class='ocrx_word' id='word_1_253' title='bbox 317 3599 486 3688; x_wconf 68' lang='lat' dir='ltr'><strong><em>privileaio</em></strong></span> <span class='ocrx_word' id='word_1_254' title='bbox 510 3597 552 3663; x_wconf 86' lang='lat' dir='ltr'><strong><em>ab</em></strong></span> <span class='ocrx_word' id='word_1_255' title='bbox 577 3595 714 3662; x_wconf 88' lang='lat' dir='ltr'><strong><em>Urbano</em></strong></span> <span class='ocrx_word' id='word_1_256' title='bbox 735 3596 769 3661; x_wconf 95' lang='lat' dir='ltr'><strong><em>II</em></strong></span> <span class='ocrx_word' id='word_1_257' title='bbox 794 3618 947 3661; x_wconf 84' lang='lat' dir='ltr'><strong><em>concesso</em></strong></span> <span class='ocrx_word' id='word_1_258' title='bbox 972 3596 1069 3682; x_wconf 61' lang='lat' dir='ltr'><strong><em>legati</em></strong></span> <span class='ocrx_word' id='word_1_259' title='bbox 1091 3620 1112 3660; x_wconf 87' lang='lat' dir='ltr'><strong><em>a</em></strong></span> <span class='ocrx_word' id='word_1_260' title='bbox 1135 3596 1181 3660; x_wconf 91' lang='lat' dir='ltr'><strong><em>la-</em></strong></span> 
     </span>
     <span class='ocr_line' id='line_1_34' title="bbox 74 3695 1183 3787; baseline -0.004 -25"><span class='ocrx_word' id='word_1_261' title='bbox 74 3711 129 3764; x_wconf 85' lang='lat' dir='ltr'><strong><em>tere</em></strong></span> <span class='ocrx_word' id='word_1_262' title='bbox 157 3723 189 3764; x_wconf 84' lang='lat' dir='ltr'><strong><em>se</em></strong></span> <span class='ocrx_word' id='word_1_263' title='bbox 207 3701 284 3787; x_wconf 89' lang='lat' dir='ltr'><strong><em>jure</em></strong></span> <span class='ocrx_word' id='word_1_264' title='bbox 308 3701 421 3764; x_wconf 90' lang='lat' dir='ltr'><strong><em>omnia</em></strong></span> <span class='ocrx_word' id='word_1_265' title='bbox 445 3719 546 3784; x_wconf 84' lang='lat' dir='ltr'><strong><em>prope</em></strong></span> <span class='ocrx_word' id='word_1_266' title='bbox 571 3696 704 3780; x_wconf 84' lang='lat' dir='ltr'><strong><em>negotia</em></strong></span> <span class='ocrx_word' id='word_1_267' title='bbox 728 3695 951 3759; x_wconf 84' lang='lat' dir='ltr'><strong><em>ecclesiastica</em></strong></span> <span class='ocrx_word' id='word_1_268' title='bbox 983 3697 1018 3759; x_wconf 91' lang='lat' dir='ltr'><strong><em>in</em></strong></span> <span class='ocrx_word' id='word_1_269' title='bbox 1043 3705 1183 3780; x_wconf 87' lang='lat' dir='ltr'><strong><em>utraque</em></strong></span> 
     </span>
     <span class='ocr_line' id='line_1_35' title="bbox 75 3790 1182 3880; baseline -0.005 -20"><span class='ocrx_word' id='word_1_270' title='bbox 75 3795 178 3862; x_wconf 84' lang='lat' dir='ltr'><strong><em>Sicilie</em></strong></span> <span class='ocrx_word' id='word_1_271' title='bbox 199 3797 385 3864; x_wconf 87' lang='lat' dir='ltr'><strong><em>ordinanda</em></strong></span> <span class='ocrx_word' id='word_1_272' title='bbox 409 3807 441 3860; x_wconf 87' lang='lat' dir='ltr'><strong><em>et</em></strong></span> <span class='ocrx_word' id='word_1_273' title='bbox 464 3793 671 3880; x_wconf 86' lang='lat' dir='ltr'><strong><em>disponenda</em></strong></span> <span class='ocrx_word' id='word_1_274' title='bbox 695 3792 758 3857; x_wconf 86' lang='lat' dir='ltr'><strong><em>sibi</em></strong></span> <span class='ocrx_word' id='word_1_275' title='bbox 784 3792 965 3860; x_wconf 86' lang='lat' dir='ltr'><strong><em>vindicare.</em></strong></span> <span class='ocrx_word' id='word_1_276' title='bbox 1013 3793 1123 3877; x_wconf 87' lang='lat' dir='ltr'><strong><em>Atque</em></strong></span> <span class='ocrx_word' id='word_1_277' title='bbox 1147 3790 1182 3855; x_wconf 85' lang='lat' dir='ltr'><strong><em>id</em></strong></span> 
     </span>
     <span class='ocr_line' id='line_1_36' title="bbox 76 3889 1183 3978; baseline -0.006 -19"><span class='ocrx_word' id='word_1_278' title='bbox 76 3897 232 3978; x_wconf 79' lang='lat' dir='ltr'><strong><em>speciatim</em></strong></span> <span class='ocrx_word' id='word_1_279' title='bbox 265 3893 520 3975; x_wconf 86' lang='lat' dir='ltr'><strong><em>contenderunt,</em></strong></span> <span class='ocrx_word' id='word_1_280' title='bbox 557 3890 733 3957; x_wconf 86' lang='lat' dir='ltr'><strong><em>Urbanum</em></strong></span> <span class='ocrx_word' id='word_1_281' title='bbox 765 3889 797 3954; x_wconf 89' lang='grc' dir='ltr'>Π</span> <span class='ocrx_word' id='word_1_282' title='bbox 832 3890 973 3974; x_wconf 87' lang='lat' dir='ltr'><strong><em>Rogerio</em></strong></span> <span class='ocrx_word' id='word_1_283' title='bbox 1006 3891 1118 3954; x_wconf 88' lang='lat' dir='ltr'><strong><em>comiti</em></strong></span> <span class='ocrx_word' id='word_1_284' title='bbox 1150 3899 1183 3953; x_wconf 88' lang='lat' dir='ltr'><strong><em>et</em></strong></span> 
     </span>
    </p>
   </div>
   <div class='ocr_carea' id='block_1_3' title="bbox 83 4121 1185 4280">
    <p class='ocr_par' dir='ltr' id='par_1_4' title="bbox 83 4121 1185 4280">
     <span class='ocr_line' id='line_1_37' title="bbox 145 4121 1185 4198; baseline -0.008 -16"><span class='ocrx_word' id='word_1_285' title='bbox 145 4127 342 4198; x_wconf 78' lang='lat' dir='ltr'><strong><em>¹)A1uBarom</em></strong></span> <span class='ocrx_word' id='word_1_286' title='bbox 370 4143 395 4182; x_wconf 83' lang='lat' dir='ltr'><strong><em>e.</em></strong></span> <span class='ocrx_word' id='word_1_287' title='bbox 419 4127 497 4183; x_wconf 80' lang='lat'>1097.</span> <span class='ocrx_word' id='word_1_288' title='bbox 525 4140 552 4180; x_wconf 79' lang='grc' dir='ltr'><strong><em>ιι.</em></strong></span> <span class='ocrx_word' id='word_1_289' title='bbox 578 4125 621 4181; x_wconf 65' lang='grc'><strong><em>23.</em></strong></span> <span class='ocrx_word' id='word_1_290' title='bbox 659 4123 715 4180; x_wconf 78' lang='lat' dir='ltr'><strong><em>etr,</em></strong></span> <span class='ocrx_word' id='word_1_291' title='bbox 734 4121 840 4188; x_wconf 82' lang='lat' dir='ltr'><strong><em>Sentis,</em></strong></span> <span class='ocrx_word' id='word_1_292' title='bbox 869 4121 919 4176; x_wconf 87' lang='lat' dir='ltr'><strong><em>Die</em></strong></span> <span class='ocrx_word' id='word_1_293' title='bbox 943 4121 1113 4176; x_wconf 79' lang='lat' dir='ltr'><strong><em>Monarcbia</em></strong></span> <span class='ocrx_word' id='word_1_294' title='bbox 1138 4121 1185 4176; x_wconf 76' lang='lat' dir='ltr'><strong><em>St-</em></strong></span> 
     </span>
     <span class='ocr_line' id='line_1_38' title="bbox 83 4207 397 4280; baseline 0.016 -21"><span class='ocrx_word' id='word_1_295' title='bbox 83 4207 138 4259; x_wconf 73' lang='lat' dir='ltr'><strong><em>aa</em></strong></span> <span class='ocrx_word' id='word_1_296' title='bbox 153 4217 197 4264; x_wconf 80' lang='lat' dir='ltr'><strong><em>ste.</em></strong></span> <span class='ocrx_word' id='word_1_297' title='bbox 214 4209 356 4280; x_wconf 75' lang='lat' dir='ltr'><strong><em>appendix</em></strong></span> <span class='ocrx_word' id='word_1_298' title='bbox 374 4208 397 4264; x_wconf 90' lang='lat'><strong><em>1.</em></strong></span> 
     </span>
    </p>
   </div>
   <div class='ocr_carea' id='block_1_4' title="bbox 0 0 1506 4838">
    <p class='ocr_par' dir='ltr' id='par_1_5' title="bbox 0 0 1506 4838">
     <span class='ocr_line' id='line_1_39' title="bbox 0 0 1506 4838; baseline 0 0"><span class='ocrx_word' id='word_1_299' title='bbox 0 0 1506 4838; x_wconf 95' lang='lat' dir='ltr'><strong><em> </em></strong></span> 
     </span>
    </p>
   </div>
  </div>
 </body>
</html>
