2916 4842
281 413 370 467 Laeta
388 411 519 468 Friderici
538 413 552 466 I
570 419 665 468 eontra
684 413 867 468 Alexandrum
886 413 937 468 111.
1120 414 1170 468 129

146 556 195 622 29.
241 554 354 636 Quum
379 558 413 620 in
438 557 609 621 tractando
635 557 773 622 dissidio
798 559 884 622 inter
907 557 1115 622 Friderioum
1140 569 1171 622 et
1184 558 1341 660 Sfffffl·

67 653 217 718 Romanos
239 653 418 718 Pontifices
446 655 663 740 praecipuum
693 657 741 719 rei
766 665 969 720 momentum
998 657 1033 720 in
1057 677 1094 720 eo
1118 633 1201 738 sit,c
1329 648 1336 660 ’

68 761 97 814 nt
119 753 279 836 principia
311 754 564 836 perspiciantur,
599 752 720 839 quibus
750 775 792 817 ex
824 765 964 840 utraque
994 764 1087 839 parte
1117 753 1171 817 ad-

67 850 187 912 versarii
212 849 414 931 nitebantur,
440 851 602 915 factorum
627 862 660 914 et
683 862 863 916 eventuum
878 853 997 915 seriem
1005 851 1078 937 jam
1102 850 1171 916 bre·

66 948 129 1010 vius
150 969 302 1012 enarrare
333 947 456 1013 licebit.
487 987 530 996 -
565 947 773 1014 Convocavit
800 952 901 1034 igitur
923 948 1108 1035 Imperator
1130 971 1171 1013 ex

65 1046 153 1108 variis
174 1045 326 1130 partibus
348 1047 485 1132 Imperii
509 1046 649 1132 aliisque
672 1049 783 1132 regnis
807 1049 978 1133 episcopos
1008 1047 1052 1112 ad
1082 1069 1170 1135 eyna-

63 1143 126 1205 dsm
146 1146 370 1207 oecumenicam
394 1165 487 1208 suam
511 1143 621 1209 Ticini
646 1143 845 1226 habendam,
879 1154 912 1208 et
935 1145 989 1209 die
1012 1145 1051 1209 5⁰
1073 1144 1170 1209 Febr.

62 1243 130 1304 anni
154 1241 241 1306 1160
271 1240 486 1306 simulacrum
510 1241 592 1306 illud
616 1240 793 1306 conciliis
818 1241 988 1307 Fridcrieo
1013 1241 1170 1307 celebrari

63 1349 202 1423 coeptum
227 1349 286 1404 est.
321 1337 557 1404 Convenerant
580 1361 622 1404 ex
638 1338 819 1404 Germania
843 1351 875 1403 et
891 1339 987 1404 Italia
1011 1342 1170 1426 superiori

62 1437 180 1501 circiter
209 1439 439 1523 paaqaapiata
467 1437 654 1523 praesules3
691 1437 830 1503 aliorum
874 1440 963 1502 enim
994 1459 1169 1523 regnorum

62 1535 194 1620 episcopi
220 1534 435 1620 Imperatoris
467 1537 656 1600 invitationi
681 1536 770 1601 baud
795 1535 944 1600 obsecuti
967 1545 1071 1601 erant.
1118 1536 1170 1600 Ex

63 1647 140 1716 parte
163 1631 350 1697 Alexandri
375 1643 503 1698 tantum
527 1633 635 1698 adfuit
649 1632 835 1699 Guilelmus
850 1629 1047 1716 Cardinslis,
1073 1656 1171 1720 quem

62 1729 203 1794 Pontifex
240 1731 283 1795 ad
313 1732 550 1816 Imperatorem
589 1734 731 1817 miserat,
770 1741 806 1796 ut
840 1754 1030 1817 supremum
1061 1754 1171 1797 renon-

62 1828 227 1892 ciliationis
251 1838 420 1894 tentamen
444 1829 575 1895 faceret.
613 1830 711 1910 Quod
736 1852 837 1915 quum
862 1852 1015 1894 successu
1038 1830 1170 1895 frustra·

61 1942 119 1989 tum
143 1925 273 1990 videret
289 1923 485 2009 Guilelmus,
510 1930 668 1992 remansit
692 1938 812 2010 tamen,
838 1930 991 2014 quamvis
1015 1929 1049 1993 id
1074 1930 1103 1992 ei
1127 1928 1170 1993 ab

61 2023 240 2088 Alexandro
266 2024 503 2089 demandatum
527 2047 594 2089 non
619 2036 712 2108 esset,
742 2037 780 2089 ut
803 2028 968 2090 assisteret
991 2024 1169 2090 conventui

62 2121 108 2200 illi,
132 2123 249 2208 inquo
272 2133 383 2208 partes
408 2123 541 2209 quidem
557 2121 741 2188 Alexandri
766 2125 868 2187 tuitus
892 2133 949 2203 est,
974 2123 1031 2187 sed
1049 2124 1170 2188 medio-

61 2223 98 2284 cri
121 2223 246 2304 vigore.
292 2221 332 2285 ln
356 2219 564 2302 allocutione,
597 2243 696 2307 quam
721 2221 912 2286 Fridericus
936 2222 952 2286 Ι
977 2223 1070 2286 initio
1096 2245 1170 2286 con·

61 2317 116 2382 ‹eilii
139 2319 182 2383 ad
206 2319 374 2405 praesules
407 2318 534 2398 habuit,
566 2321 688 2405 inquit:
726 2318 876 2394 Quamuis
903 2321 1041 2383 noverim
1065 2319 1169 2406 offitio

60 2427 83 2478 rt
102 2417 257 2502 dipuitate
280 2418 408 2504 imperii
417 2441 518 2504 peaes
530 2441 588 2480 aas
605 2441 669 2482 esse
681 2427 869 2503 potestatem
885 2419 1171 2504 aoaprepaadorum

60 2515 259 2592 annaliorum,
277 2517 471 2602 praesertim
494 2517 528 2579 ia
553 2517 652 2579 tanae
675 2515 822 2579 ecclesiae
845 2517 1009 2601 perieulis,
1043 2555 1084 2564 -
1115 2517 1170 2582 boc

60 2615 128 2676 raia
160 2624 191 2677 et
222 2609 448 2679 Constantinus
488 2625 519 2676 et
557 2613 763 2692 lbeodosias,
803 2636 923 2677 necnon
952 2614 1169 2695 Justiaiaaus,

61 2733 166 2776 necnon
196 2713 382 2775 recentioris
418 2713 586 2776 memoriae
624 2709 758 2777 Carolus
789 2711 926 2796 Mapaus
959 2723 988 2776 et
1015 2713 1086 2777 Otto
1110 2713 1168 2775 Im·

56 2821 209 2892 peratorss
229 2809 344 2893 fecisse
372 2821 593 2888 memorantur,
627 2848 670 2857 —
701 2810 919 2873 auctoritatem
950 2819 1053 2873 tamea
1084 2809 1168 2895 diffi-

61 2909 158 2972 aiendi
195 2909 288 2998 bajus
325 2909 458 2971 muaims'
488 2920 517 2972 et
546 2909 657 2972 summi
685 2909 804 2991 repetii
833 2917 953 2970 cestrae
976 2907 1169 2993 prudentiae

61 3016 226 3090 restrosque
259 3008 417 3092 potestati
457 3007 620 3072 committo.
673 3006 759 3069 Desa
799 3006 881 3068 euim
917 3007 1078 3070 coustituit
1116 3027 1170 3069 vos

60 3104 234 3187 sacerdotes,
244 3115 465 3190 etpotestatem
476 3104 564 3168 uobis
575 3105 664 3168 dedit
676 3104 714 3166 de
725 3103 817 3168 uobis
828 3125 945 3190 qaoque
953 3103 1136 3191 judicandi.
1145 3101 1169 3184 1)

60 3195 102 3262 lta
122 3201 201 3266 dum
228 3201 292 3265 sibi
316 3201 434 3266 tribuit
457 3201 565 3288 (falso)
590 3203 819 3266 auctoritatem
844 3201 1051 3267 convocandi
1075 3222 1168 3285 syno-

62 3295 117 3382 dos,
141 3299 263 3365 callida
287 3300 448 3364 modestia
471 3301 615 3387 speeiem
639 3298 801 3364 libertatis
817 3299 980 3384 episcopis
995 3300 1167 3386 promittit.

136 3417 187 3481 30.
235 3417 300 3480 Per
332 3415 459 3502 aliquot
489 3416 560 3480 dies
590 3416 676 3480 inter
706 3413 874 3500 praesules
908 3414 1102 3480 deliberatio
1135 3425 1167 3480 et

64 3516 271 3578 controversia
304 3513 346 3576 de
376 3515 437 3578 isto
469 3515 600 3598 negotio
639 3521 805 3599 protracta
838 3523 903 3594 est;
948 3513 1071 3598 rejecta
1104 3513 1169 3578 fuit

64 3605 190 3690 plurium
213 3614 388 3694 sententia,
412 3613 455 3676 ad
479 3610 657 3676 concilium
673 3611 781 3697 majus
796 3610 991 3675 solutionem
1007 3614 1167 3698 quaestio·

64 3707 106 3770 nis
125 3711 364 3796 prorogandam
389 3733 477 3792 esse,
509 3721 588 3792 arte,
614 3709 887 3795 promissionibus
915 3720 948 3774 et
971 3711 1070 3774 minis
1094 3709 1166 3774 Rai-

65 3804 167 3871 nsldus
201 3807 417 3873 cancellarius
447 3819 480 3872 et
512 3811 582 3894 ipse
614 3807 797 3893 Imperator
827 3808 1017 3889 effecerunt,
1057 3815 1094 3870 ut
1123 3806 1166 3870 ad

66 3921 185 3987 scopum
222 3909 426 3992 prepositum
474 3907 708 3992 pertingerent.
777 3903 949 3969 Praesules
990 3905 1092 3988 igitur
1134 3914 1167 3967 et

67 3997 114 4062 alii
139 4006 189 4088 qui
219 4004 359 4069 concilio
389 4005 542 4086 aderant,
573 4005 693 4089 partim
721 4002 934 4089 Imperatoris
972 4003 1079 4086 gratia
1110 4012 1168 4066 aut

67 4133 258 4149 Ἢ

131 4197 147 4264 t
163 4197 319 4266 &revisa
337 4199 374 4254 11.
393 4201 436 4255 sa.
456 4229 490 4242 -
509 4199 543 4255 v.
562 4197 724 4265 varana,
744 4197 781 4252 11.
799 4197 862 4252 aas.

114 4295 239 4351 inmun,
253 4301 440 4341 Dissensttoaes.
456 4301 520 4341 vom.
533 4300 561 4340 V.
1007 4284 1024 4338 9
