2868 4844
351 432 391 486 De
409 431 564 486 schismatis
582 431 757 487 incremento.
1082 431 1138 485 263

28 597 77 638 suo
92 577 283 662 permansit,
309 585 341 640 et
358 597 460 662 quum
476 575 520 642 ab
537 574 692 640 omnibus
709 574 944 639 Cardinalibus
961 575 1137 640 derelictus

26 685 110 756 esset,
134 674 189 740 die
215 675 273 740 18⁰
296 672 501 758 Septembris
525 671 644 759 viginti
669 694 789 738 novem
814 673 1009 737 Cardinales
1033 695 1137 738 novos

27 773 152 837 creavit.
205 773 271 836 Die
301 782 413 836 autem
452 772 579 836 nel'asto
612 771 672 836 20⁰
703 769 909 856 Septembris
944 771 1138 836 Cardinales

26 869 153 934 rebelles
177 869 322 934 schisma
347 878 629 950 consummarunt,
653 880 686 933 et
700 869 881 933 Robertum
906 867 1137 934 Genebensem

25 967 185 1050 clegerunt
208 969 243 1032 in
262 969 467 1053 antipapam.
514 966 635 1034 Modus
658 966 828 1032 electionis
852 969 923 1053 ejus
947 968 995 1031 sic
1019 967 1137 1031 descri-

26 1065 106 1129 bitur
139 1068 174 1130 in
211 1066 416 1150 depositione
440 1066 529 1130 Petri
559 1064 599 1130 de
623 1065 753 1146 Croeso,
793 1065 1035 1150 archiepiscopi
1067 1076 1136 1129 tum

25 1163 220 1228 ,irelatensis
243 1174 276 1228 et
299 1164 481 1228 Camerarii
496 1162 627 1249 Papae:
653 1165 729 1228 Item
753 1164 837 1248 qnod
860 1175 922 1227 trec
948 1162 1138 1229 Cardinales

24 1259 123 1324 Italici
144 1271 343 1326 uceeoserunt
365 1262 410 1325 ad
432 1259 543 1324 uillam
559 1260 740 1324 Fundos-um
756 1285 850 1347 super
865 1271 1002 1325 tractatu
1018 1261 1138 1324 electio-

24 1361 76 1434 nis,
100 1371 130 1440 et
141 1359 272 1446 quilibet
282 1362 424 1446 ipsorum
433 1359 662 1444 praesumebat,
686 1359 770 1444 quod
782 1357 948 1444 eliperetur
959 1361 995 1422 in
1006 1360 1137 1444 Papam.

24 1457 59 1518 lt
79 1481 148 1520 cum
172 1481 237 1520 una
260 1458 312 1521 die
336 1479 440 1520 omnes
468 1454 658 1522 Cardiaalea
682 1466 712 1519 et
734 1455 786 1520 illi
814 1468 876 1519 tres
900 1457 1009 1520 Italici
1040 1459 1138 1520 intra-

22 1565 83 1616 reat
112 1556 148 1618 in
179 1554 412 1632 conaiatarium,
445 1555 504 1618 iate
536 1551 738 1617 Camerarius
768 1553 962 1618 custodiebat
990 1567 1139 1640 portam:

23 1653 58 1714 Et
79 1665 153 1718 tunc
177 1654 262 1716 diruit
285 1652 431 1718 dominus
458 1649 644 1718 Cardinalia
662 1653 889 1716 Lemovicenaia
915 1653 1042 1716 domino
1062 1651 1138 1718 Car-

21 1749 119 1812 dinali
133 1749 333 1828 florentino,
358 1751 442 1836 quod
463 1752 618 1836 inciperet
634 1753 897 1837 propositionem,
922 1752 998 1836 quia
1013 1751 1058 1814 ad
1071 1775 1138 1815 eum

20 1847 188 1932 spectabat,
222 1871 289 1912 acm
319 1859 398 1913 esset
432 1849 526 1912 Prior
556 1849 785 1935 Epriacoporum
819 1847 1050 1914 Cardinalium.
1099 1849 1140 1911 Et

20 1947 180 2010 accusauit
202 1969 233 2009 ae
258 1945 402 2010 deminus
426 1945 643 2010 bimaritimum
677 1947 763 2010 Tarm
786 1946 905 2032 incepit
927 1947 971 2008 aie
995 1945 1140 2009 domium

22 2043 263 2108 Lemoviccnais:
299 2041 384 2118 Quia
406 2045 508 2121 uideo,
536 2044 620 2130 quod
646 2041 767 2109 Gallici
788 2043 902 2107 vellent
929 2041 1087 2108 Gallicum
1112 2055 1140 2106 ct

20 2141 119 2204 Italici
141 2141 292 2206 similiter
315 2141 471 2218 Italicum,
497 2165 550 2228 epo
574 2165 637 2206 nort
659 2145 786 2206 nomino
815 2140 974 2206 Gallicum
996 2165 1052 2206 nec
1076 2143 1139 2205 Ita-

18 2239 114 2318 licum,
141 2241 201 2304 aad
223 2243 349 2304 nomino
374 2251 403 2304 et
427 2238 506 2327 elipo
536 2239 644 2319 alium,
676 2242 731 2328 qui
752 2265 816 2305 non
841 2252 888 2304 est
915 2239 1060 2305 Galliam
1084 2263 1140 2302 nec

20 2337 156 2416 italicus,
175 2337 294 2402 scilicet
319 2339 479 2404 dominum
491 2338 662 2404 liebertum
678 2337 882 2404 Cardinalem
898 2337 1139 2416 Gebannencem,

18 2439 66 2518 qui
87 2448 136 2500 eat
160 2437 292 2500 mamone
316 2435 527 2501 Allemaniae.
576 2437 669 2501 Hunc
693 2433 773 2523 elipe
801 2439 836 2500 in
860 2459 1010 2500 summum
1034 2436 1140 2499 Ponti·

15 2533 104 2614 ficem.
134 2535 169 2597 T
163 2557 226 2597 una
240 2536 419 2615 successive,
444 2535 565 2598 nemine
590 2535 800 2621 discrepante,
825 2557 929 2598 omnes
949 2532 1140 2600 Cardinalea

17 2631 174 2718 cirpea-rent
185 2653 263 2710 eum,
280 2634 418 2718 ecceptis
424 2633 604 2718 praedictis
618 2633 720 2698 tribua·
734 2632 961 2698 Cardinalibua
975 2631 1139 2712 italicia¹j

547 3053 607 3116 11.

278 3193 338 3256 De
361 3195 599 3260 scammata
621 3195 889 3260 incremento.

100 3353 156 3417 24.
206 3353 328 3434 Magno
363 3351 498 3438 quidem
535 3352 645 3417 dolore
680 3362 851 3438 correptus
888 3365 937 3416 est
971 3351 1137 3434 Urbanus,
1159 3357 1231 3394 ‘ime
1246 3359 1298 3404 ΡΜ

1158 3419 1302 3457 electionem.

16 3451 146 3534 quando
174 3471 259 3535 quac
282 3449 476 3514 acciderant
498 3449 542 3514 ad
566 3451 674 3536 ipsum
700 3448 802 3516 relata
826 3459 913 3532 sunt,
942 3473 1003 3514 nec
1027 3459 1138 3514 tamen

17 3549 122 3611 statim
148 3558 266 3612 contra
289 3549 482 3632 antipapam
501 3559 532 3611 et
547 3546 742 3612 Cardinalcs
766 3546 906 3612 rebelles
929 3550 1037 3631 rigore
1061 3569 1139 3612 usus

18 3655 70 3717 est,
103 3657 207 3731 atque
238 3647 333 3709 initio
364 3669 384 3710 a
415 3648 564 3710 censuris
591 3645 737 3711 terendis
760 3645 931 3710 abstinuit.
979 3645 1142 3730 Sperabat

19 3742 173 3808 videlicet
196 3743 277 3824 fore,
302 3755 338 3807 ut
361 3746 440 3808 nnio
463 3746 704 3822 restitueretur;
734 3743 791 3808 sed
816 3765 891 3828 spes
914 3765 989 3807 eum
1014 3743 1140 3828 fefellit,

18 3839 64 3903 Ex
87 3853 234 3927 utraque
257 3851 350 3926 parte
375 3843 494 3906 missac
518 3852 595 3906 sunt
618 3841 746 3906 litterae
770 3840 960 3925 encyclicae
985 3842 1028 3906 ad
1052 3845 1140 3928 prin·

18 3939 101 4024 cipes
126 3949 163 4003 et
186 3941 369 4026 episcopos,
396 3949 496 4025 atque
510 3941 635 4004 factum
660 3951 719 4012 est,
744 3950 781 4002 ut
804 3941 943 4003 societas
959 3939 1140 4004 christiana

85 4217 104 4281 ’ξι
124 4215 229 4278 Balut,
250 4215 282 4270 V.
302 4215 341 4278 P„
362 4216 384 4269 Ι.
404 4231 428 4282 p.
452 4215 527 4270 1237.
