2822 4838
298 472 351 524 318
459 471 574 526 XXVII.
593 471 634 525 De
653 471 757 528 haeres.
777 471 944 540 repressione
963 487 994 524 ao
1013 471 1046 526 ‹le
1065 471 1260 528 Decretalibus.

298 613 409 678 Gallia
432 613 640 678 meridionali
671 613 801 679 saeculo
826 615 955 679 decimo
987 616 1090 679 tercio
1122 615 1202 679 dicti
1234 625 1307 679 sunt
1327 613 1395 677 Alb·-

294 733 417 798 genens,
442 735 462 775 a
486 713 621 776 civitate
645 711 744 794 Albi3
769 713 803 776 in
829 711 892 776 hac
916 713 1005 777 enirn
1030 711 1112 776 urbe
1136 713 1271 798 ejusque
1288 713 1396 774 viciniis

300 810 446 874 maxime
469 809 691 874 invaluerunt.

128 907 278 1012 θέῑοᾙζῡ
390 908 422 972 4.
447 907 607 972 Doctrina
639 907 897 972 fundamentalis
922 907 1140 972 Catharorum
1172 915 1242 971 erat
1272 905 1401 970 duolieni

267 1001 272 1011 ’
300 1027 390 1070 error
412 1005 571 1070 funestus.
618 1005 686 1070 Alii
711 1006 846 1092 quidem
870 1004 1061 1070 duoliamum
1084 1004 1261 1069 absolutum
1294 1005 1401 1091 prolite-¹

298 1103 430 1184 bantur,
455 1125 494 1166 ao
519 1103 718 1184 statuebant,
744 1104 810 1168 duo
834 1126 905 1168 esse
928 1105 1093 1188 principia
1116 1114 1250 1168 aeterna
1267 1126 1320 1167 seu
1335 1101 1401 1166 duos

298 1212 471 1281 creatores,
495 1200 619 1265 bonum
644 1224 684 1266 ac
708 1201 842 1282 malum,
868 1224 906 1265 ao
931 1200 1097 1287 duplicem
1124 1203 1336 1280 creationem3
1357 1199 1397 1262 alii

299 1298 539 1386 profitebantur
577 1299 768 1363 duoliamum
801 1297 979 1376 relativum,
1019 1309 1182 1383 quatenus
1220 1300 1401 1385 principium

299 1396 422 1462 malurn
445 1396 637 1461 asserebant
660 1419 730 1460 ease
755 1399 908 1482 spiritum
943 1419 1001 1461 seu
1026 1397 1192 1482 angelum,
1224 1398 1281 1483 qui
1306 1419 1323 1459 a
1344 1397 1401 1458 Deo

298 1495 465 1574 deiecerit,
490 1503 670 1579 auctorque
694 1493 773 1559 mali
798 1495 934 1559 effeetus
954 1495 1005 1559 sit.
1031 1492 1259 1559 Invisibilium
1275 1517 1312 1558 ac
1328 1493 1401 1582 spiri

298 1604 392 1657 tuum
412 1603 592 1656 creatorem
611 1593 722 1656 Deum
741 1593 866 1657 bonum
886 1592 1093 1672 statuebantp
1114 1593 1287 1656 materiam
1311 1602 1401 1676 autern

298 1713 337 1754 ao
351 1690 512 1754 mundum
526 1689 692 1754 visibilem
702 1713 721 1754 a
730 1692 894 1776 principio
904 1691 990 1755 malo
1003 1689 1165 1776 prodiisse
1179 1687 1354 1761 docebant;
1367 1683 1401 1750 illl

297 1789 430 1853 Novum
452 1787 701 1851 Testamentum
726 1787 927 1868 tribuebant,
954 1786 1032 1851 huic
1062 1809 1140 1852 vero
1171 1787 1401 1851 Testamentum

298 1885 558 1950 Vetus—Fons
568 1883 750 1971 maliatque
764 1887 891 1970 peceati
906 1884 968 1949 hac
984 1885 1018 1948 in
1030 1893 1118 1948 terra
1126 1895 1176 1950 est
1184 1886 1266 1970 ipsis
1280 1885 1401 1962 matario,

298 2005 384 2070 quae
400 2006 419 2047 a
435 1985 599 2068 principio
624 1982 710 2047 malo
734 1984 904 2068 provenit,
930 1983 1018 2047 unde
1036 1983 1134 2046 etiam
1151 1983 1183 2046 in
1203 1982 1401 2045 submissione

299 2081 360 2146 sub
378 2085 515 2145 materia
530 2083 681 2145 consistit
697 2083 822 2166 peceati
848 2091 976 2162 natura,
1002 2079 1158 2166 perfectio
1184 2089 1298 2142 autem
1321 2080 1350 2142 in
1368 2099 1401 2140 so<

298 2179 422 2244 lutione
446 2202 485 2242 ac
508 2178 661 2243 libertate
684 2201 704 2242 a
721 2178 819 2242 rebus
842 2176 1079 2243 materialibus.
1100 2216 1144 2225 -
1160 2178 1321 2262 Princeps
1336 2188 1401 2239 tene

298 2277 434 2342 brorum
464 2289 592 2364 partem
624 2278 800 2363 spirituum
831 2276 1022 2341 coelestium
1060 2275 1212 2358 adduxit,
1245 2287 1283 2339 ut
1306 2300 1325 2340 a
1346 2277 1401 2338 Det

299 2375 494 2457 deficerent3
531 2375 609 2438 inde
633 2375 758 2438 factum
787 2385 845 2455 est,
877 2384 914 2437 ut
943 2372 1195 2438 includerentur
1229 2373 1401 2458 corporibus

299 2472 534 2554 materialibus,
558 2472 731 2537 hominum
755 2494 859 2556 genus
883 2473 1135 2554 constituerent,
1161 2480 1193 2535 et
1215 2471 1401 2556 implicarent

299 2581 353 2634 tur
375 2574 529 2656 peccatis.
558 2571 737 2657 Propterea
762 2570 912 2633 homines
935 2568 1087 2653 indigent
1111 2568 1374 2654 redemptione.¹)

388 2671 418 2735 5.
443 2669 615 2754 Ejusmodi
640 2669 822 2753 redemptio
848 2665 992 2752 perfecta
1016 2677 1065 2729 est
1088 2688 1147 2751 per·
1160 2663 1341 2749 Christum,
1357 2667 1401 2751 spi

299 2768 399 2829 ritum
424 2767 496 2829 Deo
521 2765 607 2831 bono
632 2765 895 2845 subordinatum,
920 2765 976 2850 qui
1001 2763 1164 2826 transiens
1186 2785 1246 2849 per
1271 2767 1401 2829 Mariam

299 2886 384 2950 quae
408 2886 475 2928 non
498 2864 561 2929 fuit
584 2865 702 2929 mulier
733 2863 791 2927 sed
822 2861 968 2946 angelus,
1001 2864 1095 2925 venit
1128 2862 1163 2925 in
1193 2871 1317 2927 terram
1347 2867 1401 2926 eud

299 2983 435 3047 corpore
460 2961 602 3027 coelesti.
649 2961 864 3048 Specietenus
888 2970 1015 3024 tantum
1040 2957 1159 3022 habuit
1181 2980 1301 3044 corpus
1325 2971 1401 3022 mate

299 3059 380 3123 riale
404 3081 443 3123 ac
467 3061 653 3144 passionem
679 3059 781 3123 subiit
806 3055 1053 3142 (docetismus);
1086 3057 1164 3121 dein
1197 3078 1350 3121 reversus
1372 3071 1401 3119 est

299 3158 333 3222 iu
359 3156 496 3222 coelum.
544 3156 659 3243 Aliqui
684 3155 819 3221 Cathari
844 3157 942 3219 etiam
968 3153 1223 3234 contendebant,
1249 3153 1401 3219 Christuu

299 3277 367 3319 non
389 3254 469 3318 reali
495 3255 591 3319 modo
615 3255 716 3318 fuisse
740 3257 773 3318 in
799 3255 903 3334 terris,
928 3253 984 3317 sed
1008 3263 1145 3317 tantum
1169 3251 1280 3335 ideali,
1307 3257 1401 3318 incer

299 3373 378 3438 pore
410 3350 504 3416 Pauli
530 3351 689 3436 Apostoli.
739 3352 793 3416 Uti
826 3350 976 3416 Christus
1009 3349 1246 3415 subordinatus
1278 3361 1329 3414 est
1353 3351 1401 3414 lla

299 3450 397 3528 bono,
421 3451 467 3512 ita
491 3449 537 3512 illi
562 3449 795 3514 srrbordinatus
820 3459 869 3513 est
892 3448 1035 3534 Spiritus
1067 3459 1210 3528 sanctus,
1244 3470 1345 3535 quem
1375 3447 1401 3514 dl

299 3545 421 3611 cebant
443 3548 595 3631 spiritum
628 3545 856 3632 principalem.
903 3546 1070 3629 Dogmata
1100 3543 1347 3612 Christianismi
1378 3545 1401 3608 dl

299 3645 465 3729 creatione
489 3645 636 3708 universi
663 3666 720 3730 per
745 3643 853 3707 Deum
878 3642 1014 3721 bonum,
1048 3643 1088 3707 de
1111 3643 1355 3722 Incarnatione,
1379 3643 1401 3706 dr

298 3743 536 3806 resurrectione
561 3743 681 3824 camis,
714 3751 746 3804 et
769 3738 835 3804 alia
859 3740 1061 3824 respuebant
1084 3751 1117 3804 et
1144 3741 1342 3824 irridebant,
1373 3756 1401 3804 ut

374 3929 393 3989 ι)
422 3927 571 3981 Secundum
599 3927 665 3981 alios
685 3927 771 3981 Adam
792 3933 821 3981 et
841 3927 902 3980 Eva
929 3933 1038 3982 tantum
1065 3926 1178 3984 inerunt
1204 3929 1320 3997 spiritus
1346 3919 1401 3994 lapel

298 4024 330 4062 ao
348 4008 410 4062 dein
429 4006 583 4074 corporibus
601 4007 705 4062 inclusi.
745 4007 787 4062 Ex
805 4007 847 4062 his
865 4023 929 4062 vero
948 4013 1006 4062 tum
1025 4021 1137 4074 corpora
1159 4015 1218 4064 turn
1236 4011 1344 4064 animae
1361 4007 1401 4062 aut

297 4086 469 4153 sequentium
488 4085 623 4140 hominurn
643 4086 819 4141 dimanarunt
843 4087 1028 4155 generatione.
1065 4087 1210 4143 Peccatum
1229 4097 1322 4144 autem
1341 4085 1401 4154 origi

299 4166 361 4221 nale
379 4165 434 4219 fuit
459 4163 617 4220 concubitus
636 4165 711 4220 Adae
738 4172 767 4220 et
786 4167 868 4222 Evae.
899 4197 931 4205 -
961 4166 1097 4233 Quaedam
1121 4167 1306 4224 doctrinarum
1331 4168 1401 4236 eapiu

298 4247 445 4302 secundum
463 4245 533 4299 hanc
551 4244 715 4300 seutentiam
734 4246 814 4314 paulo
832 4245 1028 4301 modificantur.
