2964 4838
536 451 629 506 Sixtus
648 449 695 504 IV.
1124 453 1177 506 429

59 599 148 661 sione
172 599 204 660 in
229 595 369 660 ecclesia
400 595 489 660 facta
512 593 668 660 Julianus
698 593 883 658 trucidatus
913 615 953 658 ac
976 595 1177 660 Laurentius

62 693 248 758 vnlneratus
280 694 352 758 fnit,
402 692 530 774 Quodsi
555 713 634 756 vero
659 693 827 756 consensit
850 692 884 756 in
909 711 1081 775 conamen,
1111 715 1175 780 quo

61 791 153 856 modo
185 813 252 856 non
288 801 424 856 cruento
458 789 659 876 gubernium
692 789 881 854 Florentiae
914 801 1106 874 mutaretur,
1145 801 1178 856 et

59 887 188 953 libertas
212 889 418 974 reipublicae
440 889 670 952 restitueretur
692 910 842 973 repressa
866 889 1093 954 dominatione
1111 889 1176 954 hle·

60 987 235 1068 diceorum,
267 987 376 1073 potuit
398 985 555 1050 Pontifex
579 1005 723 1068 censere,
756 985 791 1049 id
814 985 943 1050 licitum
973 1007 1043 1051 esse
1068 997 1100 1051 et
1123 1011 1177 1052 ex-

58 1085 184 1170 pedire,
225 1105 326 1172 quum
368 1083 510 1148 Medioei
553 1083 729 1148 arbitraria
768 1092 801 1147 et
836 1085 1012 1168 tyrannica
1049 1087 1177 1150 ratione

58 1183 313 1265 dominarentur,
338 1181 420 1246 alios
444 1183 677 1268 opprimerent,
702 1183 737 1245 in
762 1201 889 1245 sacram
905 1181 1025 1248 Sedem
1042 1181 1177 1248 hostiles

55 1302 88 1343 se
112 1281 333 1345 ostendissent
356 1291 389 1345 et
406 1279 484 1368 jura
508 1279 678 1344 Ecclesiae
703 1279 886 1365 praefracte
910 1281 1130 1362 violassent.¹)

140 1425 194 1490 28.
241 1423 355 1488 Sixtus
381 1424 427 1489 lV
451 1424 529 1489 dein
553 1445 620 1490 non
644 1445 762 1508 parum
787 1423 1051 1508 reprehenditur,
1085 1425 1346 1522 qu⁰d⁸¹iiiahhi⁹'

54 1525 89 1586 in
104 1523 282 1609 nepotibus
306 1525 373 1591 suis
398 1523 539 1588 nimium
563 1521 746 1586 ostenderit
768 1521 920 1588 favorem
944 1544 983 1586 ac
1008 1521 1175 1607 dignitati·
1205 1496 1211 1533 ¹
1318 1512 1324 1523 ’

56 1619 114 1686 bus
148 1631 182 1684 ct
213 1620 395 1686 honoribus
427 1642 483 1684 eos
517 1619 749 1684 cumulaverit
804 1618 899 1700 Quae
932 1619 1053 1684 bacin
1077 1642 1112 1684 re
1141 1621 1176 1684 in

53 1716 1176 1804 Sixtumprolatafueruntexpartequidemsuntexaggerataetfalsa,

53 1839 94 1880 ex
118 1825 212 1902 parte
236 1827 347 1882 tamem
371 1839 452 1882 vera
476 1827 509 1881 et
532 1838 598 1882 non
623 1818 758 1880 omnino
775 1815 957 1901 probanda.
982 1815 1029 1882 Ut
1046 1817 1176 1902 justum

52 1915 135 1978 serre
160 1916 325 2000 possimus
349 1917 383 1980 in
408 1914 470 1980 hac
494 1915 687 2000 quaestione
706 1913 883 1999 judicium,
908 1915 1073 1998 imprimis
1088 1914 1177 1980 facta

53 2035 137 2097 quae
169 2012 260 2077 buno
292 2013 491 2078 Pontificem
534 2021 687 2096 spectant
716 2012 914 2091 reseremus3
958 2011 1035 2077 dein
1073 2035 1175 2098 quum

52 2113 182 2176 occasio
199 2111 283 2176 haec
298 2121 483 2196 opportune
501 2131 536 2173 se
553 2107 720 2194 praebeat,
744 2110 927 2194 generatim
946 2108 988 2172 de
1002 2112 1175 2195 nepotismo

52 2208 222 2294 aliquanto
246 2210 435 2274 accuratius
460 2229 607 2292 agemus.
636 2207 761 2272 Verum
787 2207 945 2272 videlieet
968 2215 1026 2288 est,
1051 2206 1178 2292 aliquot

54 2307 251 2388 Pontifices,
286 2329 325 2372 ac
356 2307 530 2391 speciatim
562 2303 694 2372 Sixtum
725 2306 777 2370 IV
818 2303 1004 2390 nepotismo
1034 2306 1176 2370 nimium

52 2403 206 2470 addictos
228 2405 340 2484 fuisse,
365 2402 461 2489 plura
485 2413 597 2468 tamon
622 2425 706 2489 quae
731 2401 882 2468 demalis
896 2401 983 2466 illius
1000 2392 1176 2487 nepbtismi

52 2502 275 2586 proferuntur,
299 2510 501 2586 exaggerata
526 2502 750 2564 invenientur.
774 2538 818 2548 -—
844 2499 889 2564 Ut
911 2499 952 2564 de
976 2500 1085 2582 modo,
1110 2524 1175 2587 quo

52 2599 167 2664 Sixtus
191 2620 269 2684 erga
292 2600 498 2684 propinquos
521 2600 684 2680 suosegit,
708 2619 853 2683 aequum
865 2598 990 2662 feratur
996 2598 1176 2681 judicium,

51 2698 156 2762 animi
180 2697 253 2781 ejus
275 2696 404 2762 indoles
428 2695 669 2762 consideranda
693 2707 760 2777 est;
791 2697 911 2760 etenim
937 2707 1007 2761 tum
1032 2699 1067 2762 in
1091 2697 1176 2762 bene

51 2795 158 2875 factis,
176 2805 247 2858 tum
258 2793 835 2881 iniisquaeminuslaudandamunt,
860 2796 959 2858 insita
975 2807 1114 2860 naturae
1130 2798 1176 2860 in·

52 2892 125 2958 dole
157 2892 309 2956 homines
339 2892 437 2958 facile
469 2892 638 2957 ducuntur
661 2903 694 2956 et
716 2893 938 2978 abripiuntur.
985 2893 1098 2974 Nemo,
1129 2896 1178 2957 ait

51 2989 249 3071 Panvinius,
273 2989 318 3054 acl
341 3013 410 3054 eam
433 2989 517 3054 diem
530 2989 716 3073 Pontificem
738 3013 794 3053 ooo
818 2992 923 3054 naimo
940 2991 984 3054 ad
999 2992 1176 3075 munificen-

51 3091 129 3154 tiam
153 3087 438 3174 liberalitatemque
455 3090 658 3174 propensior,
682 3090 795 3152 accim
819 3087 927 3151 dando
950 3089 1096 3168 hilarior,
1120 3115 1177 3154 meo

48 3191 83 3250 ia
107 3185 332 3272 promerendis
361 3185 536 3250 hominibus
567 3187 748 3272 promptior
770 3185 879 3272 faisse
909 3198 1173 3255 commemoratur.

53 3283 157 3358 Quum
195 3283 365 3348 admodum
401 3283 545 3349 liberalis
582 3296 675 3366 esset,
714 3307 770 3348 aco
800 3283 862 3348 alli
893 3306 1030 3371 prorsas
1058 3305 1174 3371 aspare

47 3385 216 3467 quiequam
238 3382 343 3460 sciret,
365 3382 515 3467 plurimis
538 3381 665 3446 eosdem
685 3383 810 3468 pretias
834 3383 1011 3468 importune
1034 3386 1175 3469 reposti·

49 3481 106 3546 bas
130 3502 228 3566 saepe
242 3482 403 3548 coacessit.
434 3478 519 3544 Cum
543 3479 606 3544 hac
630 3481 732 3566 igitur
755 3481 870 3546 innata
886 3480 928 3545 ad
941 3480 1174 3546 liberalitatem

48 3579 282 3664 propensione,
313 3588 346 3641 et
377 3579 481 3643 animi
512 3579 546 3644 in
578 3577 660 3642 alios
691 3578 776 3643 bene
806 3579 915 3642 affecti
949 3578 1173 3662 inclinatione,

49 3676 209 3741 cohaeret
230 3675 331 3740 etiam
356 3677 479 3740 nimius
503 3674 558 3739 illc
582 3677 844 3762 propinquorum
869 3697 962 3740 amor
985 3686 1018 3739 et
1041 3677 1174 3761 profusa

49 3773 251 3857 benignitas.
299 3772 412 3838 Sacas
435 3775 518 3836 enim
541 3797 667 3838 scoram
698 3775 934 3838 amantissimas
957 3784 988 3838 et
1009 3773 1173 3858 indulpco·

49 3873 192 3938 amimea
215 3872 351 3935 omnium
366 3870 493 3960 padio-io
518 3883 564 3934 eet
588 3873 788 3936 eaistimotas
812 3872 996 3954 (Panvini).

55 4051 264 4059 ...ΗΒ-...ὰ-

125 4143 149 4214 ι)
168 4141 265 4198 Fusius
283 4143 350 4198 haec
368 4143 532 4198 evolvuntur
550 4159 593 4212 ap.
613 4141 644 4196 E.
664 4143 765 4198 Frantz
786 4145 801 4201 1.
822 4161 843 4202 o.
876 4145 904 4198 O.
923 4143 975 4200 IIL
1013 4145 1067 4201 Gfr.
1087 4147 1173 4202 Baton

48 4225 144 4278 Storia
162 4223 271 4280 d'ltalie
291 4225 320 4280 L.
340 4225 466 4279 XXXVI.
486 4241 513 4281 n.
532 4223 627 4278 XLIII
644 4241 701 4292 sqq.
