2814 4848
147 567 234 608 conell.

122 631 197 670 Later.
217 629 258 670 1v.

279 424 332 476 354
439 421 554 479 xxvn.
575 423 614 477 De
632 421 735 477 haeres.
753 423 919 489 repressione
938 438 970 476 ac
987 421 1021 476 de
1038 421 1234 478 Decretalibus.

281 566 486 652 spectabant.
533 565 696 632 Statuitur
718 564 891 630 videlicet:
924 567 1142 646 „Moneantur
1165 575 1276 630 autem
1300 577 1330 629 et
1350 567 1388 628 in-

282 664 456 746 ducantur,
486 674 519 728 et
542 667 569 728 si
593 687 727 732 necesse
751 668 859 746 fuerit,
890 686 950 750 por
973 687 1130 729 censuras
1162 663 1389 728 ecclesiasticas

280 760 521 847 compellantur
544 764 729 831 saeculares
751 772 941 853 potestates,
974 762 1241 848 quibuscumque
1265 761 1389 844 fungan-

279 869 333 923 tur
356 860 485 939 officiis,
510 871 546 925 ut
569 863 656 926 sicut
678 865 824 950 reputari
849 862 989 946 cupiunt
1012 869 1046 923 et
1069 859 1183 923 haberi
1208 858 1331 938 fideles,
1353 860 1390 921 ita

280 978 339 1043 pro
364 957 555 1022 defensione
579 958 657 1024 fidei
682 969 851 1047 praestent
880 957 1013 1044 publice
1041 957 1284 1043 juramentum,
1314 955 1390 1042 quod

281 1055 322 1118 de
345 1057 441 1118 terris
465 1077 545 1120 suae
568 1058 796 1142 jurisdictioni
826 1056 985 1142 subjectis
1016 1057 1196 1130 universos,
1222 1054 1391 1118 haereticos

280 1152 325 1216 ab
348 1152 506 1218 Ecclesia
522 1154 705 1236 denotatos,
738 1157 827 1221 bona
850 1154 917 1220 fide
940 1175 999 1239 pro
1023 1152 1152 1217 viribus
1183 1155 1392 1217 exterminare

281 1249 472 1333 studebunt,
502 1253 548 1316 ita
572 1254 661 1338 quod
685 1255 805 1320 amodo
838 1251 1106 1339 quandocunque
1137 1253 1213 1336 quis
1240 1250 1339 1314 fuerit
1365 1253 1391 1312 iu

159 1355 165 1364 ‘
281 1357 490 1433 potestatem,
521 1351 592 1414 sive
625 1363 818 1438 perpetuam
852 1353 924 1415 sive
958 1348 1174 1434 temporalem
1205 1359 1392 1434 assumptus.

282 1446 345 1510 hoc
368 1457 519 1512 teneatur
542 1450 725 1534 capitulum
744 1452 935 1546 juramento
958 1446 1102 1512 firmare.
1140 1446 1175 1512 Si
1200 1468 1281 1510 vero
1305 1447 1393 1510 domi-

282 1566 344 1608 nus
375 1544 565 1630 temporalis
593 1549 772 1633 requisitus
803 1559 836 1613 et
868 1548 1013 1612 monitus
1043 1545 1085 1610 ab
1116 1544 1280 1626 Ecclesia,
1312 1565 1393 1609 suam

282 1653 403 1706 terram
427 1665 569 1728 purgare
592 1644 777 1730 neglexerit
808 1645 850 1710 ab
875 1644 1043 1708 haeretica
1065 1643 1233 1726 foeditate,
1259 1665 1320 1728 per
1341 1665 1394 1705 me-

282 1740 517 1826 tropolitanum
542 1753 574 1806 et
597 1753 742 1808 caeteros
759 1740 1057 1828 comprovinciales
1079 1743 1254 1826 episcopos
1278 1762 1394 1806 excom·

283 1839 518 1904 municationis
545 1840 680 1905 vinculo
711 1841 904 1906 innodetur:
938 1851 970 1903 et
993 1841 1020 1903 si
1045 1840 1235 1904 satisfacere
1264 1851 1395 1903 contem·

283 1937 394 2022 psorit,
428 1939 514 2001 intra
537 1960 662 2002 annum
691 1939 896 2023 significetur
926 1937 990 2001 hoc
1019 1958 1149 2001 summo
1175 1937 1339 2020 Pontifici,
1368 1952 1395 1997 ut

283 2043 407 2098 extunc
430 2036 500 2120 ipse
523 2035 666 2101 vasallos
689 2037 731 2101 ab
756 2039 827 2123 ejus
851 2035 1010 2100 fidelitate
1028 2034 1205 2100 denuntiet
1227 2034 1395 2100 absolutos.

284 2142 316 2195 et
339 2143 461 2195 terram
485 2143 631 2218 exponat
655 2133 834 2199 Catholicis
858 2133 1099 2218 occupandam,
1123 2134 1181 2219 qui
1205 2155 1280 2196 eam
1305 2144 1394 2196 ester·

285 2231 421 2293 minatis
451 2229 626 2295 haereticis
657 2231 782 2318 absque
814 2231 881 2296 ulla
910 2218 1172 2295 contradictione
1206 2230 1397 2315 possideant,

285 2328 375 2392 etin
399 2326 477 2390 fidei
501 2331 644 2414 puritate
669 2341 876 2410 conservent,
907 2329 1000 2394 salvo
1019 2328 1095 2414 jure
1127 2327 1254 2391 domini
1291 2329 1395 2413 princi·

284 2423 377 2509 palis,
402 2424 581 2490 dummodo
614 2449 714 2513 super
737 2428 801 2492 hoo
824 2430 894 2514 ipse
918 2427 1047 2492 nullum
1081 2437 1224 2512 praestet
1257 2417 1393 2490 obstncn·

280 2521 361 2603 lum,
387 2543 449 2586 neo
471 2522 606 2609 aliquod
637 2525 912 2610 impedimentum
943 2536 1107 2612 opponat:
1138 2525 1258 2589 eadem
1290 2523 1394 2590 nihilo-

285 2619 395 2683 minus
425 2618 496 2704 lege
528 2634 658 2687 servata
689 2624 778 2689 circa
808 2647 877 2706 eos,
909 2626 966 2710 qui
999 2645 1066 2688 non
1096 2621 1222 2686 habent
1256 2609 1396 2687 dominod

284 2715 495 2801 principales.
523 2755 559 2766 —-
587 2719 749 2786 Catholici
774 2744 863 2804 vero,
888 2724 944 2807 qui
969 2723 1077 2785 crucis
1100 2730 1271 2804 assumpto
1296 2719 1395 2784 citara-

287 2823 374 2878 ctere
406 2815 448 2878 ad
485 2816 726 2883 haereticorum
763 2821 998 2884 exterminium
1032 2839 1066 2881 se
1098 2818 1318 2896 accinxerint,
1350 2815 1395 2890 illa

285 2911 455 2995 gaudeant
478 2915 685 3000 indulgentia
708 2917 830 3004 illoque
854 2916 1029 3004 privilegio
1063 2917 1130 2980 sint
1161 2915 1292 2996 muniti,
1323 2909 1395 3000 quae

286 3009 523 3076 accedentibus
551 3015 586 3076 in
611 3025 717 3079 terrae
741 3026 874 3080 sanctae
898 3013 1084 3080 subsidium
1115 3011 1394 3084 conceduntur.⁰¹l

376 3163 430 3229 48.
454 3163 645 3228 Fridericus
669 3166 703 3229 II
727 3163 911 3251 Imperator
936 3164 1008 3250 jam
1032 3185 1120 3227 anno
1147 3163 1243 3242 1213,
1276 3162 1394 3226 decreto

288 3261 364 3325 dato
389 3263 423 3325 in
448 3260 570 3348 oppido
593 3263 720 3346 Egert),
746 3272 779 3326 et
800 3285 888 3328 anno
908 3262 1003 3341 1219,
1028 3258 1100 3343 lege
1125 3258 1202 3324 data
1226 3260 1260 3322 in
1287 3255 1393 3345 oppido

288 3357 493 3442 Hagenau³),
525 3382 558 3423 ee
582 3382 641 3445 pro
666 3360 794 3425 viribus
818 3359 963 3424 haeresis
990 3358 1206 3423 destructioni
1237 3357 1393 3421 adlabere

289 3466 398 3520 turum
434 3479 503 3520 esse
539 3467 676 3522 testatus
711 3468 768 3522 est.
835 3458 936 3522 Porro
970 3478 1057 3520 anno
1093 3456 1179 3520 1220
1213 3455 1337 3520 Romae
1370 3451 1393 3514 d

289 3555 349 3618 22ο
372 3553 572 3620 Novembris
604 3556 709 3640 legem
735 3565 850 3620 contra
873 3555 1056 3619 haereticos
1085 3553 1161 3618 tulit
1191 3553 1310 3617 iisdem
1340 3551 1392 3614 sere

290 3652 402 3717 verbis
424 3675 464 3716 ac
489 3651 675 3717 Concilium
706 3653 930 3718 Lateranenee
955 3662 1119 3739 quartum,
1153 3653 1199 3715 ita
1221 3661 1258 3713 ut
1282 3667 1392 3746 quaeq

290 3750 424 3835 Synodo
449 3773 542 3814 sacra
566 3760 687 3815 statuta
710 3753 850 3833 fuerant,
881 3749 963 3835 legis
991 3751 1089 3814 etiam
1125 3747 1308 3834 imperialis
1338 3748 1391 3808 vim

366 4021 386 4086 ¹)
405 4017 496 4072 saeue
515 4017 564 4072 xr.
584 4017 645 4072 ne.
665 4047 698 4056 -
718 4017 823 4072 omer.
843 4015 871 4071 c.
891 4015 965 4069 nur.
985 4013 1016 4068 n.
1035 4013 1068 4068 v.
1088 4013 1133 4067 tra
1152 4013 1213 4068 vu.

363 4109 383 4172 ”t
405 4107 441 4164 u.
462 4107 494 4162 o.
513 4105 545 4162 n.
564 4107 597 4160 11.
617 4107 678 4161 aaa.

364 4197 386 4268 8)
407 4197 440 4250 n.
461 4195 492 4250 o.
514 4195 542 4250 n.
563 4195 596 4252 u.
617 4197 678 4250 au.
