2814 4848
322 437 376 490 ⁴22
520 439 649 494 XXVIII.
669 441 709 494 Dc
727 447 803 494 statu
822 439 962 493 socletatis
981 437 1073 491 christ.
1093 453 1163 493 saec.
1182 437 1257 492 XIII.

315 579 554 662 ,Innocentium
584 583 647 666 IV,
680 595 750 648 tum
781 583 863 648 alios
893 581 1071 646 Pontifices
1104 581 1205 645 medii
1239 583 1314 645 aeri
1344 595 1401 666 atqr

323 676 472 760 concilia,
498 689 692 764 potestatem
716 704 809 746 susm
835 703 900 745 non
913 681 1093 744 excessisse
1118 681 1151 743 in
1176 679 1336 764 ejusmodi
1363 693 1401 740 act

252 787 292 815 ¹¹¹¹*
323 773 399 858 bus,
433 798 492 862 pro
526 789 614 843 certo
646 778 818 844 habemus.
842 817 883 828 —
909 777 1075 860 Gesselin,
1106 788 1206 863 atque
1236 787 1313 840 ante
1336 778 1401 860 ipsu

324 873 520 958 Fenelon¹),
555 901 598 941 ex
628 889 789 964 potestate
820 879 975 942 directius
1007 897 1211 940 summorum
1246 873 1401 938 Pontifieu

323 980 355 1034 et
394 994 437 1036 ex
469 973 546 1059 jure
581 976 693 1042 sociali
730 977 818 1041 illius
859 977 1015 1062 temporis
1055 975 1298 1060 depositionem
1335 973 1400 1036 Frid

321 1069 381 1132 rici
406 1070 449 1151 ΙΙ,
474 1073 522 1136 uti
547 1073 613 1140 alia
636 1076 758 1140 similia
783 1077 881 1157 iacta,
907 1074 1003 1161 plene
1019 1072 1179 1158 explicari
1195 1093 1293 1157 posse
1317 1086 1397 1132 conte

323 1165 416 1232 dunt.
466 1171 496 1232 Τ
495 1182 548 1234 out
571 1196 603 1234 ce
627 1195 684 1257 qne
707 1195 787 1237 nous
810 1195 908 1236 acone
932 1173 980 1235 dit
998 1171 1076 1258 ptus
1096 1172 1172 1233 dunt
1195 1169 1242 1256 (n.
1260 1170 1317 1250 91)
1341 1171 1401 1253 inqu

321 1261 483 1348 Gesselin,
504 1293 589 1354 pour
612 1270 777 1356 expliquer
800 1271 834 1334 lu
854 1281 995 1334 sentence
1020 1270 1058 1332 dc
1086 1267 1237 1352 Grdpeire
1259 1267 1323 1330 VII
1341 1275 1401 1326 cent

321 1362 505 1449 l'emperenr
528 1369 634 1432 Heari
657 1371 715 1447 IV,
744 1368 921 1455 s'applique
950 1369 1152 1432 deidemment
1176 1371 1197 1428 d
1221 1363 1299 1428 celle
1323 1365 1401 1426 d'lnn

320 1471 389 1524 cent
412 1463 466 1525 IV
483 1475 589 1528 contre
613 1467 763 1531 Frdddric
780 1467 822 1530 II.
872 1467 914 1530 Le
933 1469 1071 1552 ponuoir
1094 1465 1184 1527 divin
1207 1463 1246 1526 de
1272 1463 1333 1526 tier
1354 1475 1401 1522 etr

321 1557 422 1622 delier
450 1585 508 1646 que
539 1563 567 1626 le
597 1565 683 1650 Pupe
715 1566 846 1650 incoque
879 1570 900 1628 d
929 1565 1054 1650 l'eppni
1081 1564 1120 1626 de
1151 1587 1188 1626 sa
1218 1573 1367 1627 scorteum.
1393 1585 1401 1620 ε

320 1658 519 1743 uniquement
549 1662 665 1748 relatff
689 1687 731 1726 aa
749 1665 888 1750 ponceio·
920 1663 1190 1726 d'coecommnnier.
1244 1659 1294 1723 Lu
1324 1659 1401 1743 dc'pot

322 1757 398 1836 tion
417 1762 595 1843 prorsouce'r
620 1761 703 1824 dans
728 1762 762 1825 la
785 1763 878 1826 meme
897 1771 1048 1842 sentence,
1072 1761 1183 1822 n'dtoit
1206 1759 1321 1842 qn'une
1343 1777 1401 1818 cern

320 1875 432 1938 quence
456 1855 494 1918 de
509 1856 833 1922 l'eeccommnnicction
856 1859 982 1944 d’upres
1007 1859 1040 1920 le
1050 1857 1243 1942 persuasione
1267 1855 1353 1918 alors
1374 1875 1401 1912 nn

320 1950 459 2035 veracite,
476 1953 598 2039 fondis
621 1979 677 2020 aar
699 1955 745 2020 les
759 1958 927 2020 anciennee
943 1957 1004 2020 lois
1019 1957 1057 2026 de
1073 1955 1231 2042 l'empire;
1256 1953 1360 2017 c’eitait
1380 1973 1401 2013 u

320 2048 429 2134 simple
453 2053 696 2138 interpretation
720 2055 764 2117 dn
779 2065 913 2118 serment
935 2053 974 2117 dc
992 2051 1125 2138 similite,
1149 2051 1272 2114 donate
1297 2073 1335 2113 en
1357 2069 1401 2112 ren

319 2146 363 2208 du
380 2151 519 2233 ponuoir
542 2151 680 2236 directis,
705 2153 783 2215 dont
804 2176 884 2216 nona
905 2175 1021 2214 venons
1045 2151 1083 2214 de
1101 2147 1261 2236 parler.²)
1400 2227 1401 2238 χ

409 2247 461 2310 40.
488 2248 610 2312 Netum
628 2259 686 2331 est,
711 2249 797 2314 hanc
814 2252 1011 2314 sententiam
1036 2271 1102 2335 qua
1126 2271 1167 2313 ex
1187 2249 1266 2334 jure
1293 2239 1401 2330 historil

319 2364 377 2406 seu
402 2345 515 2408 sociali
541 2347 702 2432 depositio
734 2349 922 2433 principum
958 2371 1017 2433 per
1039 2347 1218 2411 Pontifices
1251 2337 1401 2430 explicati

320 2438 383 2504 hoc
406 2451 554 2529 tempore
579 2468 649 2508 esse
674 2447 753 2510 satis
777 2457 962 2532 acceptum.
1010 2444 1076 2508 Sed
1093 2445 1275 2509 Pontifices
1299 2443 1342 2506 ad
1364 2440 1400 2504 itu

314 2537 372 2622 jus
396 2541 517 2604 sociale
541 2565 606 2607 non
632 2543 810 2629 appellant,
837 2545 899 2608 nisi
917 2545 1000 2607 forte
1017 2543 1224 2606 secundario.
1274 2543 1400 2606 Praene

320 2637 457 2703 difficile
488 2640 581 2721 foret,
615 2641 798 2723 ostendere,
833 2643 998 2706 exstitisse
1022 2641 1110 2726 leges
1133 2640 1300 2724 antiquas,
1334 2657 1400 2699 seru

319 2735 400 2798 dum
425 2759 507 2822 quas
530 2741 630 2804 etiam
654 2761 748 2824 reges
772 2750 805 2803 et
828 2741 995 2825 principes
1019 2739 1314 2816 exeommunicati,
1346 2751 1400 2816 negt

319 2836 519 2914 amitterent,
539 2839 693 2922 quamvis
709 2838 743 2902 id
756 2837 909 2922 analogia
929 2848 961 2901 et
981 2837 1216 2901 convenientia
1234 2833 1400 2920 respondet

319 2931 448 3016 legibus
479 2934 556 3014 illis,
596 2934 717 3020 quibus
755 2935 880 3000 subditi
920 2935 1193 3000 excommunitati
1228 2933 1254 2996 si
1291 2953 1348 3016 per
1377 2939 1400 2996 et

318 3039 389 3094 tum
425 3041 555 3116 tempus
588 3032 760 3097 Ecclesiae
799 3055 865 3098 non
900 3031 1162 3113 satisfaciebant,
1196 3007 1400 3094 honoribusl

313 3127 447 3212 juribus
471 3129 628 3194 civilibus
656 3132 910 3216 privarentur.³)
967 3129 1020 3196 Ob
1053 3121 1196 3194 indolem
1229 3127 1399 3192 christiana

318 3227 419 3290 totius
434 3229 602 3292 societatis
617 3228 795 3293 videbatur
817 3231 963 3314 profecto
987 3229 1085 3315 plane
1107 3228 1283 3310 absonum,
1309 3237 1342 3288 ut
1359 3223 1399 3308 pri

319 3345 397 3407 ceps
426 3327 734 3390 excommunicatus
768 3347 840 3390 eam
871 3337 1009 3411 regeret.
1034 3365 1078 3374 -
1103 3327 1277 3389 Attamen·
1295 3324 1399 3387 ultima

317 3421 465 3486 radicem
489 3426 694 3488 auctoritatis
726 3423 916 3509 deponendi
941 3425 1118 3510 principes,
1151 3421 1332 3486 Pontifices
1354 3418 1399 3481 ide

318 3519 420 3584 tidem
447 3522 523 3586 iude
548 3520 611 3585 sibi
636 3521 819 3603 vindicant,
852 3523 941 3608 quod
972 3525 1039 3586 siut
1062 3541 1269 3586 successores
1295 3517 1375 3584 Petri
1398 3545 1399 3558 ¹

318 3617 448 3682 Viearii
474 3617 607 3684 Christi.

393 3803 414 3870 ¹)
433 3803 547 3858 Dissert.
567 3803 600 3858 de
619 3805 739 3858 auctorit
766 3803 862 3860 summi
883 3805 962 3858 Pont.
983 3821 1004 3856 c.
1024 3805 1068 3858 39.

392 3881 415 3954 ²)
435 3883 553 3938 PouroIr
571 3885 607 3938 du
627 3885 707 3952 Papa,
727 3886 757 3942 P.
779 3886 814 3939 II.
834 3901 859 3938 n.
881 3887 941 3940 213.

392 3967 412 4020 ¹)
433 3963 598 4018 Praesertim
617 3965 798 4032 Imperatores
823 3981 857 4018 ex
877 3965 1024 4019 Suevomm
1052 3963 1139 4030 stirpe
1158 3961 1220 4016 iude
1239 3977 1256 4016 s
1274 3959 1398 4016 Fsr'derie·

317 4043 485 4107 statuebant,
496 4044 627 4108 ,omnibus
645 4045 751 4113 legibus
769 4045 934 4112 superiorem
948 4059 1006 4098 esse
1019 4043 1185 4112 dignitatem
1205 4041 1374 4110 imperialem.
1391 4049 1398 4088 t

317 4129 347 4176 et
364 4123 517 4178 I'ridericus
533 4123 601 4178 Iliu
618 4124 719 4178 litteris
735 4131 797 4193 post
814 4125 1013 4194 depositionem
1031 4139 1107 4178 snam
1134 4123 1207 4176 datis
1227 4125 1264 4190 (v.
1283 4121 1331 4176 inf.
1350 4119 1398 4172 ul

315 4202 419 4258 diserte
437 4204 584 4264 contendit,
