2844 4840
292 458 469 512 Interventns
487 459 516 512 iu
535 473 578 512 res
596 459 823 513 Florentinoram.
1083 461 1117 514 37

37 597 94 662 fecit
113 599 255 666 Pontifex
282 601 327 666 ad
351 625 402 666 res
426 601 691 666 Florentinorum
723 603 969 688 componendas
992 604 1117 689 optima

36 696 140 780 quidem
168 701 358 781 intentione,
390 699 447 764 sed
471 721 624 764 successu
655 721 866 786 nequaquam
897 699 995 764 felici.
1042 700 1117 765 Non

34 793 114 858 solum
135 798 218 861 enim
241 796 425 861 discordias
449 799 573 862 civium
598 798 786 862 Florentiae
810 797 925 864 sedare
949 797 1039 863 haud
1063 819 1116 884 po-

33 895 86 972 tuit,
109 894 161 958 sed
183 893 441 981 quamplurimos
469 894 569 960 Italos
601 898 665 960 sibi
697 896 843 961 reddidit
877 896 1116 978 infestissimos,

32 991 153 1076 iramque
182 994 215 1058 in
247 1017 281 1058 se
310 995 505 1079 provocavit
533 995 652 1060 Dentis
684 1003 811 1080 poeitae,
843 997 899 1081 qui
925 997 1117 1059 memoriam

32 1087 160 1154 Bonifatii
190 1089 313 1176 pluries
344 1093 378 1156 in
407 1115 467 1156 sua
490 1093 612 1157 Dioiua
639 1091 819 1158 Commcdia
851 1094 933 1158 diris
964 1093 1116 1158 devovet.

31 1185 91 1250 Erat
113 1189 273 1254 Florentia
303 1211 341 1254 eo
366 1201 512 1276 tempore
536 1191 661 1276 duplici
685 1192 829 1255 factione
854 1191 972 1274 divisa,
1003 1191 1117 1276 Nigro·

28 1307 83 1348 rum
102 1297 196 1373 atque
218 1287 399 1370 Alborum3
430 1288 538 1353 ultimi
562 1311 641 1353 mox
664 1287 907 1354 Gibellinorum
930 1287 1118 1353 tendentias

28 1384 137 1448 utiess
151 1387 300 1471 superius
315 1388 542 1471 exposuimus)
566 1397 642 1451 sunt
665 1389 780 1467 secuti,
804 1386 898 1451 alteri
923 1386 1116 1452 Guelforum

27 1483 173 1568 principiis
197 1506 231 1548 se
254 1483 406 1548 addictos
429 1484 678 1571 profitebantur.
725 1485 778 1549 Ex
801 1485 907 1549 turbis
930 1483 1118 1549 Florentiae

26 1583 135 1660 exortis,
160 1582 320 1662 Etruriae,
346 1584 412 1645 imo
432 1583 533 1646 totius
548 1581 664 1646 Italiae
687 1605 755 1669 pax
770 1585 804 1646 in
820 1582 997 1646 discrimen
1014 1583 1116 1663 venit,

25 1677 93 1740 undo
116 1681 230 1744 merito
246 1679 433 1744 Bonifatius
456 1702 572 1765 pacem
589 1683 760 1745 restituere
775 1690 911 1745 conatus
928 1691 985 1746 est.
1017 1681 1116 1744 Initio
1231 1677 1237 1687 ¹
1256 1760 1258 1770 Ι

24 1779 84 1840 anni
109 1778 192 1844 1300
216 1780 307 1842 misit
329 1776 530 1842 Florentiam
548 1777 760 1843 Cardinalem
776 1778 981 1842 Matthaeum
998 1777 1117 1864 Aquis-

24 1888 176 1958 partanum
206 1877 263 1961 qui
288 1875 393 1940 multa
423 1876 502 1940 fecit
524 1877 567 1941 ad
592 1877 752 1941 factiones
783 1877 1028 1958 conciliandas3
1060 1875 1118 1940 sed

22 1995 103 2058 quum
137 1974 220 2040 nihil
250 1975 433 2060 proficeret,
468 1977 637 2040 civitatem
668 1975 844 2040 interdicto
872 1976 1023 2061 punitam
1048 1974 1118 2038 reli·

19 2075 84 2156 quit.
127 2073 224 2138 Tunc
246 2072 338 2138 aliud
371 2073 546 2139 consilium
577 2075 652 2138 iniit
675 2075 871 2139 Bonifatius.
919 2073 1004 2139 Cum
1028 2073 1119 2137 vide-

19 2167 79 2233 licet
91 2174 196 2257 magis
208 2173 379 2257 magisque
403 2195 470 2257 pax
493 2172 682 2236 turbaretur
705 2182 738 2236 et
761 2181 966 2258 emergerent
989 2174 1023 2236 in
1047 2171 1119 2236 dies

21 2273 80 2332 novi
110 2271 259 2355 tyranni,
293 2272 349 2356 qui
381 2270 539 2334 ditionem
571 2271 774 2355 pontificiam
800 2269 1041 2356 discerpebant,
1075 2269 1118 2334 ad

18 2387 61 2430 eos
81 2367 347 2454 comprimendos
377 2378 410 2432 et
433 2369 468 2431 in
491 2367 600 2432 officio
624 2366 763 2454 populos
787 2368 1004 2432 continendos
1028 2387 1120 2452 prae·

18 2468 143 2548 potentis
167 2465 310 2552 alicujus
333 2465 428 2530 ducis
452 2487 585 2551 operam
609 2465 672 2530 sibi
698 2468 918 2530 necessariam
943 2466 1048 2530 duxit.
1080 2465 1120 2529 In

18 2584 74 2627 eam
97 2586 167 2628 rem
201 2562 300 2648 elegit
325 2563 481 2628 carolum
505 2563 676 2628 Valesium
702 2563 849 2649 Philippi
881 2566 968 2648 regis
991 2561 1120 2628 Galliae

18 2661 144 2743 fratrem,
171 2663 348 2747 virumque
372 2663 428 2748 qui
453 2663 524 2748 ipse
549 2664 697 2747 ingentia
713 2661 851 2727 consilia
874 2662 984 2725 animo
1009 2659 1118 2724 volve·

19 2755 68 2841 let,
92 2773 127 2825 ut
152 2763 187 2824 in
213 2757 345 2823 Italiam
378 2761 508 2825 veniret
539 2761 706 2826 invitavit.
760 2759 923 2846 Sperabat
954 2760 1119 2841 Pontifex,

14 2879 63 2941 ope
93 2861 201 2945 ipsius
230 2879 326 2944 posse
356 2879 473 2944 pacem
508 2861 645 2942 restitui,
679 2858 849 2923 Ecclesiae
879 2857 1044 2922 territoria
1067 2857 1120 2920 de

14 2954 99 3040 fundi,
124 2955 277 3024 Siciliam
302 2958 502 3042 recuperari,
534 2955 657 3021 bellum
681 2979 810 3021 sacrum
835 2955 1033 3042 promoveri,
1058 2955 1121 3018 Im·

12 3059 127 3138 perium
147 3055 553 3142 Constantinopolitanum
576 3057 714 3122 restitui.
750 3055 853 3120 Venit
866 3056 968 3137 igitur
984 3051 1122 3117 Carolus

12 3155 129 3220 modico
162 3175 239 3218 cum
271 3156 420 3218 exercitu
451 3156 485 3218 in
509 3154 651 3235 Italiam,
676 3163 775 3240 atque
799 3175 819 3216 a
842 3153 1008 3217 Bonifatio
1033 3152 1120 3215 Ana·

9 3255 95 3334 gniae
119 3252 304 3318 honorilice
328 3262 488 3337 exceptus
512 3261 570 3318 est.
608 3252 744 3316 Creavit
767 3249 860 3315 illum
883 3251 1047 3337 imprimis
1071 3271 1120 3313 co-

10 3353 126 3436 piarum
153 3351 401 3438 pontificiarum
426 3349 556 3432 ducem,
580 3361 617 3414 ut
641 3371 706 3414 non
731 3349 829 3414 modo
852 3349 1037 3434 perduelles
1060 3347 1122 3411 Ec

9 3449 117 3515 alesine
151 3453 188 3514 in
222 3448 444 3514 ecclesiastico
475 3451 665 3535 principatu
696 3447 885 3528 debellaret,
918 3467 1034 3510 verum
1067 3467 1122 3510 eos

9 3549 56 3631 qni
72 3549 180 3634 ipsius
192 3545 364 3612 Ecclesiae
380 3546 558 3611 fidissimos
573 3555 806 3632 oppugnarent
815 3555 986 3610 everteret.
1015 3544 1123 3608 Auxit

7 3648 97 3711 etism
122 3645 285 3713 Carolum
313 3668 355 3710 ex
379 3646 464 3710 sacri
496 3644 638 3711 Senatus
669 3646 806 3711 consilio
838 3647 872 3709 in
905 3665 944 3708 ea
968 3643 1122 3708 Etruriae

7 3757 90 3830 parte
114 3767 205 3832 quae
229 3745 372 3830 Imperio
397 3743 544 3808 obnoxia
567 3753 645 3826 erat,
671 3745 815 3808 Pariorii
833 3743 904 3828 jam
921 3752 998 3806 ante
1014 3763 1034 3805 a
1051 3740 1122 3804 Cle·

8 3855 107 3910 mente
131 3843 183 3908 IV
208 3842 358 3908 instituta
382 3841 553 3926 dignitate,
578 3851 616 3906 ut
637 3863 711 3906 eam
734 3843 943 3928 provinciam
960 3837 1122 3904 Alborum

5 3955 33 4006 et
53 3943 247 4027 Nigrorum,
273 3943 329 4028 qui
355 3939 533 4006 Gibellinis
557 3950 590 4004 et
613 3938 739 4005 Guelfis
770 3939 926 4024 permixti
951 3947 1054 4018 erant,
1078 3938 1123 4002 fa·

7 4043 169 4106 orionibus
190 4040 370 4104 laceratam
394 4049 539 4124 pacaret.

84 4141 142 4204 39.
169 4136 309 4204 Carolus
326 4138 428 4221 igitur
442 4158 507 4222 qua
523 4137 695 4200 Paciarius
718 4157 806 4200 anno
825 4135 908 4200 1301
935 4133 1123 4198 Florentiae

6 4249 149 4302 versatus
183 4244 243 4317 est,
275 4233 333 4299 sed
357 4255 450 4320 spem
473 4233 632 4322 Bonifatii
663 4235 799 4298 omnino
821 4231 946 4297 fefellit.
1001 4229 1126 4296 Omnia
