2858 4834
316 454 366 510 176
546 451 629 505 XXV.
651 453 690 506 De
709 467 791 506 caiisa
809 467 830 506 s.
849 451 966 506 Thomas
986 451 1204 505 Centuariensis.

143 596 304 701 fffflssss:
315 599 533 684 episcopatus,
565 594 619 659 vel
642 594 787 677 abbatia,
821 594 873 659 vel
905 597 1069 680 prioratus
1103 592 1144 659 de
1168 594 1314 660 dominio
1339 596 1424 676 regis,

316 695 415 761 debet
438 717 508 759 esse
532 694 566 758 in
591 714 692 757 manu
715 693 796 779 ejus,
822 704 854 757 et
877 692 956 757 inde
979 695 1141 778 percipiet
1162 714 1275 757 omnes
1290 691 1424 784 redditus

315 803 348 859 et
371 795 480 857 exitus
504 793 590 856 sicut
614 791 808 857 domininon.
845 791 889 855 Et
913 815 988 856 cum
1014 802 1151 856 ventum
1175 791 1340 862 fueritad
1363 811 1424 853 cons

314 890 489 956 sulendum
515 888 683 972 ecclesiae,
717 888 817 953 debet
839 889 994 954 dominus
1017 912 1077 954 rex
1107 889 1266 954 mandare
1297 891 1424 974 potiores

315 1009 472 1075 personas
496 985 669 1066 ecclcsiae,
699 995 731 1050 et
756 988 789 1051 in
814 986 940 1073 capella
970 989 1075 1073 ipsius
1106 986 1206 1052 debet
1228 986 1345 1050 electio
1368 983 1424 1048 lieri

314 1109 450 1152 assensu
474 1087 572 1170 regis,
604 1094 637 1148 et
660 1084 797 1172 copsilio
823 1107 1040 1171 personarum
1074 1087 1170 1170 regis,
1204 1107 1287 1171 quas
1312 1084 1354 1149 ad
1377 1084 1424 1154 hoo

313 1185 504 1250 faciendum
531 1181 710 1248 vocaverit.
759 1183 803 1246 Et
826 1182 951 1247 ibidem
976 1183 1077 1256 faciet
1100 1183 1223 1248 electus
1247 1183 1424 1266 homagium

315 1295 348 1349 et
370 1284 563 1349 fidelitatem
588 1281 722 1345 domino
747 1284 827 1367 regi,
858 1285 944 1346 sicut
966 1283 1045 1367 ligio
1070 1283 1215 1364 domino,
1249 1281 1291 1345 de
1317 1283 1384 1344 vita
1404 1285 1424 1342 el

316 1381 473 1447 membris
497 1392 529 1445 et
552 1381 594 1445 de
617 1380 742 1445 honora
766 1403 824 1445 suo
839 1393 978 1464 terreno,
1003 1381 1094 1446 salvo
1112 1381 1227 1446 ordine
1243 1402 1316 1460 suo,
1341 1381 1424 1465 prius

316 1503 415 1568 quam
447 1481 489 1544 sit
512 1480 752 1546 consecratus.“
788 1517 825 1526 -
860 1480 933 1544 Hoc
957 1479 1141 1545 damnavit.
1180 1517 1223 1526 —
1262 1477 1424 1562 Usurpatio

316 1580 403 1663 regis
427 1577 554 1640 eratin
579 1597 627 1659 eo,
662 1576 750 1662 quod
775 1579 983 1663 episcopatus
1007 1588 1040 1642 et
1063 1576 1128 1642 alia
1151 1575 1318 1641 beneficia
1342 1572 1424 1638 eccle

317 1678 450 1743 siastica
474 1675 606 1761 ponitus
629 1673 672 1738 ad
696 1675 800 1739 instar
823 1675 998 1740 feudorum
1022 1674 1168 1758 haberet,
1193 1686 1226 1740 et
1239 1691 1424 1760 possessore

317 1786 475 1861 tanquam
507 1771 665 1839 feudales.
705 1810 748 1820 -
790 1775 840 1839 13.
873 1772 929 1857 „si
960 1776 1135 1861 quisquam
1176 1773 1216 1838 de
1249 1769 1424 1858 proceribul

317 1875 410 1959 regni
428 1871 661 1936 diffortiaverit
676 1870 907 1959 (recusaverit)
922 1871 1182 1958 archiepiscopo,
1208 1870 1260 1934 val
1275 1873 1424 1956 episcopo

318 1972 371 2037 vel
396 1968 631 2034 archidiacono
656 1969 697 2032 de
721 1990 755 2033 sc
780 1969 831 2034 vel
857 1970 898 2034 de
922 1972 990 2035 suis
1010 1972 1176 2054 justitiam
1189 1969 1362 2050 exhibere,
1386 1967 1424 2038 rei

319 2069 419 2135 dehet
438 2068 619 2154 «justitiare,
651 2069 687 2154 (i.
711 2089 739 2132 e.
764 2089 839 2131 eum
872 2071 1035 2132 sententia
1067 2089 1184 2152 cogere
1216 2077 1252 2131 ut
1276 2065 1424 2152 justitian

286 2157 294 2178 ¹
319 2168 476 2233 exhibeat
499 2165 595 2248 illis):
620 2173 652 2228 et
666 2167 692 2228 si
717 2164 799 2228 forte
823 2165 943 2251 aliquis
968 2165 1200 2230 diffortiaverit
1221 2165 1360 2228 domino
1377 2151 1424 2244 rep

317 2264 551 2330 rectitudinem
576 2284 669 2327 suam
692 2263 837 2347 (recusat
850 2262 939 2349 quod
956 2265 986 2328 ei
1004 2263 1166 2346 debetur),
1190 2253 1424 2348 archicpiscopi

319 2363 372 2428 vel
397 2362 542 2447 episcopi
566 2371 600 2424 et
623 2359 848 2426 archidiaconi
874 2360 996 2426 debent
1020 2383 1094 2426 eum
1120 2361 1291 2448 justitiare
1325 2371 1363 2423 ut
1392 2359 1424 2444 do

320 2463 409 2526 mino
434 2461 503 2544 regi
528 2458 739 2523 satisfaciat.“
769 2495 805 2506 -
833 2459 908 2522 Hoc
932 2459 1094 2524 toleravit.
1120 2497 1161 2508 -
1187 2462 1239 2524 14.
1267 2455 1424 2540 „Catellal

320 2581 434 2626 eorum
458 2560 514 2646 qui
540 2567 616 2621 sunt
647 2558 681 2621 in
704 2559 792 2641 regis
824 2558 903 2622 foris
934 2558 1021 2623 facto
1061 2560 1341 2645 (proscriptione),
1383 2569 1424 2634 nol

321 2660 468 2725 detineat
498 2655 638 2720 ecclesia
667 2654 719 2719 vel
751 2658 984 2721 coemeterium
1016 2667 1130 2722 contra
1156 2657 1327 2743 justitiam
1352 2655 1424 2736 regit

322 2757 401 2842 quia
425 2755 529 2840 ipsius
552 2754 639 2837 regis
663 2763 748 2836 sunt,
782 2755 853 2818 sive
877 2757 912 2819 in
936 2755 1085 2820 ecclesiis
1109 2757 1180 2820 sive
1204 2765 1301 2819 extra
1327 2753 1424 2842 fueriti

322 2855 490 2918 inventa.“
508 2889 551 2898 —
567 2851 641 2914 Hoc
656 2849 819 2917 toleravit.
844 2890 887 2898 —
913 2853 963 2918 15.
984 2853 1131 2936 „Placita
1145 2852 1187 2917 de
1204 2852 1341 2936 debitis,
1366 2869 1424 2937 qua}

321 2951 388 3017 fide
412 2951 606 3036 interposita
639 2948 811 3030 debentur,
847 2950 899 3014 vel
932 2952 1059 3037 absque
1083 2951 1338 3036 interpositione
1363 2947 1424 3038 fidel

323 3051 388 3115 sint
411 3049 551 3113 incuria
574 3048 691 3131 regis,“
727 3045 864 3130 (Contra
888 3051 1095 3132 sententiam,
1120 3049 1252 3134 negotia
1276 3050 1316 3113 in
1329 3047 1424 3135 quibd

324 3148 502 3213 intervenit
535 3147 762 3232 juramentum
803 3145 855 3210 vel
891 3149 1063 3232 promissio
1097 3148 1288 3233 juramento
1324 3139 1424 3234 simili]

323 3248 488 3333 pertinere
527 3243 570 3308 ad
607 3242 714 3307 forum
753 3243 950 3330 Ecclesiae.)
989 3281 1031 3293 -
1069 3245 1144 3308 Hoc
1181 3244 1370 3308 damnavit.
1407 3263 1424 3296 ⁴

326 3341 501 3426 16.,„Fi1ii
526 3342 723 3406 rusticorum
748 3364 814 3406 non
838 3341 962 3408 debent
988 3342 1134 3408 ordinari
1159 3343 1287 3428 absque
1313 3351 1424 3410 assend

325 3441 462 3522 domini,
501 3439 541 3504 de
573 3439 668 3525 cujus
698 3447 785 3503 terra
808 3442 877 3504 nati
911 3440 1180 3525 dignoscuntur.“
1222 3477 1267 3487 -
1308 3440 1385 3504 Hoc
1408 3452 1424 3502 tt

324 3539 454 3605 leravit.

416 3673 467 3736 23.
508 3669 721 3734 Manifestum
746 3681 804 3753 est,
834 3671 927 3736 hisce
951 3671 1225 3758 dispositionibus
1249 3671 1424 3758 multiplici

327 3771 557 3855 usurpationes
580 3769 667 3853 regis
692 3771 726 3832 in
751 3791 803 3833 res
826 3769 1066 3834 ecclesiasticas
1090 3771 1263 3850 contineri,
1288 3780 1326 3834 et
1343 3768 1424 3835 Ecoh

327 3869 410 3933 siam
445 3868 599 3952 potestati
625 3866 715 3930 ciuili
741 3866 951 3932 subordinari
975 3877 1008 3932 et
1031 3868 1162 3955 subjici.
1208 3867 1337 3932 Libera
1371 3875 1424 3932 cor

327 3967 509 4030 municatio
534 3967 763 4050 episcoporum
793 3987 868 4029 cum
892 3965 1041 4031 Romano
1064 3967 1226 4032 Pontifice
1258 3966 1424 4052 impeditu

404 4241 424 4302 ¹)
442 4240 520 4294 Bona
539 4255 610 4294 mers
630 4238 746 4304 mobilia,
766 4245 799 4294 ut
817 4240 930 4306 exponit
948 4239 1091 4296 Somncrus
1109 4240 1137 4295 in
1155 4240 1298 4310 glossario.
