2828 4842
345 467 489 536 Expeditio
509 468 629 522 cruciate
647 471 754 534 qums.
1076 469 1130 524 305

49 613 175 676 alesmum
196 613 300 698 copiae
321 635 402 697 pars
412 613 523 698 potior
539 613 678 675 ciuitatis
694 622 724 675 et
736 611 862 696 pondus
878 613 1015 698 imperii,
1040 636 1129 698 quem

48 711 157 774 electione
171 709 317 773 concordi
340 733 407 772 curn
431 707 628 773 solemnitate
653 708 761 772 debita
785 707 994 788 sublimasset,
1019 721 1130 775 contra

47 820 184 872 eumcum
205 809 347 872 ordinem
370 808 528 892 temporis,
554 830 636 870 aura
652 806 796 892 fauente,
826 806 1040 872 obedientibus
1063 811 1127 873 Do-

46 907 103 968 niuo
121 908 212 970 centis
235 916 264 969 et
287 907 383 982 mari,
416 904 459 968 ad
481 903 588 968 urbem
610 905 730 990 repiam
756 915 887 988 praeter
916 928 1001 992 spem
1025 907 1128 993 appli-

45 1005 131 1066 cuimus
150 1015 177 1067 ct
199 1005 232 1066 in
257 1002 352 1066 breui.
369 1039 412 1049 -
428 1001 588 1065 Referunt
603 1022 711 1086 parre,
735 999 850 1066 fulsum
868 1003 1002 1088 quidem
1027 1004 1128 1070 fuisse

44 1097 193 1184 opinionem
211 1101 290 1179 Iure,
315 1110 352 1162 ut
367 1098 508 1163 Alexius
525 1109 676 1184 prompte
692 1122 712 1163 s
730 1097 872 1164 OPtanis
889 1103 1126 1187 susciperetur3

44 1197 83 1260 ssd
107 1222 162 1285 qun
191 1200 318 1262 rstione
342 1207 473 1282 praeter
503 1219 604 1282 spem,
644 1206 835 1282 protegente
859 1200 1015 1282 Domino,
1054 1211 1128 1288 post

41 1293 123 1359 brevis
143 1297 294 1382 temporis
318 1293 524 1359 obsidionem
549 1316 586 1358 eo
611 1297 834 1380 pervenerint,
866 1306 902 1361 ut
934 1297 1015 1364 urbe
1047 1303 1128 1384 poti-

41 1408 126 1457 rentur
144 1405 182 1473 et,
205 1395 355 1478 fugiente
379 1401 584 1476 usurpatore,
617 1392 757 1458 Alexins
780 1394 982 1478 reciperetur
1005 1399 1039 1461 in
1064 1399 1126 1462 Im·

39 1504 200 1572 perstarem,
235 1491 395 1577 lactentes
426 1489 620 1553 Innocentio
654 1493 817 1554 nuntiant.
872 1493 1126 1574 Ibaeordinutis,

39 1589 216 1670 concludunt,
240 1593 346 1673 itaque
370 1611 449 1673 quae
473 1589 653 1650 rcecessure'n
676 1588 873 1671 videbantur,
899 1591 944 1652 ad
967 1589 1128 1657 ecclesiam

37 1699 135 1750 moetas
165 1685 301 1774 Sophiae
333 1709 431 1750 noctes
454 1685 632 1770 Imperator
665 1708 732 1750 cum
764 1685 897 1752 solemni
923 1692 1127 1774 processione

37 1783 179 1864 dediscitur,
202 1797 232 1849 et
248 1784 337 1848 exuli
358 1794 466 1847 nostro
490 1785 558 1846 sine
583 1785 668 1846 omui
690 1785 938 1876 contradictione
961 1788 1126 1872 imperiale

35 1885 179 1946 restituitur
200 1883 349 1946 diadema
372 1905 440 1944 cum
460 1880 660 1967 plenitudine
679 1884 859 1968 potestatis.
893 1884 955 1946 His
974 1888 1126 1970 peractis,

34 1978 64 2040 cd
81 1981 253 2044 rolutr'oncm
270 1980 518 2066 promissionum
535 1979 669 2064 prosilit
691 1980 879 2064 Imperator,
910 1991 939 2043 et
965 1983 1126 2066 promissa

31 2075 100 2140 rebus
120 2078 302 2154 accumulat,
325 2076 479 2140 victualia
495 2099 556 2162 pro
581 2079 707 2140 ser-uitio
722 2077 854 2140 Domini
872 2077 1049 2163 profutura
1070 2102 1125 2143 no-

31 2171 65 2236 lis
77 2177 202 2261 praebet
224 2178 260 2239 in
274 2198 400 2252 annum,
425 2174 560 2238 ducenta
584 2197 762 2238 marcarum
784 2173 889 2238 millia
902 2175 992 2239 nobis
1007 2176 1125 2240 soluere

26 2277 115 2357 perpit,
138 2286 166 2338 et
186 2274 311 2338 Venetis
335 2273 401 2336 seris
425 2271 599 2358 sumptibus
613 2269 740 2335 stolium
750 2269 923 2358 prolonpat
946 2275 981 2336 in
996 2297 1123 2354 annum,

28 2391 96 2456 crpus
110 2378 290 2462 juramento
316 2371 498 2454 adstrinpit,
523 2369 607 2457 quod
631 2371 748 2455 eripere
770 2369 862 2433 nobis
886 2370 997 2434 debeat
1019 2370 1124 2458 repnte

28 2469 151 2533 cirillum
173 2483 203 2535 et
226 2472 261 2534 in
278 2469 433 2555 passapio
450 2468 566 2530 Martii
579 2466 739 2530 nobiscum
763 2467 807 2530 ad
821 2469 980 2531 seruitium
994 2469 1126 2533 Domini

25 2567 164 2650 proficisci,
202 2591 271 2632 cum
300 2568 426 2652 potantis
454 2567 575 2651 poterit
598 2564 738 2628 millibus
769 2575 972 2646 armatorum,
1008 2579 1038 2630 et
1067 2569 1123 2631 sub

27 2666 109 2728 sudem
130 2667 337 2753 promissione
362 2661 530 2742 concludit,
556 2663 640 2748 quod
651 2686 719 2726 eum
734 2667 942 2727 reverentiam
951 2677 1123 2749 praestare

27 2761 113 2828 debeat
142 2787 259 2828 mommo
290 2762 446 2846 Pontifici,
482 2784 575 2847 quam
603 2771 811 2824 antecessores
840 2763 891 2825 sui
913 2764 1123 2847 Imperatores

26 2859 144 2925 ubolini
161 2859 461 2948 praedecessoribus
484 2860 550 2922 suis
566 2858 770 2942 Pontificibus
787 2859 916 2944 pridem
932 2861 1123 2946 impendisse

26 2971 177 3037 noscuntur,
210 2969 240 3022 et
270 2955 431 3021 ecclesiam
454 2956 639 3020 orientalem
663 2957 784 3020 adbuc
808 2958 889 3021 idem
918 2981 979 3044 pro
1003 2958 1122 3022 uiribus

25 3053 163 3135 inclinare,
188 3083 227 3121 ac
251 3067 313 3120 toto
331 3056 420 3156 pilae
443 3076 519 3117 suae
544 3065 680 3140 tempore
704 3053 821 3118 milites
848 3057 1030 3142 quinpentos
1054 3079 1122 3119 cum

23 3155 170 3239 sumptibus
195 3156 262 3218 suis
285 3155 423 3217 interra
445 3163 556 3216 sancta
580 3152 747 3236 honorifice
764 3155 967 3238 promiseram
992 3154 1036 3218 ad
1059 3176 1121 3217 ser·

24 3251 108 3314 sitium
130 3252 360 3338 Redemptoris.
373 3251 397 3330 ¹)

90 3405 137 3470 95.
184 3403 334 3468 Instante
359 3399 488 3482 Alexin,
514 3400 608 3487 cujus
631 3423 771 3485 regnum
795 3401 943 3467 nondum
967 3403 1046 3466 satis
1070 3402 1120 3467 fir·
1140 3407 1292 3510 ³¹02&an

23 3513 122 3564 matum
147 3499 336 3580 videbatur,
361 3499 523 3582 crucigeri
547 3519 636 3562 nove
658 3511 850 3584 pantanum
878 3502 949 3585 ipso
964 3500 1119 3582 inierunt,
1138 3475 1272 3573 'ulscldm

22 3597 161 3679 vilelicet,
187 3609 344 3684 utusque
360 3595 403 3659 ud
420 3605 550 3682 tempus
563 3618 703 3661 vernum
718 3600 798 3662 unni
815 3599 992 3684 sequentis,
1018 3597 1120 3664 dilata

23 3696 208 3779 expeditione
228 3695 505 3772 inPnlsestinsm,
521 3715 622 3780 prope
633 3693 954 3780 Constantinopolim
970 3697 1004 3759 in
1022 3717 1120 3782 oppo-

22 3793 65 3854 sito
86 3797 180 3858 maris
204 3793 315 3858 littore
344 3802 563 3858 remanerent.
610 3793 748 3858 Interim
772 3793 913 3858 Alexius
936 3794 1120 3878 Imperator

23 3883 188 3956 Innocentio
213 3891 266 3954 III
299 3890 439 3974 scripsit,
473 3888 764 3976 obedientiumque
791 3893 826 3955 in
850 3891 1034 3956 Ecclesiam
1059 3893 1119 3957 Ro·

23 4005 128 4053 nsnsm
159 3989 322 4076 promisit.
370 3986 524 4051 Pontifex
548 4008 627 4051 vero
658 3987 775 4052 litteris
799 3988 885 4054 detis
919 3989 974 4054 die
999 3991 1035 4053 7⁰
1060 3991 1118 4054 Fe·

23 4141 209 4160 ffi-——

77 4236 94 4300 ¹,
111 4236 194 4291 Gestn
213 4253 243 4293 n.
263 4237 305 4290 90.

60 4351 186 4408 linguon,
205 4355 394 4395 Dtmcmttcncs.
414 4353 479 4395 Tum.
494 4353 522 4394 V.
