2850 4834
311 480 498 549 [repositiones
516 479 736 548 Templariorum.
1035 483 1087 536 125

2 626 84 690 ucles
104 649 160 712 par
182 625 229 690 les
253 635 402 705 torturas,
428 624 467 688 ils
491 626 636 688 seraient
658 627 678 688 a
701 647 765 709 peu
790 626 865 709 pres
889 623 1087 689 semblables

2 724 61 786 stla
80 725 231 790 diversit&
254 746 289 788 se
313 723 495 787 trouverait
518 723 623 808 plutot
655 722 738 788 dans
770 722 817 788 les
850 725 1055 808 negations.“
1065 717 1087 794 ¹)

62 824 106 885 ll.
151 821 228 906 Ipsa
260 841 356 905 porro
389 841 474 906 quae
505 821 694 884 reseruntur
727 821 890 885 tactorum
929 821 1087 906 adjuncta

2 921 98 1003 saepius
118 919 280 1005 ejusmodi
305 928 391 1000 sunt,
416 929 453 982 ut
476 918 588 983 indole
612 941 672 982 sua
689 939 723 982 se
739 918 883 1004 prodant
897 918 1088 982 nullatenus

2 1017 106 1080 ronicta
139 1016 199 1082 sed
234 1039 323 1082 vera.
371 1015 409 1080 Id
446 1018 625 1102 praecipue
658 1016 828 1082 observari
853 1027 968 1102 potest,
1007 1017 1087 1082 dum

2 1128 69 1178 astes
97 1115 264 1202 deponunt
296 1115 337 1180 de
367 1117 469 1179 variis
494 1117 752 1180 circumstantiis
775 1116 975 1200 receptionis
998 1136 1087 1195 suae,

2 1211 78 1298 quoad
105 1214 224 1300 impios
258 1215 340 1278 ritus
371 1212 539 1278 adhibitos
570 1222 602 1277 et
630 1235 726 1278 sensa
756 1235 795 1276 ac
820 1212 910 1276 dicta
942 1214 1087 1297 ipsorum

4 1309 34 1372 rel
52 1309 190 1393 aliorum,
216 1311 362 1396 dumque
387 1320 532 1392 narrant,
557 1311 721 1396 quomodo
746 1319 869 1397 postea,
895 1332 996 1396 quum
1015 1332 1089 1374 con·

5 1405 133 1474 iurentur
155 1420 330 1496 peccatum
356 1432 462 1488 suum,
488 1431 521 1472 se
537 1411 675 1493 gesserit
698 1409 918 1474 confessarius
943 1409 1087 1494 qualem·

7 1508 487 1593 primposueritpoeuitentiam.
514 1505 729 1572 Characteres
742 1509 831 1572 euim
847 1506 1018 1572 homiuum
1034 1529 1088 1572 va·

6 1603 98 1684 iorum,
114 1627 293 1691 eorumque
308 1606 402 1668 varia
418 1627 524 1686 sensa,
540 1607 574 1669 in
589 1604 641 1669 his
658 1606 704 1668 ita
720 1604 762 1670 ad
780 1607 894 1668 vivum
912 1625 947 1667 se
962 1627 1089 1692 reprae·

7 1714 104 1782 erunt,
128 1715 164 1766 ut
180 1706 270 1767 {ictio
288 1701 378 1766 nulla
392 1702 508 1766 adesse
526 1702 688 1767 videatur.
715 1703 824 1767 Unam
839 1701 1021 1768 alteramve
1037 1705 1089 1769 de·

8 1803 158 1867 insitionem
183 1803 364 1881 afferimus,
390 1811 425 1864 ut
450 1801 550 1866 simul
572 1802 671 1865 etiam
698 1800 814 1866 modus
829 1803 951 1866 rituum
974 1803 1088 1888 impio·

9 1919 49 1960 nn
75 1912 234 1966 noscatur.
285 1898 459 1982 „Galterus
490 1899 531 1964 de
557 1900 654 1964 Buris
686 1900 860 1985 presbyter
890 1899 1260 1985 LigonensisG¹ulterunde

8 1995 124 2064 insessis
161 2000 282 2063 aetatis
313 2009 349 2062 ut
378 1998 511 2063 dicebat
545 1999 589 2064 40
619 2020 781 2063 annorum
811 1999 863 2064 vel
894 2002 991 2080 circa,
1031 2002 1088 2087 qui
1144 1969 1218 2008 Bm

9 2089 98 2158 licebat
129 2119 164 2160 se
189 2097 291 2162 fuisse
315 2098 350 2161 in
375 2096 463 2161 dicto
488 2095 615 2162 Ordine
639 2097 903 2182 Templariorum
934 2121 993 2184 per
1016 2109 1089 2163 octo
1144 2102 1146 2107 ’

12 2210 73 2256 anos
100 2207 177 2260 ante
202 2197 389 2281 captionem
414 2217 539 2276 eorum,
565 2247 572 2262 .
598 2248 605 2262 .
632 2245 638 2261 .
664 2195 835 2281 respondit
864 2205 900 2259 ut
931 2199 1089 2282 sequitur.

10 2283 28 2353 tt
51 2295 146 2376 primo
180 2293 225 2358 ad
255 2296 379 2380 primos
418 2303 560 2379 quatuor
597 2293 753 2358 articulos
793 2295 834 2358 de
869 2293 1090 2378 abnegatione

11 2382 66 2468 ixit,
94 2413 126 2454 se
158 2393 288 2456 nescire
317 2390 406 2478 quod
430 2390 626 2456 servabatur
650 2394 684 2456 in
707 2402 774 2456 toto
800 2391 927 2457 Ordine
951 2391 991 2456 de
1016 2415 1090 2457 con·

10 2489 69 2550 sutis
90 2489 122 2554 in
146 2491 230 2575 ipsis
254 2489 412 2571 articulis,
451 2490 508 2554 sed
544 2489 702 2554 credebat
736 2512 834 2576 super
869 2490 931 2554 hoc
967 2493 1091 2554 servari

13 2584 59 2646 rod
86 2601 256 2652 servatum
287 2590 321 2652 in
353 2591 541 2672 receptione
570 2611 629 2652 sua
653 2588 741 2651 facta
765 2590 798 2652 in
824 2586 951 2674 capella
975 2587 1093 2653 domus

12 2675 96 2766 *ampli
121 2685 162 2750 de
186 2686 286 2750 Buris
310 2686 532 2771 Lingonensis
555 2687 716 2751 dioecesis
748 2709 806 2772 per
828 2686 963 2750 fratrem
988 2685 1025 2752 P.
1051 2686 1092 2751 de

11 2777 122 2866 'tirreys
146 2794 396 2869 praeceptorem
425 2795 505 2848 tunc
536 2785 645 2850 dictae
677 2785 825 2851 domus.“
874 2785 986 2849 Factis
1019 2807 1092 2848 con-

11 2881 72 2940 actis
85 2881 337 2965 quaestionibus
353 2893 386 2946 et
402 2885 619 2948 caeremoniis
645 2883 775 2967 „dictus
790 2893 940 2969 receptor
956 2882 1095 2947 tradidit

11 2969 41 3036 tbi
74 2977 276 3044 mantellum.
325 2979 399 3060 Quo
432 2981 553 3046 tradito
583 2983 712 3067 juravit
747 2982 835 3046 idem
870 2983 963 3046 testis
995 3003 1094 3067 super

12 3072 110 3158 rissale,
135 3079 246 3163 posita
269 3099 371 3142 manu
395 3080 428 3142 iu
453 3079 524 3144 loco
550 3078 607 3143 ubi
632 3090 701 3145 erat
725 3102 832 3145 canon
849 3081 978 3159 missae,
1004 3101 1094 3144 man-

13 3175 182 3240 antedicto
208 3185 386 3262 receptore,
421 3176 510 3262 quod
543 3187 629 3242 esset
652 3177 811 3242 obediens
834 3179 1019 3263 praeceptis
1043 3199 1094 3240 su·

13 3271 133 3336 ariorum
158 3293 295 3337 suorum
319 3274 456 3354 ordinis,
481 3275 539 3340 sed
563 3275 647 3340 nihil
670 3275 762 3340 aliud
781 3277 919 3362 juravit,
945 3285 981 3339 ut
997 3276 1093 3340 dixit.

12 3363 53 3428 ’ost
73 3369 197 3436 dictum
215 3381 325 3436 autem
345 3371 572 3458 juramentum
595 3372 682 3438 dixit
698 3374 886 3460 praedictus
901 3385 1094 3460 praeceptor

12 3459 80 3530 idem
102 3473 188 3550 testi,
214 3471 303 3555 quod
327 3471 510 3536 secundum
528 3483 652 3556 puncta
668 3470 805 3537 Ordinis
822 3493 934 3536 eorum
950 3471 1094 3537 debebat

13 3555 136 3648 bnegare
161 3566 343 3633 Christum.
378 3571 430 3633 De
459 3591 523 3655 quo
549 3569 637 3634 idem
661 3572 754 3634 testis
777 3570 841 3634 fuit
865 3569 962 3634 valde
987 3583 1094 3656 stupe-

12 3675 88 3740 tctus,
112 3677 148 3729 ut
162 3665 261 3744 dixit,
285 3666 343 3730 sed
368 3666 547 3732 mandante
571 3667 688 3733 eodem
711 3680 889 3754 receptore,
914 3667 1095 3753 abnegavit

13 3775 37 3820 te
57 3773 190 3845 uatum,
216 3786 282 3828 non
306 3765 405 3830 corde
429 3776 466 3830 ut
489 3765 584 3831 dixit.
623 3765 807 3848 Quofacto,
832 3765 921 3830 idem
945 3778 1096 3852 receptor

12 3853 71 3938 ixit,
93 3862 180 3945 qnod
196 3861 308 3926 adhuc
324 3864 424 3928 etiam
448 3863 631 3928 secundum
656 3874 779 3949 puncta
802 3864 927 3929 ordinis
951 3863 1096 3929 debebat

12 3968 90 4036 puers
116 3981 218 4045 super
250 3981 392 4043 crucem,
431 3975 463 4026 et
495 3961 606 4026 ablata
631 3985 689 4048 per
712 3961 839 4026 dictum
863 3962 1094 4048 presbyterum

12 4045 152 4122 loannem
165 4057 391 4145 Templarium
409 4063 628 4145 praesentem)
646 4060 687 4125 de
700 4059 803 4125 altare
816 4060 961 4146 quadam
974 4082 1096 4146 magna

12 4185 186 4203 “““---

56 4258 73 4326 ¹}
90 4259 183 4316 Procas
202 4259 245 4330 11;
265 4263 489 4319 avertissement.
