2964 4838
538 443 639 508 Paulus
658 453 695 508 11.
1125 449 1179 502 423

65 595 327 676 magnanimitate
350 593 527 660 destitutus
556 605 588 658 et
611 593 774 677 avarus.¹)
820 593 886 659 Sed
910 593 1060 658 Plotinae
1084 615 1178 658 accu-

64 691 197 754 sationes
220 691 344 757 nnllius
368 692 524 778 ponderis
547 715 617 758 esse
641 692 823 773 habendas,
849 690 1012 777 intelliget
1027 692 1180 777 quisque,

63 789 87 850 si
109 789 292 873 attenderit,
318 789 407 854 unde
430 790 555 854 factum
579 793 631 872 sit,
658 802 694 854 ut
717 793 752 854 in
768 789 910 854 Paulum
934 790 1099 854 infensum
1125 787 1179 852 ille

62 895 181 968 gereret
210 889 370 954 animum.
418 887 500 950 Erat
523 887 680 952 videlicet
711 889 781 973 ipse
813 910 854 951 ex
878 885 1179 952 Abbreviatoribus

63 981 128 1060 illis,
153 1006 234 1070 quos
250 984 373 1049 Paulus
396 984 586 1070 abrogavit3
611 1005 781 1070 quumque
797 985 846 1048 ira
863 985 1019 1049 incensus
1034 986 1180 1048 minaces

62 1081 152 1144 etiam
177 1080 302 1146 litteras
326 1082 483 1146 Pontifici
508 1085 660 1164 mitteret,
687 1084 721 1147 in
745 1081 930 1147 custodiam
955 1083 1096 1168 injectus
1120 1091 1178 1172 est,

62 1189 153 1262 atque
184 1177 311 1264 aliquot
334 1181 430 1244 annis
462 1189 536 1265 post
560 1181 594 1245 in
618 1182 728 1267 ipsum
760 1181 860 1244 etiam
893 1182 1105 1267 inquisitum,
1141 1201 1179 1242 eo

58 1275 141 1359 quod
170 1277 310 1342 fundata
334 1276 465 1341 adesset
488 1280 632 1363 suspicio
663 1277 704 1343 de
729 1278 956 1364 conjuratione
980 1280 1015 1342 in
1038 1277 1179 1342 Paulum

60 1372 150 1440 facta.
202 1375 349 1456 ,Mortuo
373 1375 450 1456 Pio,
487 1375 603 1440 scribit
633 1377 704 1462 ipse
728 1375 876 1458 Plotina,
907 1379 948 1442 »in
976 1377 1047 1462 ejus
1070 1375 1179 1439 locum

60 1469 177 1536 Paulus
207 1475 365 1539 suffectus
389 1475 498 1538 statim
524 1473 581 1538 ubi
608 1477 837 1558 magistratum
869 1475 960 1552 iniit,
996 1474 1067 1538 sive
1091 1471 1179 1558 quod

59 1569 100 1632 ita
130 1569 298 1654 pollicitus
322 1581 408 1650 erat,
445 1573 517 1635 sive
540 1571 628 1657 quod
653 1571 706 1635 Pii
737 1571 870 1635 decreta
901 1581 1031 1636 etanta
1054 1571 1179 1650 oderat,

59 1665 313 1734 Abhreviatores
337 1691 451 1734 omnes
475 1689 556 1755 qnos
581 1671 615 1733 in
639 1669 789 1735 ordinem
815 1669 996 1754 redegerat,
1019 1677 1180 1754 tanquam

58 1764 186 1829 inutiles
217 1776 250 1830 et
279 1767 430 1832 indoctos
462 1770 511 1848 (nt
541 1769 611 1852 ipse
642 1766 788 1849 dicebat)
827 1769 1065 1832 exauctoravit.
1112 1765 1180 1830 Eos

54 1863 141 1928 enim
175 1863 271 1928 bonis
303 1873 337 1928 et
368 1864 531 1950 dignitate
565 1867 598 1930 in
632 1865 722 1929 dicta
752 1886 852 1930 causa
887 1863 1060 1950 spoliavit:
1096 1884 1179 1949 quos

54 1962 151 2024 etiam
177 1972 311 2048 propter
335 1961 555 2027 eruditionem
588 1975 620 2026 et
644 1962 829 2029 doctrinam
859 1986 901 2026 ex
924 1973 991 2028 toto
1016 1960 1096 2026 orbe
1119 1969 1179 2024 ter-

56 2081 162 2124 rarum
188 2062 391 2146 conquisitos
422 2063 551 2144 magnis
576 2059 871 2146 pollicitationibus
902 2071 934 2124 et
957 2060 1113 2146 praemiis
1136 2058 1180 2123 ad

53 2149 85 2217 s'e
109 2178 230 2221 vocare
254 2157 423 2223 debuerat.
453 2157 545 2222 ·Erat
567 2158 703 2244 quidem
728 2158 810 2223 illud
827 2158 1003 2243 collegium
1017 2156 1175 2221 refertum

55 2251 146 2318 bonis
186 2265 219 2318 et
257 2255 361 2320 doctis
396 2257 486 2320 viris.
533 2255 670 2320 Inerant
702 2256 810 2320 divini
848 2266 881 2321 et
920 2255 1058 2319 humani
1093 2255 1180 2340 juris

54 2353 253 2433 peritissimi.
300 2355 437 2418 Inerant
460 2363 577 2440 poetae
600 2365 633 2417 et
656 2366 801 2418 oratores
826 2353 985 2439 plerique,
1009 2354 1067 2439 qui
1092 2363 1179 2417 certe

50 2469 115 2512 non
140 2452 252 2514 minus
275 2453 459 2517 ornamenti
484 2452 547 2536 ipsi
572 2453 684 2516 curiae
708 2452 905 2533 afferebant,
931 2472 1031 2537 quam
1055 2448 1098 2513 ab
1124 2471 1176 2513 ea-

53 2545 125 2610 dem
157 2550 366 2634 acciperent3
401 2571 485 2635 quos
515 2569 629 2614 omnes
653 2548 777 2614 Paulus
808 2559 967 2635 tanquam
999 2547 1180 2634 inquilinos

51 2655 84 2706 et
106 2645 257 2710 advenas
281 2649 485 2733 possessione
509 2646 646 2732 pepulit.
771 2646 882 2734 Atque
906 2669 966 2732 ego
991 2657 1098 2729 certe,
1123 2647 1181 2732 qui

54 2739 170 2808 horum
196 2744 236 2808 de
261 2767 397 2809 numero
423 2765 512 2809 eram
538 2747 691 2828 (tentavi)
715 2744 862 2830 rogando
887 2748 997 2824 etiam,
1022 2754 1059 2807 ut
1079 2766 1180 2808 causa

52 2839 123 2924 ipsa
142 2840 318 2926 judicibus
341 2840 496 2928 publicis,
522 2864 603 2928 quos
620 2843 723 2907 Rotae
747 2842 914 2906 auditores
939 2853 1070 2923 vocant,
1095 2862 1179 2904 corn-

52 2939 247 3004 mitteretur.
294 2939 382 3004 Tum
405 2940 460 3005 ille
482 2942 587 3006 torvis
611 2962 663 3004 me
688 2938 792 3005 oculis
821 2942 1003 3028 aspiciens:
1035 2941 1085 3004 Ita
1110 2961 1179 3020 noe,

52 3035 179 3120 inquit,
205 3036 249 3101 ad
268 3037 400 3121 jndices
424 3059 578 3120 revocas,
603 3061 644 3103 ac
667 3040 694 3102 si
718 3040 881 3120 nescires,
913 3039 1026 3101 omnia
1042 3037 1121 3123 jura
1144 3037 1180 3100 in

49 3135 173 3200 scrinio
207 3137 348 3220 pectoris
372 3139 475 3200 nostri
508 3136 668 3201 collocata
699 3159 779 3200 esse.
826 3134 882 3200 Sic
912 3148 977 3199 stat
1006 3136 1178 3214 sententia,

49 3232 172 3318 inquit,
197 3232 269 3296 loco
294 3233 415 3298 cedant
438 3255 562 3317 omnes,
587 3245 664 3300 eant
687 3257 752 3321 quo
776 3233 904 3314 volunt,
928 3232 1012 3300 nihil
1035 3253 1090 3296 eos
1114 3253 1180 3296 mo·

49 3351 118 3403 ror;
146 3331 304 3396 Pontifex
317 3353 402 3412 sum,
426 3331 574 3418 mihique
589 3332 668 3397 licet
691 3354 750 3418 pro
767 3331 903 3396 arbitrio
919 3332 1023 3396 animi
1038 3329 1178 3394 aliorum

48 3439 125 3492 acta
156 3431 345 3495 rescindere
378 3443 410 3496 et
440 3433 635 3518 approbare.
759 3433 831 3517 Ego
857 3453 934 3494 vero
965 3439 1057 3492 tanta
1088 3429 1179 3512 igno·

49 3528 157 3590 minia
181 3531 327 3610 excitus,
361 3529 448 3614 quod
474 3529 555 3593 mihi
581 3553 620 3594 ac
643 3533 742 3595 sociis
766 3532 848 3594 meis
879 3549 989 3592 coram
1013 3547 1081 3590 non
1104 3525 1179 3590 liee-

48 3621 116 3702 bat,
143 3624 179 3689 id
204 3647 301 3708 agere
325 3648 385 3712 per
405 3626 531 3691 litteras
556 3630 695 3693 institui.
735 3627 859 3713 Scripsi
882 3627 985 3710 igitur
1007 3621 1178 3709 epistolam

46 3720 99 3786 his
124 3723 196 3786 fere
221 3722 346 3788 verbis:
380 3725 414 3790 Si
440 3725 502 3790 tibi
530 3725 626 3790 licuit
649 3728 683 3790 in
708 3725 798 3790 dicta
822 3745 923 3790 causa
955 3721 1095 3807 spoliare
1120 3741 1179 3785 nos

46 3823 220 3905 emptione
243 3833 355 3886 nostra
382 3823 474 3907 justa
498 3847 539 3888 nc
568 3823 735 3909 legitima,
771 3823 870 3889 debet
900 3833 933 3885 et
956 3820 1052 3886 nobis
1079 3819 1178 3884 licere

127 4071 148 4138 ³)
169 4069 296 4124 Plotinae
315 4070 501 4124 accusationes
520 4070 691 4138 repetierunt
709 4070 873 4124 recentiores
892 4067 1016 4123 historici
1035 4069 1115 4132 varii,
1134 4069 1178 4120 uti

44 4148 192 4214 Sismondi,
210 4149 328 4214 Hailam,
347 4149 459 4214 Rusone,
479 4151 589 4206 Martio.
610 4149 646 4204 Cf
664 4150 698 4207 H.
717 4150 750 4204 de
769 4150 909 4218 l'Epinois,
928 4148 995 4202 Paul
1009 4149 1035 4201 11
1054 4154 1083 4202 et
1101 4148 1179 4202 Pom·

46 4230 147 4295 ponins
168 4228 284 4296 Laetus;
302 4230 396 4284 Revue
415 4229 462 4284 des
481 4230 625 4297 Questions
644 4229 808 4296 historiques
827 4229 906 4286 1866.
925 4230 947 4283 L
966 4229 1027 4283 278.

1217 592 1323 632 Plotinae

1211 654 1326 694 convicta.
