2902 4848
304 463 358 518 ³34
585 462 713 517 XXXIV.
738 463 777 516 ile
796 461 915 517 Concilio
934 462 1148 518 &nemntisum

305 607 482 670 securitate
506 606 645 688 itineris,
678 615 716 671 ut
748 616 863 672 contra
886 607 1034 692 privatos
1058 605 1168 670 hostes
1192 615 1412 691 protegeretur.
1445 665 1446 698 ¹

305 701 494 768 nullatenus
524 725 602 768 vero
640 725 715 767 eum
745 703 969 787 legitimorum
1000 703 1155 790 judicum
1188 705 1337 790 potestati
1365 703 1411 767 tali
1445 705 1446 770 ἶ

307 801 506 868 documento
524 799 678 866 subduci.
1445 799 1446 882 j

395 899 449 966 52.
498 900 612 980 Quum
642 898 792 964 loannes
815 899 937 963 XXIII
973 901 1093 964 certior
1127 901 1235 964 factus
1270 910 1353 965 esset
1382 899 1415 964 de
1445 883 1446 908 ¹

234 974 267 1004 ’θ’
307 996 421 1062 Hussii
447 997 605 1076 adventu,
639 997 852 1062 interdictum
877 1007 910 1060 et
933 999 1315 1064 excommunicationem
1345 999 1416 1062 miti·

306 1097 399 1180 gavit
422 1097 455 1160 in
481 1117 605 1160 meram
630 1097 880 1180 suspensionem
897 1094 1022 1177 Huasii,
1047 1097 1094 1160 ita
1109 1107 1146 1160 ut
1160 1098 1297 1160 missam
1321 1097 1417 1162 dicere

306 1203 339 1264 et
370 1193 562 1280 praedicare
593 1192 834 1278 prohiberetur,
867 1191 972 1258 libere
1003 1203 1117 1260 tamen
1150 1216 1226 1258 cum
1258 1194 1333 1260 aliis
1356 1215 1417 1258 cou-

307 1294 431 1357 versari
456 1303 575 1377 posset.
622 1289 689 1356 Sed
712 1291 856 1356 Hussius
879 1291 1040 1356 audacter
1069 1292 1159 1358 domi
1189 1293 1311 1358 missae
1334 1295 1417 1356 sacri-

306 1390 419 1454 ficium
452 1390 600 1477 quotidie
633 1389 834 1472 celebrabat,
866 1391 913 1455 uti
945 1393 1046 1456 etiem
1079 1393 1113 1456 in
1147 1393 1266 1458 itinere
1298 1392 1418 1459 fecerat

307 1509 436 1552 necnon
461 1487 694 1553 allocutionem
719 1488 866 1553 habebat
888 1489 932 1554 ad
949 1489 1139 1575 permultos,
1164 1493 1223 1577 qui
1241 1493 1417 1555 curiositate

307 1587 387 1650 moti
418 1586 460 1652 ad
493 1586 628 1650 domum
661 1589 695 1651 in
720 1608 785 1672 qua
818 1586 993 1653 habitabat
1016 1587 1240 1653 confluebant.
1291 1588 1367 1669 Qua
1387 1587 1417 1652 dc

211 1723 213 1726 -
307 1705 342 1748 re
365 1704 467 1769 quum
484 1684 699 1770 abepiscopo
718 1683 976 1765 Constantiensi,
1001 1687 1058 1771 qui
1076 1684 1109 1748 id
1127 1686 1275 1772 prolecto
1293 1684 1417 1750 tolerare

307 1803 374 1846 non
398 1793 536 1867 poterat,
562 1792 763 1866 moneretur,
787 1781 839 1846 his
864 1785 999 1847 monitis
1022 1783 1160 1869 obsequi
1185 1785 1364 1849 recusavit
1385 1821 1416 1830 -

308 1882 373 1945 Die
402 1881 462 1944 28⁰
485 1880 686 1946 Novembris
720 1882 753 1945 in
785 1891 1000 1966 conspectum
1031 1883 1176 1966 primum
1201 1881 1417 1946 cardinalium

307 1979 454 2044 adscitus
469 1990 528 2060 est,
553 1990 589 2043 ut
605 1979 775 2044 doctrinae
799 2001 879 2044 suae
902 1981 1063 2044 rationem
1088 1980 1252 2059 redderet,
1277 1991 1311 2044 et
1333 1979 1419 2043 abiis

308 2081 494 2164 quaesitus,
536 2077 700 2164 quomodo
732 2101 767 2142 sc
799 2076 961 2143 haberent
998 2100 1084 2163 quac
1117 2078 1158 2143 de
1191 2081 1263 2164 ipsc
1296 2079 1419 2164 ejusque

308 2175 468 2241 doctrinis
492 2175 730 2257 referebantur,
755 2176 936 2260 respondit,
963 2199 994 2240 oc
1007 2199 1112 2240 omnes
1128 2177 1274 2240 baar-coca
1287 2177 1336 2238 c'tc
1359 2175 1420 2238 cdiv

307 2274 429 2354 babere,
462 2285 497 2338 ut
520 2274 631 2360 polica
659 2277 742 2338 mori
771 2273 863 2337 uellet
893 2297 988 2360 quam
1008 2275 1043 2337 io
1066 2275 1191 2338 haeresi
1214 2295 1421 2360 perseuerare.

308 2373 447 2458 adeoquo
470 2393 502 2434 oc
526 2393 591 2435 esce
612 2382 764 2457 paralum
786 2381 830 2450 ut,
863 2373 892 2435 ci
915 2371 953 2436 dc
978 2393 1083 2436 cicere
1106 2374 1353 2448 convinceretur,
1382 2393 1420 2432 nr-

307 2472 476 2556 qcieoceret
499 2479 529 2534 et
547 2470 778 2556 poenitentiam
806 2481 921 2556 operat.
969 2469 1035 2535 Sed
1060 2472 1094 2534 in
1119 2469 1222 2534 altera
1255 2489 1421 2551 congrego·

308 2569 398 2632 tione
422 2566 570 2652 ejusdcm
601 2567 678 2644 dici,
712 2569 766 2630 cui
796 2568 896 2631 etiam
923 2567 1077 2631 Pontifex
1110 2567 1229 2648 adluit,
1261 2566 1420 2632 decretur

308 2666 380 2746 fuit,
415 2675 451 2728 ut
474 2665 645 2730 custodiae
669 2666 863 2731 traderetur.
911 2665 1008 2730 Ratio
1028 2665 1176 2750 juridica
1207 2687 1289 2730 sane
1319 2664 1423 2728 aderat

309 2762 525 2844 validissima,
555 2763 645 2848 quod
669 2765 919 2850 suspensionem
943 2763 1116 2828 Pontificis
1140 2763 1266 2828 divinis
1292 2763 1422 2848 peractis

309 2871 547 2944 contemneret,
582 2871 614 2925 et
643 2860 868 2942 allocutiones,
901 2871 937 2925 ut
964 2861 1125 2942 diximus,
1159 2861 1318 2940 haberet3
1358 2877 1424 2922 sunt

312 2961 411 3024 etiam
437 2958 676 3044 quincianum,
701 2981 778 3024 eum
802 2959 947 3042 defuga
971 2961 1143 3043 cogitasse.
1175 2961 1288 3045 Atque
1311 2982 1355 3024 ex
1380 2955 1424 3020 illo

310 3069 457 3143 tempore
481 3059 516 3122 in
540 3057 691 3122 custodia
708 3059 810 3122 variis
832 3057 914 3122 locis
929 3067 1075 3122 retentus
1090 3069 1148 3138 est,
1174 3078 1308 3142 semper
1322 3069 1423 3120 tamen

309 3155 448 3220 honesto
473 3165 506 3218 et
529 3157 740 3220 convenienti
767 3156 875 3234 modo,
909 3156 955 3219 ita
980 3165 1016 3220 ut
1039 3177 1125 3242 quae
1149 3154 1191 3220 de
1214 3156 1379 3239 angustiis
1399 3169 1424 3210 ct

310 3251 519 3340 squaloribus
544 3275 714 3318 carcerum
738 3255 935 3335 referuntur,
962 3253 1123 3318 confictae
1138 3254 1205 3318 sint
1228 3251 1425 3318 adversane

309 3375 382 3417 rum
408 3351 605 3416 calumniae.

398 3449 453 3514 53.
486 3449 582 3529 Quae
606 3449 682 3514 dein
707 3451 741 3513 in
766 3471 866 3514 causa
884 3448 996 3513 Hussii
1021 3471 1042 3512 a
1059 3447 1208 3512 Concilio
1232 3447 1325 3510 facta
1349 3460 1424 3510 sunt

309 3549 427 3634 paucis
449 3547 570 3612 referre
595 3547 746 3612 sufficiet.
795 3547 870 3610 Duo
895 3545 1038 3629 theologi
1062 3546 1255 3630 Pregenses,
1287 3543 1424 3609 Josnne

311 3646 353 3710 de
368 3645 486 3710 Palecz
510 3655 543 3709 et
561 3644 705 3710 Michaiil
729 3644 770 3708 de
784 3641 944 3726 Causis,¹)
967 3642 1125 3708 articulos
1140 3640 1252 3728 plures
1267 3662 1288 3704 e
1303 3641 1424 3724 scriptis

310 3743 424 3808 Hussii
449 3754 623 3828 excerptos
648 3741 797 3806 Concilio
821 3740 1023 3820 obtulerunt,
1057 3761 1199 3825 eumque
1222 3751 1424 3802 accusarunt

310 3840 399 3929 quod
431 3841 605 3905 damnatos
638 3838 776 3904 Wicleli
806 3838 963 3904 articulos
999 3838 1202 3903 defendisset
1236 3845 1270 3897 et
1305 3834 1423 3920 plebem

385 4090 407 4159 ¹)
427 4089 604 4144 Hicliicheel
623 4087 713 4142 luerat
727 4086 857 4154 parochus
867 4085 975 4155 Pragae
993 4085 1027 4138 ad
1040 4081 1258 4142 sddalbertum,
1278 4083 1328 4136 sed
1348 4083 1425 4145 aliem

308 4174 366 4242 jam
390 4177 511 4238 tempore
533 4169 635 4224 Romae
660 4173 720 4222 erat
743 4173 902 4234 procurator
920 4165 953 4220 de
972 4165 1059 4220 causis
1083 4163 1154 4226 fidei,
1181 4161 1254 4216 nude
1278 4171 1371 4216 ortum
1394 4169 1424 4212 en

312 4252 369 4320 ejus
388 4264 492 4305 nomen.
