2836 4848
246 434 335 489 Luctn
352 430 483 486 Friderici
500 429 529 483 11
547 445 608 484 cum
625 431 684 488 Ru.
703 432 889 490 Pontificibus.
1073 435 1127 490 406

33 597 54 644 et
71 589 230 658 statuerat,
254 587 292 642 ut
306 574 487 640 Christiani
511 597 550 638 ac
575 574 731 641 Saraceni
756 575 855 640 simul
872 585 1042 642 uterentur
1064 577 1127 642 hoc

31 679 138 765 templo,
162 676 252 764 quod
274 684 373 740 antea
397 670 536 738 ecclesia
560 673 759 738 cathedralis
773 675 986 740 Patriarchae
1009 675 1126 743 fuerat.

32 779 107 841 rinna
127 777 319 840 christianae
342 773 487 849 miiitiae,
512 771 628 837 scribit
650 787 820 858 praeterea
835 773 1000 857 Pontifex,
1023 775 1129 860 pladii

26 885 188 960 potetatem
216 873 254 936 de
280 870 439 936 altariB.
464 870 554 934 Petri
583 873 713 956 tempti,
753 871 798 935 ad
828 871 1003 936 vindictam
1033 871 1126 936 moie-

28 973 160 1043 buteram
183 971 369 1054 iaummque
394 967 553 1047 bonorum,
578 967 640 1032 sibi
663 993 684 1034 a
704 967 829 1034 Cbrieto
850 992 911 1055 per
933 992 1021 1034 enum
1044 970 1127 1034 oica·

27 1075 88 1134 n'urn
108 1070 275 1154 aeaipnati,
299 1091 358 1153 qno
377 1087 490 1152 pacem
505 1061 632 1144 Christi,
640 1067 747 1181 fidem
762 1067 921 1132 Eccleeioe
945 1068 1129 1154 defenderet

25 1171 192 1245 reperiret,
216 1165 352 1230 soldano
367 1161 575 1248 Babyloniae,
598 1165 725 1228 inimico
739 1165 824 1245 fidei,
849 1166 1033 1230 aduersario
1047 1166 1128 1230 Jeeu

25 1264 131 1344 1111111,
154 1265 274 1329 cultori
293 1261 416 1348 perditi
439 1261 613 1326 Mabometi
643 1262 912 1347 impudentissime
941 1265 1125 1350 reeiynaoit,

22 1363 193 1426 denuntians
207 1362 248 1435 ei,
272 1372 308 1424 ut
322 1359 360 1424 de
376 1361 446 1446 ipso
453 1359 592 1443 faceret,
615 1361 770 1446 quidquid
783 1359 886 1440 vellet,
903 1372 932 1424 et
948 1362 1126 1447 afficiemus,

23 1485 44 1522 n
63 1461 138 1524 nolle
161 1483 256 1524 arma
279 1479 398 1522 eumne
421 1455 461 1519 de
484 1467 606 1522 caetero
630 1469 741 1522 contro
762 1460 876 1544 ipsum,
903 1483 992 1546 quem
1014 1471 1049 1523 ut
1071 1461 1125 1522 im·

19 1570 206 1642 prpratorem
228 1557 312 1640 fidei
331 1553 475 1638 fideliter
503 1556 713 1640 impnpnaret,
753 1569 918 1643 acceperat
948 1557 1151 1645 imperialia

21 1656 144 1720 reinduit
167 1655 366 1742 diynitatem.
397 1691 440 1700 —
473 1653 674 1746 Antiochiam
697 1665 727 1718 et
750 1655 978 1720 Antiochenam
995 1657 1125 1741 procin-

20 1755 91 1832 eian,
116 1752 356 1840 Tripolitanum
379 1753 473 1814 etiam
497 1773 565 1814 cum
588 1747 816 1840 adjacentibus,
842 1805 849 1819 .
875 1803 882 1817 .
909 1803 916 1818 .
942 1753 1125 1839 occupanda

16 1856 135 1936 payanie
158 1852 320 1938 exposuit,
353 1850 480 1935 quando
504 1849 577 1934 ipra
601 1874 622 1912 a
645 1850 922 1936 confoederatione
946 1863 1126 1938 treuyarum

19 1953 128 2036 etrapit.
164 1949 235 2014 Imo
259 1950 288 2012 ei
311 1971 350 2012 ea
373 1947 485 2011 invadi
508 1949 700 2033 continperet
723 1973 743 2012 a
764 1951 913 2034 perpatuit,
937 1972 1001 2014 non
1024 1946 1126 2012 colum

19 2069 41 2106 re
59 2069 139 2112 omne
163 2045 343 2110 subridium
365 2045 590 2128 deneyatnrum
606 2047 750 2125 accensit,
775 2047 831 2110 aed
845 2049 1007 2111 tenioerroe
1014 2046 1125 2132 feren·

18 2153 51 2205 tm
74 2145 233 2210 auritium
270 2143 425 2230 impedire
457 2153 486 2205 et
516 2142 655 2206 cohibere
692 2143 923 2228 nefandieeimo
946 2147 1126 2234 juramenti

18 2244 119 2306 riaruio
143 2269 176 2308 ee
202 2243 390 2306 adetrinuit.
415 2279 459 2288 -
487 2237 605 2304 Contra
629 2251 726 2305 totum
743 2240 899 2328 populum
921 2243 1127 2307 ebriationem

17 2353 134 2425 apparet
164 2341 283 2426 ipsius⁵
300 2349 330 2401 et
354 2361 556 2424 payanornm
588 2338 824 2424 confoederatio
854 2340 1037 2427 martifheto,
1070 2341 1125 2404 ubi

16 2438 49 2498 ita
69 2462 97 2502 te
120 2437 352 2502 damnabiliter
380 2433 540 2522 obiipavit,
575 2436 711 2522 quadri
733 2460 837 2500 omnen
854 2438 1019 2523 praedicti
1041 2440 1125 2502 inter

17 2553 38 2594 u
57 2537 140 2600 initio
155 2535 362 2623 factionibus
384 2534 500 2598 velient
523 2535 753 2620 quomodolibet
776 2535 913 2614 obviare,
937 2541 1121 2625 juramento

17 2641 115 2697 tenena
137 2636 209 2698 euie
233 2635 379 2718 expantia
402 2644 432 2696 et
455 2634 595 2696 enercitu
624 2655 680 2696 suo
699 2656 762 2718 pro
786 2635 852 2698 ruia
875 2633 996 2697 ciritae
1019 2632 1120 2698 debei-

16 2723 75 2794 iare.
118 2733 174 2796 Ex
198 2754 258 2816 quo
287 2740 424 2808 constat,
455 2730 539 2815 quod
562 2733 591 2794 ai
614 2731 805 2795 cbristianue
835 2734 991 2796 exercitae
1013 2730 1125 2796 ulcisci

14 2831 52 2889 rai
69 2829 158 2894 uellet
182 2831 338 2918 injuriam
362 2829 593 2914 liedemptoric,
619 2839 648 2892 et
672 2853 693 2893 a
717 2827 830 2915 templo
851 2829 916 2892 Dei
939 2839 968 2892 et
991 2853 1011 2892 a
1038 2839 1124 2892 terra

9 2937 104 2990 tanda
134 2927 304 2992 eliminare
337 2928 509 3012 spurcitiae
534 2950 745 3014 papanorum,
773 2939 923 3014 patenter
947 2938 1068 2991 tenetur
1091 2949 1123 2990 ee

13 3046 149 3106 opponere
170 3023 373 3092 Christiania.
401 3017 679 3089 —Manifestum
705 3035 762 3107 est,
786 3025 981 3090 Pontificem
1007 3026 1122 3089 merito

12 3119 74 3184 talia
95 3135 196 3208 pacta
221 3121 386 3206 rejecisse.
433 3122 484 3186 Ea
520 3125 635 3187 inania
667 3123 784 3204 fuisse,
821 3123 916 3188 brevi
947 3124 1121 3209 apparuit3

12 3237 73 3281 nam
90 3221 161 3306 jam
186 3241 276 3284 anno
296 3221 382 3285 1230
406 3219 648 3305 Hierosolyma,
673 3222 769 3306 cujus
794 3223 924 3286 moenia
948 3243 991 3284 ex
1015 3223 1122 3306 pactis

12 3335 62 3380 uon
90 3329 186 3383 erant
216 3317 447 3394 restauranda,
482 3341 501 3382 a
534 3340 634 3382 saeva
667 3317 906 3382 Saracenorum
939 3319 1037 3383 turbe
1068 3341 1122 3383 ex-

11 3429 137 3497 pugnata
161 3427 197 3481 et
222 3415 333 3480 multis
357 3417 462 3479 caesis
486 3415 659 3480 devastata
682 3427 741 3481 est.

86 3516 133 3580 19.
158 3512 250 3578 lllad
274 3535 370 3598 porro
395 3512 505 3599 quoad
529 3515 782 3578 conventionem
801 3514 1009 3579 Fridericum
1035 3517 1177 3580 mter
1145 3527 1208 3567 ⁰
1210 3529 1272 3568 enon

12 3620 36 3667 et
60 3611 225 3676 sultanum
249 3611 395 3696 Aegypti
427 3613 573 3677 maxime
597 3611 836 3676 attendendum
869 3625 926 3692 est,
958 3613 1057 3677 urbes
1088 3591 1171 3678 et
1174 3591 1248 3631 ”¹²¹⁸

13 3708 124 3772 mulla
147 3730 237 3796 quae
260 3708 410 3773 sultanus
434 3711 532 3774 cessit
555 3709 736 3792 Friderico‚
765 3712 898 3795 proprie
922 3713 1120 3797 pertinuisse

12 3803 43 3865 ad
69 3807 228 3872 ditionem
266 3807 386 3871 snitani
417 3809 510 3891 regni
543 3808 711 3872 Damasei.
766 3809 904 3875 Vicissit
906 3809 1006 3874 udine
1036 3808 1114 3874 belli

13 3899 79 3966 inter
100 3913 279 3992 utrumque
310 3904 476 3969 sultanum
509 3908 630 3988 exorti,
661 3928 699 3971 eo
724 3917 871 3992 tempore
901 3908 1078 3994 quidem
1070 3931 1117 3972 rn-

12 3999 179 4065 citerant'
169 4024 207 4066 m
240 4024 358 4066 manus
382 4001 513 4066 Kameli
547 4003 668 4067 sultani
695 4003 851 4090 Aegypti,
884 4006 942 4070 sed
976 4005 1117 4073 dubium

13 4117 61 4160 non
90 4112 174 4182 erat,
208 4111 393 4187 opportuna
424 4103 597 4166 occasione
629 4102 724 4182 datu,
757 4102 925 4168 sultanum
957 4103 1116 4169 Damasci

11 4204 190 4263 tentaturum
217 4221 295 4281 esse,
321 4209 358 4262 nt
380 4221 420 4262 ea
442 4211 662 4285 recuperaret.
700 4201 834 4266 Poterat
848 4204 949 4286 igitur
970 4203 1118 4287 Aegypti
