2844 4840
136 1669 247 1708 Defensio

130 1732 252 1771 Bonifatii.

281 433 318 486 44
425 407 429 420 ’
558 431 643 488 xxx.
664 431 704 486 oe
723 430 889 486 Pontificum
908 431 1042 487 Bonifatii
1060 431 1138 486 vm.

283 585 467 658 congerunt
492 577 526 638 in
550 575 754 640 Bonifatium
788 575 949 661 querelas.
1005 575 1202 642 cardinales
1233 577 1394 662 Anagniae

283 674 473 757 congregati
498 671 540 736 ed
565 671 702 756 nobiles,
728 671 830 736 duces
854 686 886 737 et
910 671 1051 738 barones
1075 671 1207 740 Galliae
1234 674 1393 760 epistolam

283 770 511 849 reddiderunt,
536 772 570 834 in
595 793 661 858 qua
685 792 798 834 eorum
824 770 864 834 de
881 771 1042 836 Pontifice
1067 772 1220 857 querelas
1238 772 1325 838 facili
1349 795 1395 837 ne-

282 870 371 952 gotio
406 868 574 933 diluerunt
603 879 636 932 et
667 869 754 933 inter
781 865 847 932 alia
872 867 1046 932 dixerunt:
1084 869 1234 934 Volumus
1265 893 1317 933 vos
1342 895 1397 956 pro

283 977 366 1030 certo
392 978 504 1046 tenere,
529 967 612 1052 quod
630 966 818 1052 praedictus
835 965 982 1030 dominns
1003 989 1141 1031 sommus
1157 967 1308 1054 Pontifex
1329 992 1398 1030 nou-

283 1087 376 1150 quam
399 1065 527 1150 suipeit
541 1066 609 1148 repi
620 1064 796 1150 proedicto,
821 1063 906 1149 qood
929 1064 967 1128 de
990 1087 1085 1151 repon
1109 1067 1250 1130 mosidi
1271 1067 1399 1130 subesset

284 1163 511 1248 temporaliter,
535 1161 678 1247 illudque
702 1161 743 1224 ab
768 1183 802 1224 eo
827 1172 929 1225 tenere
953 1161 1118 1244 deberet.¹)
1158 1163 1213 1228 Ad
1237 1165 1399 1248 episcopos

285 1283 363 1325 vero
389 1261 520 1326 Galliae
543 1259 731 1324 Bonifatius
754 1259 927 1345 respondit
950 1262 1020 1344 ipse
1037 1260 1175 1347 epistola
1207 1261 1307 1325 Verbo
1332 1261 1399 1325 deli·

284 1361 388 1423 raotis
402 1359 507 1442 filiae,
532 1381 597 1445 qua
620 1380 679 1443 pro
704 1357 813 1422 officio
838 1379 897 1422 suo
921 1360 1031 1442 arguit
1054 1381 1168 1424 eorum
1191 1358 1401 1445 pusillanimi-

285 1469 385 1522 tatem
420 1469 452 1522 et
480 1457 599 1522 servile
630 1459 664 1520 in
697 1479 806 1542 regem
840 1456 1048 1544 obsequium.
1102 1457 1399 1522 indictum’autcn

285 1558 463 1622 concilium
489 1557 623 1620 omnino
648 1554 883 1618 celebrandum
909 1577 980 1620 esse
1004 1554 1174 1641 censuit.²)

373 1655 426 1720 46.
452 1651 521 1718 Sub
546 1653 645 1717 linem
672 1652 748 1718 dein
775 1656 897 1717 mensis
912 1655 1055 1737 Augusti
1080 1655 1237 1718 Pontifex
1254 1656 1403 1719 consisto

285 1757 369 1820 rium
395 1753 522 1832 babuit,
548 1753 602 1815 cui
628 1751 849 1816 interfuerunt
878 1754 1114 1838 tresepiscopi
1140 1752 1239 1834 Galli,
1272 1755 1331 1839 qui
1356 1752 1403 1816 ab·

284 1852 398 1918 solutis
421 1850 620 1936 supradictis
637 1850 790 1930 comitiis,
815 1873 834 1914 a
852 1848 938 1914 clero
954 1849 1128 1915 Gallicano
1144 1851 1186 1914 od
1202 1851 1403 1914 Bonifatium

283 1953 415 2016 fuerant
446 1948 556 2034 legati.
611 1948 651 2012 In
684 1946 747 2012 hoo
780 1949 973 2012 consistorio
999 1945 1186 2012 Cardinelis
1216 1949 1405 2012 Portnensis

284 2050 418 2114 nomine
443 2047 591 2112 omnium
608 2043 836 2112 cardinalium
852 2045 1048 2110 Pontificem
1073 2046 1115 2110 ab
1139 2047 1407 2111 accusationibus

284 2157 400 2213 contra
423 2167 498 2209 eum
527 2142 663 2230 prolatis
693 2144 874 2207 immunem
909 2145 1060 2209 asseruit.
1108 2144 1196 2209 Dein
1219 2141 1418 2209 Bonifatius

283 2246 409 2310 litteras
433 2266 509 2309 sites
533 2241 576 2306 ad
601 2241 792 2326 Philippum
822 2263 933 2326 regem
963 2253 1032 2306 tum
1057 2265 1077 2306 a
1100 2241 1192 2307 falsis
1216 2245 1407 2328 interpreta-

283 2342 442 2422 tionibus,
466 2351 537 2406 tum
561 2339 721 2404 alitteris
745 2361 830 2425 quae
851 2339 914 2404 sub
939 2341 1011 2424 ejus
1026 2343 1160 2405 nomine
1177 2341 1315 2406 fuerent
1340 2361 1419 2428 con·¹

285 2444 392 2519 fictae,
417 2439 613 2518 vindicavit,
638 2447 738 2523 atque
754 2439 951 2522 gravamina
972 2460 1058 2524 qnae
1075 2441 1319 2524 contraipsum
1347 2437 1409 2500 vul-

284 2541 450 2626 gabantur
473 2536 580 2618 diluit,
604 2538 690 2601 inter
710 2534 775 2601 alia
798 2535 987 2600 declarans:
1012 2535 1188 2601 Simtenim
1209 2537 1298 2601 done
1315 2539 1409 2628 jurii·

283 2641 447 2716 dictiones,
463 2635 644 2722 spititualis
660 2646 690 2700 et
706 2635 900 2720 temporalis.
934 2635 1196 2699 Jurisdietiooem
1208 2634 1409 2722 spiritualem

276 2735 507 2826 principaliter
521 2733 612 2798 hobel
625 2756 762 2798 summus
778 2731 940 2818 Pontifex.
964 2731 1228 2797 Juriedietionem
1252 2742 1409 2819 temporo·

285 2835 345 2900 lem
367 2832 459 2898 babet
482 2833 660 2918 Imperator
687 2841 717 2894 et
740 2829 801 2894 olii
823 2852 921 2916 repes.
980 2831 1010 2894 T
1006 2853 1099 2894 amen
1121 2830 1160 2894 de
1184 2832 1273 2894 omni
1298 2841 1409 2916 tempo-

284 2933 351 2998 rali
373 2932 464 2998 liobet
496 2953 677 3018 coquoscere
709 2951 844 2993 sommus
867 2929 1019 3016 Pontifex
1050 2938 1080 2992 ei
1103 2927 1252 3018 judicare
1289 2929 1411 2990 ratione

281 3035 407 3119 peccati
430 3081 437 3095 .
464 3081 471 3096 .
498 3083 504 3096 .
531 3081 537 3095 .
567 3027 789 3112 Quadraginta
820 3028 900 3091 anni
922 3038 1008 3100 suut,
1040 3026 1125 3112 quod
1146 3049 1204 3090 nos
1227 3049 1342 3090 nimus
1365 3047 1410 3087 cs—

279 3133 370 3218 perti
392 3133 426 3194 iu
442 3133 517 3219 joi-e
542 3138 571 3190 et
593 3127 716 3206 scimtu,
741 3125 824 3211 quod
847 3127 929 3190 duae
953 3136 1026 3190 snm
1043 3135 1217 3212 potestates
1239 3124 1410 3187 ordinatio

287 3254 307 3292 a
330 3230 413 3306 De03
438 3227 507 3314 quis
531 3247 603 3311 erpo
627 3224 717 3288 debet
731 3223 856 3288 credere
881 3223 928 3288 oel
945 3233 1063 3310 potest,
1088 3223 1172 3308 quod
1194 3231 1292 3286 tanta
1309 3222 1411 3308 futui

287 3338 347 3405 tas,
373 3335 464 3390 totila
486 3323 674 3410 insipientia
697 3321 811 3386 situel
832 3321 941 3407 suevit
964 3322 1126 3408 incapite
1149 3321 1282 3384 noetio?
1331 3319 1411 3384 Dici·

286 3447 364 3502 mus,
394 3421 478 3508 qood
508 3423 543 3485 io
574 3418 662 3484 nollo
685 3419 827 3483 volumus
850 3441 1008 3506 usurpare
1031 3418 1295 3507 jurisdictionem
1326 3419 1412 3502 repis.

287 3523 352 3589 Sed
374 3545 437 3586 ooo
455 3531 561 3607 potest
574 3520 723 3604 ignorat-e
746 3539 804 3580 reio
828 3539 882 3582 seu
896 3519 1077 3603 quicumque
1093 3513 1176 3580 alter
1189 3513 1318 3598 fidelis,
1344 3517 1411 3601 quin

287 3624 330 3688 sit
352 3619 444 3684 nobis
467 3618 623 3707 subjectos
644 3617 771 3680 ratione
789 3616 925 3702 peccati.
960 3616 1025 3680 Pro
1041 3636 1131 3679 moro
1154 3635 1213 3678 suo
1238 3613 1324 3678 dein
1349 3635 1411 3676 ver·

287 3720 340 3785 bis
362 3719 487 3784 severis
512 3717 625 3782 mixtis
655 3725 755 3800 atque
785 3713 938 3797 benignis
961 3715 1111 3778 animuin
1143 3733 1240 3776 suum
1278 3713 1315 3776 in
1341 3708 1411 3776 Gal·

286 3816 365 3882 liam
398 3837 529 3900 semper
562 3812 760 3879 benevolum
792 3822 1043 3892 commemorat,
1074 3811 1230 3897 rogisque
1262 3812 1411 3896 iniquam

287 3913 408 3999 agendi
433 3915 595 3976 rationem
620 3908 853 3996 pei·stringit.³)

363 4073 385 4141 ¹)
402 4071 435 4126 V.
455 4072 562 4139 Dupny.
582 4070 704 4125 Histoire
723 4068 759 4123 du
778 4067 909 4124 differend
929 4075 981 4124 etc.
1001 4069 1082 4122 Actes
1100 4074 1129 4121 et
1148 4079 1274 4134 pisones,
1295 4083 1323 4135 p.
1338 4067 1380 4122 63.

361 4154 382 4220 ²)
401 4151 534 4220 Raynald.
554 4151 589 4205 ad
608 4165 632 4204 a.
655 4151 724 4204 1³oe
743 4165 770 4206 n.
792 4151 840 4218 12;
861 4149 960 4216 anny
980 4147 996 4202 l.
1016 4163 1038 4203 c.
1057 4163 1081 4216 p.
1101 4147 1146 4203 65.

356 4233 379 4305 ³)
399 4233 432 4290 V.
452 4233 550 4300 anuy
569 4231 585 4286 L
605 4246 625 4284 c
645 4245 670 4298 p.
691 4231 733 4284 77.
