2868 4844
337 458 378 511 lle
397 458 552 513 schismatis
572 458 744 512 incremento.
1067 460 1133 512 26⁷⁴

19 602 90 687 quod
112 601 239 666 dictum
257 601 398 665 electum
417 623 483 666 non
497 602 721 667 interficerent
733 611 792 667 aut
803 602 944 666 interfici
957 603 1118 682 facerent;

18 711 132 786 pmpter
154 699 243 786 quod
267 696 437 764 finxerunt
461 699 540 762 dicti
562 699 767 781 CardinaleS,
793 699 965 764 dominum
989 723 1014 765 s.
1031 700 1119 764 Petri

17 799 72 862 t'ore
104 798 242 882 Papam.
290 797 505 880 Interrogata,
546 819 631 883 quae
669 797 732 860 fuit
769 819 845 881 ergo
886 819 986 860 causa
1025 799 1120 860 istius

16 896 194 978 schismatis,
232 895 404 980 respondit
438 905 471 958 et
506 895 602 975 dixit,
642 896 730 980 quod
762 894 876 972 credit,
915 893 1003 980 quod
1031 896 1121 979 rigor

11 997 142 1080 justitiae
156 994 291 1058 Domini
308 996 421 1075 nostri,
446 996 503 1078 qui
527 995 574 1058 eis
598 1015 663 1058 non
688 1004 758 1058 erat
781 993 924 1058 blandus
948 994 981 1058 in
1006 1013 1119 1056 eorum

14 1091 215 1178 petitionibus
248 1103 280 1154 et
315 1093 478 1176 corrigere
511 1113 566 1156 eos
598 1092 745 1178 optabat.
800 1092 845 1156 Et
875 1113 952 1156 vere
984 1100 1122 1154 testatur

14 1191 147 1274 praelata
172 1189 293 1254 nobilis
317 1189 453 1254 domina
477 1193 577 1266 testis,
602 1189 691 1275 quod
715 1191 841 1254 domini
859 1187 1054 1254 Cardinales
1079 1188 1120 1252 de

12 1291 128 1370 virtute,
161 1289 351 1371 sagacitate,
384 1287 561 1372 prudentia
584 1299 617 1350 et
640 1287 809 1352 honestate
840 1286 979 1350 multum
1012 1285 1119 1350 eidem

12 1387 72 1448 testi
103 1384 284 1471 loquentes,
318 1406 494 1470 personam
525 1387 725 1450 sanctissimi
757 1385 882 1449 domini
916 1383 1046 1448 Urbani
1071 1383 1120 1446 VI

11 1481 279 1546 commendabant
302 1493 335 1546 et
358 1483 619 1569 approbabant.“
638 1521 681 1530 -
698 1482 840 1549 Causam
867 1482 996 1547 Urbani
1021 1503 1121 1567 opera

11 1583 171 1666 utriusque
194 1591 329 1644 sanctae
347 1582 486 1664 virginis
502 1580 601 1646 valde
615 1581 764 1665 adjutam
780 1593 813 1644 et
829 1581 992 1644 firmatam
1007 1581 1119 1656 fuisse,

10 1679 92 1742 facile
117 1678 332 1763 intelligitur3
364 1701 403 1741 ac
427 1700 524 1742 nemo
549 1701 614 1743 non
639 1679 742 1755 videt,
770 1701 890 1742 revera
912 1679 964 1742 his
988 1677 1120 1744 validis-

10 1779 78 1839 simo
105 1779 227 1840 iterum
252 1787 446 1860 argumento
472 1776 615 1861 probari,
649 1777 833 1860 legitimum
864 1777 964 1840 fuisse
990 1775 1120 1840 Urbani

9 1875 240 1958 pontificatum.
283 1874 381 1954 Quod
405 1876 494 1939 enim
519 1876 636 1938 attinet
660 1875 702 1939 ad
727 1898 751 1940 s.
768 1873 982 1938 Catharinam
1001 1875 1121 1940 Senen-
1140 1871 1287 1973 fflgfoffl·

8 1993 75 2044 sem,
99 1975 177 2058 ipsa
200 1973 359 2058 singulari
385 1983 418 2036 et
442 1974 526 2036 mira
549 1975 733 2052 sanctitate,
760 1972 871 2037 multis
891 1972 987 2038 donis
1011 1994 1121 2058 super·
1275 1961 1281 1972 ’

8 2069 208 2134 naturalibus
246 2081 363 2135 ornata
401 2069 549 2150 florebat,
589 2072 727 2134 scientia
761 2093 903 2156 superna
932 2080 1121 2134 sanctorum

8 2169 161 2232 divinitus
186 2179 257 2234 erat
281 2168 453 2249 illustrata,
479 2177 513 2232 et
535 2169 715 2255 conspicua
729 2179 863 2254 propter
878 2167 960 2232 haec
979 2168 1050 2252 jam
1066 2166 1122 2232 illo

6 2283 142 2350 tempore
171 2268 203 2329 in
229 2276 297 2332 tota
320 2267 388 2331 fere
413 2267 574 2348 Ecclesia,
599 2289 619 2330 a
643 2289 709 2352 qua
732 2275 846 2352 postea
869 2267 941 2351 ejus
965 2266 1122 2331 sanctitas

5 2363 188 2428 solemniter
211 2366 325 2449 agnita
355 2366 426 2431 fuit.
476 2364 639 2444 Quamvis
670 2365 770 2449 igitar
801 2385 866 2428 non
892 2375 977 2428 esset
1004 2362 1123 2428 studiis

5 2463 191 2526 scientificis
215 2462 401 2546 theologiae
432 2475 464 2526 et
488 2464 575 2547 juris
599 2464 751 2527 canonici
776 2462 913 2542 imbuta,
944 2472 1056 2524 tamen
1081 2459 1123 2524 de

5 2559 50 2623 illo
73 2560 257 2624 schismate
281 2563 403 2645 optime
422 2559 589 2646 judicium
614 2560 835 2646 ferrapotuit;
860 2569 902 2639 et,
926 2560 974 2622 uti
991 2557 1123 2622 Sanctis

4 2661 165 2736 convenit,
191 2679 325 2722 oausam
349 2657 489 2741 legitimi
514 2657 685 2723 Pontificis
709 2657 864 2722 omnibus
889 2654 1016 2720 viribus
1039 2659 1123 2720 tuita

4 2769 51 2824 est.
74 2757 292 2820 adversarios
315 2766 427 2820 autem
451 2759 630 2820 accerrime
655 2755 875 2837 debellavit¹l
922 2753 1045 2820 Sancta
1062 2754 1122 2818 Ca·

4 2855 127 2920 tharina
151 2853 296 2918 Suecica
320 2875 397 2919 vero
422 2856 514 2918 testis
547 2855 611 2918 fuit
635 2853 765 2918 oculata
796 2875 921 2936 eorum,
953 2874 1037 2938 quae
1061 2853 1123 2916 Ro·

4 2975 65 3017 mae
91 2957 126 3017 in
154 2951 318 3016 electione
343 2952 471 3018 Urbani
496 2953 545 3016 VI
569 2953 657 3016 facta
680 2961 772 3026 sunt;
797 2972 966 3037 quumque
990 2961 1124 3036 propter

4 3052 206 3116 nobilitatem
238 3053 369 3133 generis
402 3052 463 3130 sui,
502 3052 669 3135 pietatem,
706 3061 738 3115 et
773 3051 887 3114 matris
918 3050 1122 3128 memoriam,

4 3145 237 3214 Cardinalibus
262 3159 295 3212 et
316 3146 473 3232 praelatis
497 3159 584 3212 esset
608 3147 790 3228 familiaris,
815 3169 894 3232 prae
909 3145 983 3210 aliis
999 3147 1123 3230 optime

4 3251 75 3312 scire
107 3248 231 3333 potuit,
270 3245 350 3331 quid
391 3245 586 3310 Cardinales
618 3247 680 3330 ipsi
720 3245 761 3309 dc
792 3244 923 3309 Urbani
963 3243 1123 3310 electione

4 3345 196 3422 judicarent.

81 3453 136 3516 27.
182 3451 320 3514 Carolus
346 3449 390 3513 lV
417 3449 600 3534 Imperator
624 3450 761 3536 ejusque
785 3449 874 3514 tilius
897 3459 930 3514 et
953 3471 1123 3514 successor

4 3545 225 3631 Wenceslaus,
259 3570 299 3612 aa
322 3547 517 3612 Ludovious
543 3547 735 3632 Hungsriae
767 3569 836 3626 rex,
870 3557 941 3610 tum
972 3548 1033 3632 ipsi
1060 3547 1123 3610 Ur-

4 3645 78 3712 bano
104 3646 254 3712 fideliter
276 3645 508 3726 adhaeserunt,
541 3658 611 3709 tum
635 3645 717 3710 alios
739 3647 919 3732 principes,
952 3666 994 3708 ne
1017 3644 1059 3708 ab
1085 3667 1123 3708 eo

4 3743 188 3824 deficerent,
215 3745 423 3824 excitarunt3
448 3743 506 3808 sed
531 3745 563 3806 in
589 3741 700 3808 Gallia
725 3764 802 3806 mox
826 3742 971 3806 schisma
994 3742 1123 3806 radices

66 4005 88 4072 ¹)
113 4003 162 4057 Sic
186 4001 271 4056 etiam
295 4007 416 4067 tempore
434 3999 599 4054 Janscnismi
631 4015 707 4053 nemo
737 4000 807 4052 sorte
835 3999 930 4067 majori
959 3999 1066 4053 fervore
1093 4015 1124 4052 aa

4 4085 81 4138 studio
102 4097 227 4138 errorem
245 4085 404 4150 surgentem
423 4085 580 4147 prosecutus
599 4085 648 4143 cst,
675 4094 755 4146 quam
774 4095 795 4134 s.
816 4078 976 4132 Vincentius
995 4095 1011 4132 a
1030 4079 1123 4134 Paulo.

4 4161 29 4216 tr
55 4162 187 4232 quamvis
214 4161 331 4216 scientia
358 4159 492 4226 amuisita
515 4175 568 4214 non
588 4161 727 4220 emineret,
756 4175 860 4213 omnem
890 4166 980 4214 tamen
1009 4159 1125 4226 lapidem

4 4245 84 4304 norit,
105 4249 139 4296 nt
161 4241 300 4308 episcopos
318 4239 353 4292 ad
371 4241 600 4308 exstinguendum
620 4240 696 4293 illum
714 4253 831 4292 errorem
850 4238 991 4294 excitaret,
