2916 4842
315 461 368 514 112
493 455 593 512 xxvi
612 456 653 510 De
671 455 790 511 dissidiis
809 455 971 510 Frislericil
995 473 1055 511 cum
1075 457 1106 512 R.
1127 455 1311 511 Pontificibus.

311 613 436 668 coetera
459 603 575 666 dictum
590 599 698 687 fuisse
722 609 918 687 acceperant,
942 601 1111 686 dipnitatis
1134 610 1164 664 et
1185 599 1314 666 bononis
1330 601 1437 688 pleni·

312 701 452 765 tudinem
481 700 545 763 sibi
576 723 597 764 a
620 701 764 763 Romano
789 698 938 783 Pontifice
970 697 1121 763 collatam
1143 711 1172 762 et
1194 700 1318 784 insipne
1340 702 1437 786 inspe-

310 798 406 864 riabis
436 821 569 863 coronae
604 797 643 862 de
670 821 767 862 nsanu
799 800 865 885 ejus
894 797 1120 882 Imperotdrens
1157 798 1342 884 suscepisse,
1382 821 1438 862 nec

310 898 412 984 ipsum
438 896 604 984 poenitere
638 897 668 959 si
696 901 821 986 majora
843 894 1036 980 „beneficio“
1064 896 1102 960 de
1125 919 1223 960 nonu
1245 900 1314 985 ejus
1336 919 1437 961 nesce-

305 996 419 1082 pisset,
443 993 554 1059 babito
577 994 839 1072 consideratione,
864 1005 985 1079 quanto
1007 994 1169 1058 Ecclesiae
1191 995 1357 1064 Romanae
1377 1017 1439 1080 per

312 1095 418 1179 ipsum
437 1104 569 1180 possent
591 1092 784 1156 incremento
807 1102 837 1156 et
860 1092 1021 1156 commodo
1042 1093 1222 1178 provenire.
1268 1091 1371 1178 Atque
1393 1093 1438 1156 ad

311 1193 421 1255 bonurn
449 1190 611 1254 uerborum
642 1191 785 1254 strictam
816 1191 1044 1276 expositionem
1075 1213 1112 1253 oc
1140 1189 1310 1276 praefatae
1340 1191 1437 1252 inter-

306 1290 503 1375 pretationis
520 1287 616 1372 fidens
639 1287 803 1352 auditores
824 1287 1007 1370 induceret,
1037 1288 1119 1373 quod
1143 1311 1163 1351 o
1185 1285 1350 1352 nonnullis
1374 1291 1437 1352 Ro·

312 1409 478 1451 rnanorum
494 1398 604 1450 temne
620 1385 781 1472 offirmari
794 1398 956 1466 noverant,
981 1387 1147 1472 imperinm
1161 1385 1250 1449 urbis
1266 1395 1296 1449 ct
1309 1408 1439 1468 repuens

312 1477 459 1548 Itolicuns
488 1484 660 1548 donatione
684 1484 868 1568 Pontificum
898 1506 985 1569 repes
1015 1493 1139 1548 nostros
1161 1484 1310 1547 haetenus
1329 1505 1438 1568 posse-

313 1583 408 1663 disse,
431 1583 525 1669 idque
548 1604 613 1644 non
636 1579 738 1644 solum
761 1580 869 1660 dictis,
894 1583 950 1645 sed
974 1591 1003 1645 et
1027 1583 1155 1668 scriptis
1187 1592 1278 1668 atque
1298 1582 1438 1667 picturis

312 1691 553 1768 repraesentare
577 1689 607 1742 et
631 1679 675 1742 od
691 1690 838 1765 posteros
863 1681 1084 1746 transmittere.
1125 1679 1213 1744 Unde
1236 1679 1275 1744 de
1298 1680 1439 1766 Impera-

314 1787 379 1842 tore
404 1779 555 1842 Lotborio
578 1778 613 1841 in
632 1776 761 1864 palatio
786 1777 997 1841 Lateranensi
1018 1800 1113 1864 snper
1135 1777 1314 1869 hujusmodi
1332 1779 1439 1864 pictu-

312 1899 382 1940 rans
405 1877 556 1962 scripturn
580 1886 645 1939 est:

420 1974 493 2037 Rea
517 1975 601 2036 venit
624 1985 698 2038 ante
722 1973 818 2052 fores,
835 1977 955 2062 jurans
972 1976 1069 2060 prius
1091 1973 1180 2038 urbis
1202 1974 1343 2053 bonores,

421 2071 496 2135 Post
517 2072 604 2135 boren
619 2071 663 2155 fit
682 2072 802 2159 Papae,
827 2072 920 2135 sumit
943 2095 1002 2158 quo
1026 2073 1122 2136 dante
1145 2093 1302 2136 coronans.

316 2168 407 2233 Talis
433 2170 563 2256 pictura
596 2169 730 2254 talisque
765 2171 990 2256 superscriptio
1018 2169 1177 2256 principi,
1211 2167 1339 2253 quando
1372 2167 1454 2258 alio

314 2291 398 2331 onno
429 2269 514 2330 circa
548 2266 660 2329 Urbem
681 2266 810 2352 fuerat,
842 2290 904 2353 per
924 2266 1040 2351 fideles
1069 2268 1200 2354 Imperii
1230 2264 1339 2330 delata
1370 2292 1440 2331 oum

313 2365 504 2428 vehementer
526 2364 751 2450 displicuisset,
783 2367 887 2428 amico
903 2366 999 2450 prius
1023 2366 1196 2428 invectione
1212 2365 1454 2451 praecedente,

315 2461 552 2526 laudamentum
579 2485 600 2524 a
628 2461 722 2548 Papo
744 2461 891 2525 Adriano
922 2462 1078 2548 accepisse
1109 2473 1313 2540 memoratur,
1345 2473 1380 2526 ut
1414 2475 1442 2528 et

315 2561 475 2646 scripturo
496 2561 622 2644 pariter
645 2571 737 2645 atquc
756 2561 887 2646 pictura
911 2559 986 2623 tatis
1010 2560 1173 2624 demedio
1198 2558 1372 2640 tolleretur,
1400 2587 1440 2626 ne

316 2670 381 2721 tarn
403 2680 488 2721 oona
510 2679 560 2720 res
584 2659 711 2721 summis
733 2659 768 2721 in
792 2656 865 2722 orbe
888 2659 966 2720 airis
990 2657 1141 2744 litipandi
1173 2669 1203 2721 et
1232 2658 1445 2724 discordandi

312 2755 467 2841 praebere
484 2765 596 2842 posset
617 2755 825 2838 materiam.¹)

167 2921 286 2963 neuneu·
409 2903 461 2970 13.
507 2907 719 2991 Imperatoris
749 2915 781 2970 et
803 2927 977 2992 procerum
1002 2907 1051 2970 ire
1075 2915 1107 2970 et
1130 2905 1315 2991 indignatio
1339 2909 1454 2970 etism:

193 2983 260 3026 ⁰⁸¹⁶·
318 3013 416 3068 sucta
456 3012 518 3086 est,
557 3024 660 3089 quum
688 3003 858 3069 Rolsndus
893 3001 991 3069 Card.
1027 3002 1267 3086 Cancellerius,
1306 3007 1454 3070 nativae}

318 3101 554 3185 significationi
588 3104 679 3166 vocis
713 3101 906 3184 „beneficis
945 3103 1109 3179 insistens,
1141 3112 1173 3167 et
1204 3104 1328 3167 mirans
1352 3102 1454 3189 quod]

317 3208 447 3264 tantum
471 3199 649 3265 tumultum
673 3203 834 3265 excitaret
856 3201 1009 3285 epistole,
1040 3201 1147 3286 (eujus
1171 3200 1253 3264 forte
1276 3201 1347 3285 ipse
1376 3203 1454 3264 erst'

317 3300 516 3384 praecipuus
539 3299 676 3380 auctor),
710 3298 882 3364 subderet:
914 3299 945 3363 A
969 3321 1028 3385 quo
1058 3321 1129 3384 erpo
1153 3297 1254 3377 babet,
1278 3300 1309 3361 si
1332 3323 1355 3362 a
1380 3299 1442 3362 Do·

317 3398 401 3461 mino
425 3397 520 3484 Papa
542 3397 729 3476 nonhabet,
753 3398 941 3485 imperium?
963 3397 1065 3461 Hisce
1088 3396 1222 3478 auditis,
1246 3394 1324 3461 Otto
1349 3395 1444 3461 Pels-

317 3497 425 3576 tinus,
465 3507 577 3567 exerto
614 3495 725 3579 gladio
769 3497 892 3560 cervici
930 3494 1030 3579 legati
1076 3503 1215 3560 mortem
1252 3495 1443 3558 intentavit.

318 3591 509 3656 Friderious
533 3602 612 3657 tunc
636 3593 770 3679 quidem
794 3592 973 3657 tumultum
998 3596 1213 3679 compescuit3
1238 3592 1296 3657 sed
1316 3591 1454 3680 legatos¹

319 3693 398 3755 satis
422 3691 641 3774 ignominiose
666 3691 792 3756 dimisit
815 3701 847 3756 et
869 3701 959 3757 rests
972 3694 1028 3755 vin
1040 3691 1180 3756 Romam
1199 3691 1299 3777 jussit
1322 3692 1443 3756 redire.

394 4005 467 4070 ¹)V.
488 4003 786 4068 Wntterich,11.360.
820 4034 845 4044 -
876 4003 939 4058 Jem
964 4002 1138 4068 advertimus,
1166 4001 1313 4056 hominium
1341 4003 1371 4056 in
1397 4001 1454 4056 ills*

321 4085 498 4152 inscriptione
516 4091 751 4144 commemoratum
769 4084 867 4146 reterri
878 4085 911 4138 sd
920 4084 1104 4153 iuramentum
1115 4082 1235 4146 hominii,
1254 4081 1325 4148 qnod
1343 4082 1444 4136 Loths·

320 4166 377 4220 rins
394 4167 535 4240 praestitit
562 4182 611 4234 pso
629 4164 761 4224 annues
783 4165 812 4219 in
834 4163 945 4220 feudum
969 4163 1180 4232 possessionisus
1199 4161 1352 4226 diethildis,
1390 4179 1444 4216 non

322 4261 387 4301 vero
406 4246 441 4300 sd
459 4245 630 4300 collationem
649 4261 762 4299 corones
780 4244 935 4312 imperialis.
