2844 4840
254 519 258 542 ,
350 467 389 521 De
407 467 488 522 Bulla
510 467 599 522 binam
617 468 760 523 Sanctam.
1083 471 1115 524 51

28 607 161 674 Bonifatii
184 612 347 697 principia
370 613 590 696 impugnavit.
631 610 698 677 Sed
721 613 791 698 ipse
816 611 937 678 diserte
960 612 1116 694 admittit,

28 709 134 772 nonnisi
158 709 350 774 indirectam
382 708 614 773 auctoritatem
638 731 658 774 a
680 708 841 774 Pontifice
874 709 937 774 sibi
969 710 1117 775 vindica-

27 818 76 868 tam
97 827 163 870 esse
185 809 218 871 in
240 805 436 892 temporalia
459 827 573 890 regum
578 855 589 886 ,
612 810 766 893 quamvis
785 807 872 873 hane
889 808 967 873 dein
990 822 1117 873 senten·

26 905 95 984 n'sm.
117 926 175 990 pro
196 907 371 990 principiis
394 907 463 970 sais
479 903 672 986 Gallicanis,
697 906 912 972 vehementer
934 909 1117 993 impugnet.

25 1000 64 1064 Er
82 1026 116 1064 eo
137 1003 175 1066 de
196 1027 258 1088 qua
281 1025 356 1068 moa
379 991 530 1082 atatam,
555 1002 680 1087 scribit,
704 1005 867 1091 Bonifatio
896 1005 977 1070 VIII
1005 1006 1050 1070 ari
1072 1029 1116 1070 ec-

24 1098 115 1164 elesioe
141 1098 331 1166 Gallicanae
354 1101 475 1188 lepatos
497 1103 641 1166 oratione
665 1102 792 1166 evidens
814 1114 870 1180 est,
894 1101 995 1183 iiiam,
1020 1129 1115 1190 quan·

23 1201 113 1263 tomas
135 1201 294 1286 opinionis
317 1201 419 1278 istius,
451 1221 531 1285 qaae
561 1201 627 1286 ipsi
658 1199 879 1288 affiapebatur,
912 1201 951 1265 de
981 1205 1117 1267 emnium

24 1321 163 1382 aprorum
186 1323 222 1362 ac
238 1299 404 1385 speciatim
419 1297 615 1362 Francorum
638 1301 674 1388 ia
689 1297 914 1384 temporalibus
928 1299 1117 1390 seobjeotioae

22 1395 143 1460 Romano
159 1396 304 1480 Pontifici
322 1389 478 1460 invidiam
493 1395 687 1479 dismaserit,
710 1395 915 1460 nihilominus
929 1397 1117 1462 indirectam

23 1495 47 1554 in
66 1493 246 1579 temporalia
269 1515 375 1578 rapum
394 1504 592 1579 potestatam,
626 1495 691 1557 ss'va
716 1495 935 1557 auctoritatem
968 1515 1020 1558 aas
1046 1497 1116 1580 pri·

23 1591 98 1654 rondi
119 1593 222 1676 repnie
243 1593 369 1655 retiam
386 1593 515 1676 peceati
546 1591 608 1656 sibi
631 1614 806 1678 arroposse,
840 1593 923 1677 qaod
954 1614 992 1656 esc
1015 1595 1117 1680 ipsius

23 1686 227 1752 Cessatutione
250 1709 331 1775 puae
344 1691 460 1774 incipit
484 1690 611 1772 „Unam
625 1697 789 1754 sanetam“
814 1689 936 1784 (Extra
959 1691 997 1754 sle
1020 1696 1116 1781 majo-

22 1788 94 1849 nloto
109 1799 137 1850 a
153 1787 359 1872 obedientia)
385 1787 574 1852 luculentias
586 1787 798 1871 confirmatur,
822 1811 885 1874 qao
899 1789 987 1852 docet
1002 1792 1117 1855 atrias·

20 1907 60 1966 poe
79 1884 178 1970 piodii
194 1895 386 1972 potestatem
409 1907 474 1950 esse
494 1909 593 1972 peaes
615 1885 799 1965 Ecclesiam,
823 1887 1025 1972 temporalem
1047 1887 1115 1952 sab·

20 2005 66 2044 sose
87 1983 260 2068 spirituali,
285 1981 325 2045 ab
349 2003 445 2067 eaque
459 1984 587 2047 institui
610 1994 640 2046 et
654 1984 811 2073 judicari,
834 1985 905 2048 huic
919 2007 941 2047 a
954 1984 1023 2049 Deo
1046 2007 1115 2049 con-

19 2083 103 2144 aaa
125 2083 234 2146 ordini
256 2082 312 2166 qui
333 2082 463 2163 reoisat,
491 2081 526 2145 in
550 2081 809 2148 Manichaeorum
831 2082 975 2146 haeresin
1003 2083 1115 2169 inspiro·

19 2180 107 2262 puel)
117 2215 157 2226 —
167 2178 221 2242 Ex
238 2176 330 2242 hisae
342 2177 486 2263 colliges,
496 2200 561 2242 uon
570 2178 809 2266 aliaprincipie
820 2201 841 2243 a
852 2180 1018 2245 Bonifatio
1032 2179 1115 2244 VIII

19 2275 169 2357 vindicari,
195 2278 260 2341 nisi
286 2297 370 2362 quae
394 2279 494 2341 etiam
519 2299 539 2341 a
563 2275 723 2362 Gregorio
743 2277 818 2359 VII,
842 2277 1036 2342 Innocentio
1053 2278 1114 2359 III,

18 2373 140 2462 aliisque.
156 2375 378 2441 Pontificibus
401 2377 569 2462 proposita
594 2385 680 2458 sunt,
705 2386 806 2462 atque
829 2397 959 2461 semper
989 2378 1023 2440 in
1055 2376 1115 2440 Ec·

19 2469 95 2537 clesia
124 2476 316 2558 viguerunt.
373 2473 449 2554 Qua
482 2475 608 2538 ratione
640 2483 751 2538 autem
783 2495 928 2560 eousque
950 2477 1115 2538 attenuari

17 2573 96 2652 possit
118 2593 236 2636 sensus
260 2570 514 2635 Constitutionis
542 2572 644 2636 Unam
665 2582 816 2651 sanctam,
841 2581 878 2636 ut
900 2572 1050 2637 doctrina
1074 2573 1115 2637 de

17 2679 152 2750 potestate
176 2669 341 2734 indirecta
364 2669 559 2751 (secundum
584 2671 824 2756 expositionem
840 2669 1048 2752 Bellarmini)
1072 2693 1116 2736 ex

18 2785 44 2826 a
61 2765 255 2849 eliminetur,
279 2765 336 2831 alii
360 2767 516 2832 viderint.

82 2867 133 2931 55.
158 2863 360 2930 Constitutio
377 2863 528 2930 confecta
552 2885 624 2930 esse
648 2875 801 2929 censetur
823 2887 843 2929 a
867 2868 982 2931 variiis
1005 2875 1114 2932 sucto-

15 2959 86 3026 ribos
107 2962 149 3027 ab
166 2961 312 3048 Aegidio
328 2962 477 3027 Romano
496 2961 685 3046 (Columna)
708 2961 788 3028 Ord.
806 2985 830 3028 s.
848 2964 935 3050 Aug.
953 2974 986 3028 et
1008 2963 1113 3029 archi·
1164 2953 1200 2981 ⁰¹²¹
1232 2952 1259 2980 '¹⁸

15 3063 146 3147 episeopo
171 3061 372 3126 Biturioensi
398 3066 440 3143 (a.
469 3060 579 3147 1294),
608 3061 777 3148 quondam
801 3060 950 3149 Philippi
977 3062 1113 3128 Pulchri

15 3169 213 3246 praeceptore.
262 3160 295 3223 Is
319 3181 357 3223 eo
380 3170 529 3245 tempore
552 3158 693 3223 Romam
718 3158 759 3224 ad
777 3159 941 3244 synodum
966 3171 1113 3244 venerat,

15 3255 113 3322 multae
141 3269 255 3322 autem
281 3255 535 3322 Constitutionis
565 3258 749 3322 sentcntiae
779 3279 823 3321 ex
853 3257 925 3343 ejus
955 3257 1113 3322 Tractatu

15 3349 43 3412 ie
61 3354 268 3420 ealesiaatiea
285 3366 446 3441 potestate
475 3355 543 3418 fere
567 3355 769 3419 verbotenus
798 3354 973 3440 desumpta
996 3357 1112 3438 sunt.²)

16 3447 151 3534 Argiam
183 3463 376 3517 recensetur
409 3455 495 3517 inter
518 3451 590 3518 lllos
618 3463 784 3534 auctores,
817 3455 874 3540 qui
899 3474 974 3517 oum
1000 3454 1113 3538 vigore

16 3543 160 3616 Ecclesiae
183 3552 415 3614 auctoritatem
441 3553 541 3615 etiam
558 3551 591 3615 in
608 3550 804 3638 temporalia
828 3553 924 3615 certis
948 3573 989 3614 ex
1005 3552 1112 3616 causis

15 3771 65 3824 utet
74 3771 465 3842 Hergenratherillaioaunis:
481 3771 573 3841 ,Papa
582 3788 636 3826 non
646 3773 771 3827 instituit
780 3787 880 3842 regem,
890 3773 936 3827 sed
946 3779 1060 3839 uterque
1070 3779 1112 3826 est

16 3851 84 3904 soa
105 3853 252 3908 institutus
276 3867 325 3906 sno
348 3852 440 3919 modo;
465 3869 514 3907 nec
537 3868 598 3906 eum
617 3853 715 3922 dirigit
735 3870 788 3921 per
806 3870 842 3919 se,
868 3861 901 3907 ut
919 3869 966 3908 rex
991 3859 1040 3919 est,
1064 3853 1110 3908 sed

14 3947 50 3996 pa
64 3935 193 3993 <occidam
214 3932 244 3986 in
263 3941 394 4000 quantum
413 3934 542 3988 mevenit
560 3948 653 4002 regem
671 3935 778 3999 fidetem
798 3948 863 3999 esso,
883 3933 912 3989 in
929 3949 982 4001 quo
1000 3934 1111 3989 instrui·

15 4019 48 4061 nr
62 4027 76 4064 a
91 4013 162 4081 Papa
180 4013 215 4068 de
234 4011 294 4076 fide,
313 4027 366 4066 non
385 4011 418 4066 de
437 4012 596 4082 regimine.“
622 4013 655 4067 V.
670 4012 770 4067 Kirohe
788 4013 844 4067 und
863 4013 942 4067 Staat
960 4015 1007 4068 VI.
1028 4030 1053 4068 n.
1068 4017 1111 4069 31.

16 4101 36 4140 a
48 4091 157 4148 leander
174 4094 211 4148 K.
232 4093 264 4147 G.
284 4091 321 4147 ΙΙ.
341 4109 365 4160 p.
385 4093 445 4147 685.

71 4177 89 4240 ¹)
105 4173 135 4227 In
154 4189 226 4228 esec.
245 4171 316 4228 xm
335 4179 363 4227 et
382 4171 455 4228 XIV.
476 4173 590 4227 Dissert.
609 4173 658 4230 IX.
679 4179 731 4226 art.
750 4171 788 4228 ΙΙ.
807 4189 833 4226 n.
855 4175 897 4228 10.

69 4253 87 4318 ¹)
104 4255 135 4309 V.
152 4253 362 4323 Hergenrtther
380 4252 397 4306 l.
419 4269 442 4310 c.
728 4253 731 4259 ’

967 4346 1003 4398 4*
