2836 4848
288 411 342 463 424
485 409 615 465 XXVIII.
635 410 675 464 De
694 415 769 464 statu
788 409 928 462 societatis
947 409 1038 464 christ.
1058 426 1127 465 saec.
1146 411 1221 464 XIII.

288 552 435 617 tificibus
464 564 514 617 sat
537 553 684 618 infestus
737 552 859 634 „Hace
892 554 1009 638 iuquit,
1041 553 1121 618 dum
1145 555 1188 618 ad
1212 556 1413 620 christianis-¹

289 653 390 715 simos
406 651 609 714 Francorum
627 660 660 713 et
675 649 860 734 Anglorurn
885 671 978 734 reges
998 653 1157 716 nunciate
1175 657 1413 738 pervenissent,

287 751 396 834 patuit
419 748 492 813 luce
517 747 637 811 clarius
662 749 743 833 ipsis
767 757 799 811 61
823 769 936 810 eorum
969 749 1195 832 magnatibus,
1230 753 1319 837 quod
1343 745 1413 815 Fri-I

288 848 420 912 clericus
452 847 638 911 libertatem
674 869 714 909 16
749 844 957 909 nobilitatem
989 847 1174 928 Ecclesiae,
1210 871 1312 934 quam
1343 853 1413 942 ipset

287 967 460 1031 nunquam
484 947 588 1024 auxit,
612 943 670 1007 sed
686 943 855 1026 magnifici
872 932 1094 1008 antecessores
1119 946 1189 1031 ejus
1209 948 1297 1012 malo
1322 959 1413 1030 grator

288 1065 346 1107 suo
378 1043 596 1122 stabilierunt,
630 1051 696 1105 toto
730 1044 904 1105 conamine
937 1043 1064 1106 studuit
1095 1045 1285 1126 annullare3
1318 1059 1349 1110 et
1370 1039 1413 1130 del

288 1139 416 1204 haeresi
433 1163 492 1226 per
515 1141 549 1205 id
574 1142 682 1224 ipsum
708 1163 741 1203 se
757 1139 900 1204 reddens
921 1153 1120 1226 suspectum,
1147 1145 1263 1208 morito
1281 1135 1413 1208 omnem*

288 1260 386 1325 quem
411 1238 571 1302 111616111
596 1235 741 1302 babebat
768 1240 917 1302 inomni
942 1239 1063 1324 populo
1095 1241 1280 1323 igniculum
1306 1245 1404 1306 Iamne

288 1337 440 1422 propriae
456 1335 652 1420 prudentiae
678 1347 710 1398 et
733 1338 915 1420 sapientiae
932 1337 1143 1422 impudenter
1166 1349 1199 1402 ct
1223 1341 1404 1426 impruden·

287 1445 337 1499 ter
360 1437 530 1515 exstinxit,
555 1445 654 1520 atque
679 1435 812 1498 delevit.
859 1435 966 1519 Reges
989 1447 1101 1501 tumen
1126 1441 1313 1516 memorati,
1338 1441 1408 1524 quia

287 1533 448 1598 muliebre
474 1532 644 1597 videretur
673 1545 705 1598 et
736 1532 962 1615 inhonestum,
994 1536 1104 1599 stetim
1135 1536 1292 1600 infestare
1317 1559 1405 1622 quern

287 1641 508 1716 protexerant,
542 1653 606 1694 non
633 1633 704 1694 1116
727 1653 897 1694 murmure
928 1631 1089 1696 siluerunt
1119 1634 1230 1698 adbuc
1262 1635 1406 1698 dissimu-

285 1729 400 1795 111161,
448 1728 500 1792 Α6
524 1751 583 1814 per
606 1729 669 1793 hoc
693 1729 831 1792 Domini
855 1730 966 1814 Papae
998 1731 1144 1795 conditio
1170 1732 1346 1796 meliorato
1368 1756 1406 1796 rc·

286 1825 488 1914 spiravit.“¹l

134 1925 259 2036 ξζὲξξξέζ
376 1927 428 1990 43.
455 1924 589 2005 Quanta
613 1935 723 1988 autem
749 1924 931 2009 diligentia,
957 1925 1134 2011 prudentia
1157 1950 1196 1992 uc
1222 1932 1406 1992 maturitate

169 2049 223 2087 111.
286 2023 501 2088 Innocentius
534 2023 626 2107 Papa
657 2023 691 2085 in
723 2024 785 2086 ista
809 2022 971 2087 Friderici
996 2023 1028 2086 ll
1061 2047 1161 2089 causa
1194 2048 1276 2089 usus
1307 2029 1407 2100 fuerit,

288 2122 498 2185 manifestum
523 2130 571 2183 est
594 2142 636 2182 ex
660 2120 732 2205 ejus
756 2120 892 2204 epistola
907 2120 950 2184 ad
966 2122 1147 2187 monachos
1165 2123 1408 2188 Cistercienses.

287 2242 387 2306 quam
411 2240 449 2281 eo
474 2229 632 2302 ternpore,
657 2240 758 2303 quum
778 2216 1075 2302 Congregatiouem
1099 2221 1292 2303 generalem
1319 2222 1408 2286 habc-

286 2329 369 2396 rent,
403 2317 445 2380 ad
470 2338 524 2380 eos
549 2316 686 2379 direxit:
721 2316 880 2385 Noricos
907 2327 1060 2394 morcant,
1089 2320 1137 2382 111
1160 2319 1332 2388 Pontifex.
1364 2322 1410 2382 inr-

281 2419 459 2503 peritorum
487 2425 516 2477 et
538 2415 681 2476 caritatis
708 2415 900 2499 ipnarorurn‚
928 2438 1110 2500 precanter,
1142 2415 1305 2502 obloquia,
1341 2429 1374 2482 nt

286 2514 383 2577 nobie·
409 2514 500 2598 quasi
517 2513 773 2598 praecipitanter
791 2512 922 2596 putetis,
956 2523 985 2574 et
1009 2513 1123 2598 absque
1147 2514 1327 2580 deliberato
1344 2519 1409 2602 frn-

288 2623 369 2674 trum
383 2621 561 2674 nostrornm
584 2620 613 2671 et
635 2609 801 2672 multorom
812 2611 990 2694 peritorum
1005 2633 1127 2676 moroso
1142 2613 1291 2690 coasilio,
1307 2625 1394 2678 crnrtr

287 2713 390 2796 aream
413 2709 609 2772 Fridericam
622 2707 730 2792 faerit
753 2709 981 2772 sententiatum.
1014 2709 1090 2773 Non
1113 2713 1195 2774 enirn
1218 2714 1397 2774 merui-reione

287 2831 425 2893 crrsqnam
448 2829 576 2871 caucam
599 2829 667 2868 carn.
690 2815 782 2868 tanta
797 2803 1024 2869 deliberatione
1048 2818 1077 2870 61
1101 2805 1247 2893 dilipenti
1272 2814 1398 2872 esca-min

364 2993 511 3053 Ι1111111611.
533 3022 564 3030 -
584 2991 682 3060 Pergit
700 2990 760 3044 dein
775 2991 930 3044 Matthaeus
950 2991 1038 3044 verbis
1058 2992 1086 3046 In
1105 2993 1253 3050 Romanam
1276 2999 1389 3052 ecclesia

288 3074 390 3129 acerbis
410 3080 438 3128 et
457 3089 552 3140 pamm
570 3071 697 3126 monacho
717 3071 823 3138 dignis:
854 3071 959 3136 „Unum
979 3072 1088 3140 iusuper
1106 3090 1196 3128 ornnes
1215 3080 1342 3145 angebat
1364 3091 1390 3132 ta

287 3155 420 3221 principes
449 3169 529 3219 quam
554 3153 690 3219 praelatos
720 3151 817 3206 vulnus
843 3153 1003 3220 angustiae,
1032 3152 1127 3206 futura
1157 3157 1281 3223 pericula
1312 3161 1398 3213 ration

287 3233 400 3302 praevia
429 3233 616 3301 ponderantes.
653 3233 693 3286 Eo
713 3231 782 3298 quod
801 3239 830 3284 et
849 3231 871 3285 si
890 3232 991 3300 dignus
1009 3233 1197 3300 multipliciter
1215 3236 1305 3290 fucrit
1327 3241 1401 3292 Iride

287 3315 359 3368 ricus
389 3313 501 3381 deprimi
533 3319 561 3366 et
589 3313 659 3366 omni
688 3312 787 3365 honore
806 3311 917 3378 privari.
949 3314 1082 3366 tamensi
1102 3329 1171 3380 eum,
1202 3317 1259 3370 [teo
1291 3321 1404 3388 jurante

287 3396 436 3449 auctoritas
456 3395 560 3462 papalis
579 3393 822 3448 irrestaurabiliter
846 3393 998 3460 deponeret,
1027 3394 1149 3449 Romana
1171 3399 1295 3460 ecclesia,
1325 3403 1395 3469 greti

287 3475 337 3529 Dei
357 3475 479 3538 abutens
506 3475 689 3542 inposterum
718 3475 746 3527 iu
765 3479 872 3526 tautam
892 3473 1036 3528 elationem
1057 3481 1085 3528 et
1103 3475 1305 3535 intolerabilem
1326 3497 1413 3548 supcr-¹

287 3556 358 3609 biam
377 3555 574 3620 sublevaretur,
594 3555 664 3628 qrrod
683 3553 817 3622 principes
836 3553 982 3607 catholicos
1001 3555 1121 3610 insontes
1134 3565 1162 3610 et
1172 3558 1269 3624 justos.
1293 3573 1322 3614 61
1342 3579 1410 3629 prae

287 3637 364 3703 cipue
383 3634 526 3702 praelatos,
552 3633 647 3700 quavis
667 3634 719 3687 levi
739 3649 821 3686 causa
839 3634 883 3688 rel
902 3633 1047 3700 deponeret
1072 3636 1114 3689 vei
1135 3638 1268 3705 deponere
1289 3644 1413 3708 pennu

287 3716 496 3768 comminaretur
527 3715 657 3781 quuendo
680 3713 813 3777 sublimio,
842 3713 1036 3782 gloriandoque
1062 3716 1183 3770 dicerent
1206 3719 1326 3774 Romani
1354 3701 1413 3782 lircil

287 3813 303 3848 6
322 3795 427 3862 plebeia
450 3795 536 3862 stirpe
555 3795 703 3862 procreati:
729 3796 788 3848 Nos
812 3796 905 3862 ipsura
931 3796 1084 3848 1111111111
1105 3798 1257 3852 Damonem
1279 3811 1307 3861 et
1329 3805 1411 3870 Inspe-

287 3883 407 3929 ratorem
420 3875 596 3928 fridericum
610 3876 840 3938 conculcaremus
860 3874 961 3941 etquis
975 3890 1003 3926 es
1018 3880 1048 3927 ta-
1061 3877 1109 3942 qui
1122 3879 1200 3932 uobis
1212 3886 1313 3934 traicere
1327 3883 1410 3934 moin

287 3957 429 4010 residere!
448 3955 486 4007 Et
504 3956 545 4009 ite
563 3954 702 4022 provocati
721 3953 866 4008 nobiliores
885 3961 978 4008 contra
997 3955 1144 4010 elevabunt
1162 3959 1328 4018 calcaneum.
1350 3963 1410 4014 Iica-

288 4052 338 4102 que
358 4035 464 4088 vindice
483 4036 632 4088 auctoritas
651 4035 772 4088 Romanu
797 4033 899 4102 poterit
917 4035 1062 4101 deperIre.“
1101 4035 1196 4100 Vides,
1222 4057 1285 4094 eum
1314 4043 1410 4110 deposi-

288 4117 392 4169 tionem
419 4117 562 4182 tormalern
587 4114 712 4169 Pontifici
740 4113 868 4176 tribuere,
894 4115 1049 4168 nullatenus
1075 4133 1138 4171 vero
1165 4119 1263 4175 hebere
1283 4119 1413 4192 ejnsmntil

289 4195 481 4248 auctoritatem
500 4199 532 4247 ut
547 4195 609 4262 jure
628 4195 720 4248 sociali
733 4195 915 4248 introductam
935 4211 966 4248 uc
985 4197 1162 4252 communiter
1179 4210 1326 4270 receptam.
1412 4211 1413 4244 I
