<?xml version="1.0" encoding="UTF-8"?>
<!DOCTYPE html PUBLIC "-//W3C//DTD XHTML 1.0 Transitional//EN"
    "http://www.w3.org/TR/xhtml1/DTD/xhtml1-transitional.dtd">
<html xmlns="http://www.w3.org/1999/xhtml" xml:lang="en" lang="en">
 <head>
  <title>
</title>
<meta http-equiv="Content-Type" content="text/html;charset=utf-8" />
  <meta name='ocr-system' content='tesseract 3.04.00' />
  <meta name='ocr-capabilities' content='ocr_page ocr_carea ocr_par ocr_line ocrx_word'/>
</head>
<body>
  <div class='ocr_page' id='page_1' title='image "./dissertationess00junggoog_0744.png"; bbox 0 0 2850 4834; ppageno 0'>
   <div class='ocr_carea' id='block_1_1' title="bbox 413 585 1117 641">
    <p class='ocr_par' dir='ltr' id='par_1_1' title="bbox 413 585 1117 641">
     <span class='ocr_line' id='line_1_1' title="bbox 413 585 1117 641; baseline -0.003 -1"><span class='ocrx_word' id='word_1_1' title='bbox 413 585 590 640; x_wconf 83' lang='lat' dir='ltr'><strong>Continuatio</strong></span> <span class='ocrx_word' id='word_1_2' title='bbox 609 585 707 641; x_wconf 84' lang='lat' dir='ltr'><strong>luctae.</strong></span> <span class='ocrx_word' id='word_1_3' title='bbox 1066 585 1117 639; x_wconf 82' lang='lat'><strong>211</strong></span> 
     </span>
    </p>
   </div>
   <div class='ocr_carea' id='block_1_2' title="bbox 8 729 1283 3948">
    <p class='ocr_par' dir='ltr' id='par_1_2' title="bbox 11 729 1283 1205">
     <span class='ocr_line' id='line_1_2' title="bbox 12 729 1118 815; baseline 0.002 -25"><span class='ocrx_word' id='word_1_4' title='bbox 12 729 159 812; x_wconf 88' lang='lat' dir='ltr'><strong>ejusmodi</strong></span> <span class='ocrx_word' id='word_1_5' title='bbox 185 739 344 794; x_wconf 86' lang='lat' dir='ltr'><strong>tractatus</strong></span> <span class='ocrx_word' id='word_1_6' title='bbox 359 729 552 815; x_wconf 89' lang='lat' dir='ltr'><strong>Philippum</strong></span> <span class='ocrx_word' id='word_1_7' title='bbox 577 729 725 815; x_wconf 85' lang='lat' dir='ltr'><strong>aliosque</strong></span> <span class='ocrx_word' id='word_1_8' title='bbox 748 731 916 815; x_wconf 85' lang='lat' dir='ltr'><strong>principes</strong></span> <span class='ocrx_word' id='word_1_9' title='bbox 936 729 1035 814; x_wconf 91' lang='lat' dir='ltr'><strong>culpa</strong></span> <span class='ocrx_word' id='word_1_10' title='bbox 1052 749 1118 792; x_wconf 92' lang='lat' dir='ltr'><strong>non</strong></span> 
     </span>
     <span class='ocr_line' id='line_1_3' title="bbox 12 825 1283 930; baseline 0 -42"><span class='ocrx_word' id='word_1_11' title='bbox 12 837 150 912; x_wconf 75' lang='lat' dir='ltr'><strong>expertes</strong></span> <span class='ocrx_word' id='word_1_12' title='bbox 177 827 288 892; x_wconf 85' lang='lat' dir='ltr'><strong>fuisse.</strong></span> <span class='ocrx_word' id='word_1_13' title='bbox 336 825 370 891; x_wconf 85' lang='lat' dir='ltr'><strong>Si</strong></span> <span class='ocrx_word' id='word_1_14' title='bbox 402 848 481 890; x_wconf 86' lang='lat' dir='ltr'><strong>vero</strong></span> <span class='ocrx_word' id='word_1_15' title='bbox 513 827 545 890; x_wconf 93' lang='lat' dir='ltr'><strong>in</strong></span> <span class='ocrx_word' id='word_1_16' title='bbox 570 826 752 891; x_wconf 90' lang='lat' dir='ltr'><strong>Benedicto</strong></span> <span class='ocrx_word' id='word_1_17' title='bbox 783 827 878 911; x_wconf 80' lang='lat' dir='ltr'><strong>vigor</strong></span> <span class='ocrx_word' id='word_1_18' title='bbox 911 825 1118 890; x_wconf 87' lang='lat' dir='ltr'><strong>desideratur</strong></span> <span class='ocrx_word' id='word_1_19' title='bbox 1134 825 1283 930; x_wconf 51' lang='lat' dir='ltr'><strong>{gum</strong></span> 
     </span>
     <span class='ocr_line' id='line_1_4' title="bbox 12 923 1275 1011; baseline 0.005 -25"><span class='ocrx_word' id='word_1_20' title='bbox 12 924 177 1009; x_wconf 87' lang='lat' dir='ltr'><strong>aliquando</strong></span> <span class='ocrx_word' id='word_1_21' title='bbox 216 925 321 1011; x_wconf 89' lang='lat' dir='ltr'><strong>major</strong></span> <span class='ocrx_word' id='word_1_22' title='bbox 354 923 397 988; x_wconf 90' lang='lat' dir='ltr'><strong>ad</strong></span> <span class='ocrx_word' id='word_1_23' title='bbox 435 946 503 988; x_wconf 91' lang='lat' dir='ltr'><strong>rem</strong></span> <span class='ocrx_word' id='word_1_24' title='bbox 528 923 617 988; x_wconf 88' lang='lat' dir='ltr'><strong>illam</strong></span> <span class='ocrx_word' id='word_1_25' title='bbox 642 923 891 1008; x_wconf 85' lang='lat' dir='ltr'><strong>perficiendam,</strong></span> <span class='ocrx_word' id='word_1_26' title='bbox 929 923 963 988; x_wconf 92' lang='lat' dir='ltr'><strong>id</strong></span> <span class='ocrx_word' id='word_1_27' title='bbox 998 925 1119 1010; x_wconf 88' lang='lat' dir='ltr'><strong>partim</strong></span> <span class='ocrx_word' id='word_1_28' title='bbox 1185 951 1230 992; x_wconf 76' lang='grc' dir='ltr'><strong>ιιι.</strong></span> <span class='ocrx_word' id='word_1_29' title='bbox 1270 959 1275 966; x_wconf 93' lang='lat'><strong>·</strong></span> 
     </span>
     <span class='ocr_line' id='line_1_5' title="bbox 13 1021 1120 1108; baseline 0.002 -26"><span class='ocrx_word' id='word_1_30' title='bbox 13 1021 180 1086; x_wconf 78' lang='lat' dir='ltr'><strong>characteri</strong></span> <span class='ocrx_word' id='word_1_31' title='bbox 214 1033 248 1086; x_wconf 93' lang='lat' dir='ltr'><strong>et</strong></span> <span class='ocrx_word' id='word_1_32' title='bbox 278 1022 380 1087; x_wconf 89' lang='lat' dir='ltr'><strong>indoli</strong></span> <span class='ocrx_word' id='word_1_33' title='bbox 414 1021 513 1108; x_wconf 90' lang='lat' dir='ltr'><strong>hujus</strong></span> <span class='ocrx_word' id='word_1_34' title='bbox 536 1022 708 1086; x_wconf 89' lang='lat' dir='ltr'><strong>Pontilicis</strong></span> <span class='ocrx_word' id='word_1_35' title='bbox 740 1024 773 1086; x_wconf 91' lang='lat' dir='ltr'><strong>in</strong></span> <span class='ocrx_word' id='word_1_36' title='bbox 806 1023 946 1106; x_wconf 83' lang='lat' dir='ltr'><strong>negotiis</strong></span> <span class='ocrx_word' id='word_1_37' title='bbox 977 1021 1120 1107; x_wconf 88' lang='lat' dir='ltr'><strong>publicis</strong></span> 
     </span>
     <span class='ocr_line' id='line_1_6' title="bbox 11 1117 1120 1205; baseline 0.002 -23"><span class='ocrx_word' id='word_1_38' title='bbox 11 1121 153 1195; x_wconf 68' lang='lat' dir='ltr'><strong>uerendis</strong></span> <span class='ocrx_word' id='word_1_39' title='bbox 176 1123 287 1184; x_wconf 90' lang='lat' dir='ltr'><strong>minus</strong></span> <span class='ocrx_word' id='word_1_40' title='bbox 311 1120 393 1184; x_wconf 87' lang='lat' dir='ltr'><strong>forte</strong></span> <span class='ocrx_word' id='word_1_41' title='bbox 411 1121 543 1202; x_wconf 87' lang='lat' dir='ltr'><strong>versati,</strong></span> <span class='ocrx_word' id='word_1_42' title='bbox 568 1121 687 1205; x_wconf 93' lang='lat' dir='ltr'><strong>partim</strong></span> <span class='ocrx_word' id='word_1_43' title='bbox 714 1119 907 1184; x_wconf 88' lang='lat' dir='ltr'><strong>difficilibus</strong></span> <span class='ocrx_word' id='word_1_44' title='bbox 931 1117 1120 1184; x_wconf 88' lang='lat' dir='ltr'><strong>adscriben-</strong></span> 
     </span>
    </p>

    <p class='ocr_par' dir='ltr' id='par_1_3' title="bbox 12 1217 1121 1304">
     <span class='ocr_line' id='line_1_7' title="bbox 12 1217 1121 1304; baseline 0 -24"><span class='ocrx_word' id='word_1_45' title='bbox 12 1220 80 1281; x_wconf 92' lang='lat' dir='ltr'><strong>dum</strong></span> <span class='ocrx_word' id='word_1_46' title='bbox 106 1231 152 1282; x_wconf 91' lang='lat' dir='ltr'><strong>est</strong></span> <span class='ocrx_word' id='word_1_47' title='bbox 175 1241 285 1282; x_wconf 87' lang='lat' dir='ltr'><strong>rerum</strong></span> <span class='ocrx_word' id='word_1_48' title='bbox 309 1217 485 1303; x_wconf 63' lang='lat' dir='ltr'><strong>adjunctis</strong></span> <span class='ocrx_word' id='word_1_49' title='bbox 511 1240 596 1304; x_wconf 89' lang='lat' dir='ltr'><strong>quae</strong></span> <span class='ocrx_word' id='word_1_50' title='bbox 614 1227 701 1280; x_wconf 87' lang='lat' dir='ltr'><strong>certe</strong></span> <span class='ocrx_word' id='word_1_51' title='bbox 718 1239 759 1280; x_wconf 86' lang='lat' dir='ltr'><strong>ex</strong></span> <span class='ocrx_word' id='word_1_52' title='bbox 774 1219 1031 1283; x_wconf 88' lang='lat' dir='ltr'><strong>commoratione</strong></span> <span class='ocrx_word' id='word_1_53' title='bbox 1051 1217 1121 1303; x_wconf 89' lang='lat' dir='ltr'><strong>ejus</strong></span> 
     </span>
    </p>

    <p class='ocr_par' dir='ltr' id='par_1_4' title="bbox 10 1314 1119 1402">
     <span class='ocr_line' id='line_1_8' title="bbox 10 1314 1119 1402; baseline 0 -24"><span class='ocrx_word' id='word_1_54' title='bbox 10 1320 38 1379; x_wconf 87' lang='lat' dir='ltr'><strong>in</strong></span> <span class='ocrx_word' id='word_1_55' title='bbox 71 1316 178 1381; x_wconf 87' lang='lat' dir='ltr'><strong>Gallia</strong></span> <span class='ocrx_word' id='word_1_56' title='bbox 216 1316 450 1402; x_wconf 82' lang='lat' dir='ltr'><strong>sequebantur.</strong></span> <span class='ocrx_word' id='word_1_57' title='bbox 505 1315 539 1381; x_wconf 86' lang='lat' dir='ltr'><strong>Si</strong></span> <span class='ocrx_word' id='word_1_58' title='bbox 580 1314 737 1380; x_wconf 87' lang='lat' dir='ltr'><strong>videlicet</strong></span> <span class='ocrx_word' id='word_1_59' title='bbox 773 1316 897 1380; x_wconf 88' lang='lat' dir='ltr'><strong>Romae</strong></span> <span class='ocrx_word' id='word_1_60' title='bbox 936 1315 1119 1396; x_wconf 82' lang='lat' dir='ltr'><strong>resedisset,</strong></span> 
     </span>
    </p>

    <p class='ocr_par' dir='ltr' id='par_1_5' title="bbox 10 1413 1121 1599">
     <span class='ocr_line' id='line_1_9' title="bbox 11 1413 1121 1500; baseline 0.002 -24"><span class='ocrx_word' id='word_1_61' title='bbox 11 1417 117 1500; x_wconf 89' lang='lat' dir='ltr'><strong>majori</strong></span> <span class='ocrx_word' id='word_1_62' title='bbox 160 1436 236 1478; x_wconf 84' lang='lat' dir='ltr'><strong>curn</strong></span> <span class='ocrx_word' id='word_1_63' title='bbox 279 1416 475 1478; x_wconf 89' lang='lat' dir='ltr'><strong>auctoritate</strong></span> <span class='ocrx_word' id='word_1_64' title='bbox 521 1413 713 1499; x_wconf 87' lang='lat' dir='ltr'><strong>procedere,</strong></span> <span class='ocrx_word' id='word_1_65' title='bbox 753 1416 927 1499; x_wconf 85' lang='lat' dir='ltr'><strong>minusque</strong></span> <span class='ocrx_word' id='word_1_66' title='bbox 966 1413 1121 1479; x_wconf 88' lang='lat' dir='ltr'><strong>omuibus</strong></span> 
     </span>
     <span class='ocr_line' id='line_1_10' title="bbox 10 1511 1120 1599; baseline 0.001 -24"><span class='ocrx_word' id='word_1_67' title='bbox 10 1513 148 1599; x_wconf 89' lang='lat' dir='ltr'><strong>Philippi</strong></span> <span class='ocrx_word' id='word_1_68' title='bbox 192 1512 515 1598; x_wconf 83' lang='lat' dir='ltr'><strong>expostulationibus</strong></span> <span class='ocrx_word' id='word_1_69' title='bbox 563 1512 689 1575; x_wconf 85' lang='lat' dir='ltr'><strong>deferre</strong></span> <span class='ocrx_word' id='word_1_70' title='bbox 729 1514 897 1597; x_wconf 88' lang='lat' dir='ltr'><strong>potuisset.</strong></span> <span class='ocrx_word' id='word_1_71' title='bbox 946 1511 1120 1576; x_wconf 83' lang='lat' dir='ltr'><strong>Caeterum</strong></span> 
     </span>
    </p>

    <p class='ocr_par' dir='ltr' id='par_1_6' title="bbox 9 1611 1121 1794">
     <span class='ocr_line' id='line_1_11' title="bbox 10 1611 1120 1695; baseline 0.003 -23"><span class='ocrx_word' id='word_1_72' title='bbox 10 1623 39 1673; x_wconf 87' lang='lat' dir='ltr'><strong>ut</strong></span> <span class='ocrx_word' id='word_1_73' title='bbox 73 1611 286 1674; x_wconf 84' lang='lat' dir='ltr'><strong>admittamus</strong></span> <span class='ocrx_word' id='word_1_74' title='bbox 325 1611 522 1674; x_wconf 86' lang='lat' dir='ltr'><strong>sententiam</strong></span> <span class='ocrx_word' id='word_1_75' title='bbox 563 1631 685 1690; x_wconf 87' lang='lat' dir='ltr'><strong>eorum,</strong></span> <span class='ocrx_word' id='word_1_76' title='bbox 736 1612 791 1695; x_wconf 90' lang='lat' dir='ltr'><strong>qui</strong></span> <span class='ocrx_word' id='word_1_77' title='bbox 831 1625 976 1688; x_wconf 88' lang='lat' dir='ltr'><strong>censent,</strong></span> <span class='ocrx_word' id='word_1_78' title='bbox 1019 1612 1120 1675; x_wconf 87' lang='lat' dir='ltr'><strong>Bene·</strong></span> 
     </span>
     <span class='ocr_line' id='line_1_12' title="bbox 9 1705 1121 1794; baseline 0.001 -22"><span class='ocrx_word' id='word_1_79' title='bbox 9 1709 125 1772; x_wconf 88' lang='lat' dir='ltr'><strong>dictum</strong></span> <span class='ocrx_word' id='word_1_80' title='bbox 150 1721 321 1794; x_wconf 85' lang='lat' dir='ltr'><strong>tantopere</strong></span> <span class='ocrx_word' id='word_1_81' title='bbox 349 1732 368 1771; x_wconf 85' lang='lat' dir='ltr'><strong>a</strong></span> <span class='ocrx_word' id='word_1_82' title='bbox 394 1729 470 1792; x_wconf 85' lang='lat' dir='ltr'><strong>rege</strong></span> <span class='ocrx_word' id='word_1_83' title='bbox 492 1705 621 1772; x_wconf 82' lang='lat' dir='ltr'><strong>Galliae</strong></span> <span class='ocrx_word' id='word_1_84' title='bbox 645 1706 852 1793; x_wconf 84' lang='lat' dir='ltr'><strong>dependisse,</strong></span> <span class='ocrx_word' id='word_1_85' title='bbox 884 1722 920 1773; x_wconf 90' lang='lat' dir='ltr'><strong>ut</strong></span> <span class='ocrx_word' id='word_1_86' title='bbox 944 1733 983 1773; x_wconf 80' lang='lat' dir='ltr'><strong>eor</strong></span> <span class='ocrx_word' id='word_1_87' title='bbox 1014 1712 1121 1774; x_wconf 60' lang='lat' dir='ltr'><strong>amore</strong></span> 
     </span>
    </p>

    <p class='ocr_par' dir='ltr' id='par_1_7' title="bbox 10 1806 1121 1892">
     <span class='ocr_line' id='line_1_13' title="bbox 10 1806 1121 1892; baseline 0.004 -27"><span class='ocrx_word' id='word_1_88' title='bbox 10 1807 71 1890; x_wconf 71' lang='lat' dir='ltr'><strong>ejus</strong></span> <span class='ocrx_word' id='word_1_89' title='bbox 101 1829 202 1870; x_wconf 89' lang='lat' dir='ltr'><strong>ausus</strong></span> <span class='ocrx_word' id='word_1_90' title='bbox 233 1828 299 1870; x_wconf 93' lang='lat' dir='ltr'><strong>non</strong></span> <span class='ocrx_word' id='word_1_91' title='bbox 332 1807 432 1869; x_wconf 88' lang='lat' dir='ltr'><strong>fuerit</strong></span> <span class='ocrx_word' id='word_1_92' title='bbox 463 1827 578 1890; x_wconf 90' lang='lat' dir='ltr'><strong>pacem</strong></span> <span class='ocrx_word' id='word_1_93' title='bbox 604 1828 678 1869; x_wconf 91' lang='lat' dir='ltr'><strong>cum</strong></span> <span class='ocrx_word' id='word_1_94' title='bbox 703 1806 876 1872; x_wconf 85' lang='lat' dir='ltr'><strong>Ludovico</strong></span> <span class='ocrx_word' id='word_1_95' title='bbox 902 1808 995 1887; x_wconf 90' lang='lat' dir='ltr'><strong>inire,</strong></span> <span class='ocrx_word' id='word_1_96' title='bbox 1028 1829 1121 1892; x_wconf 85' lang='lat' dir='ltr'><strong>argu·</strong></span> 
     </span>
    </p>

    <p class='ocr_par' dir='ltr' id='par_1_8' title="bbox 10 1905 650 1969">
     <span class='ocr_line' id='line_1_14' title="bbox 10 1905 650 1969; baseline 0.003 -3"><span class='ocrx_word' id='word_1_97' title='bbox 10 1915 110 1969; x_wconf 87' lang='lat' dir='ltr'><strong>menta</strong></span> <span class='ocrx_word' id='word_1_98' title='bbox 136 1905 336 1969; x_wconf 84' lang='lat' dir='ltr'><strong>sufficientia</strong></span> <span class='ocrx_word' id='word_1_99' title='bbox 360 1925 426 1967; x_wconf 91' lang='lat' dir='ltr'><strong>non</strong></span> <span class='ocrx_word' id='word_1_100' title='bbox 452 1906 650 1968; x_wconf 89' lang='lat' dir='ltr'><strong>invenimus.</strong></span> 
     </span>
    </p>

    <p class='ocr_par' dir='ltr' id='par_1_9' title="bbox 8 1999 1126 3556">
     <span class='ocr_line' id='line_1_15' title="bbox 87 1999 1120 2086; baseline -0.001 -20"><span class='ocrx_word' id='word_1_101' title='bbox 87 2003 141 2068; x_wconf 78' lang='lat'><strong>62.</strong></span> <span class='ocrx_word' id='word_1_102' title='bbox 190 2000 302 2081; x_wconf 76' lang='lat' dir='ltr'><strong>Quum</strong></span> <span class='ocrx_word' id='word_1_103' title='bbox 326 2001 528 2065; x_wconf 87' lang='lat' dir='ltr'><strong>Benedictus</strong></span> <span class='ocrx_word' id='word_1_104' title='bbox 559 2003 703 2086; x_wconf 90' lang='lat' dir='ltr'><strong>primum</strong></span> <span class='ocrx_word' id='word_1_105' title='bbox 728 1999 815 2064; x_wconf 88' lang='lat' dir='ltr'><strong>solus</strong></span> <span class='ocrx_word' id='word_1_106' title='bbox 847 2023 922 2064; x_wconf 92' lang='lat' dir='ltr'><strong>cum</strong></span> <span class='ocrx_word' id='word_1_107' title='bbox 949 2001 1120 2066; x_wconf 89' lang='lat' dir='ltr'><strong>Ludovico</strong></span> 
     </span>
     <span class='ocr_line' id='line_1_16' title="bbox 9 2098 1120 2186; baseline 0 -24"><span class='ocrx_word' id='word_1_108' title='bbox 9 2101 42 2162; x_wconf 88' lang='lat' dir='ltr'><strong>dc</strong></span> <span class='ocrx_word' id='word_1_109' title='bbox 69 2123 153 2186; x_wconf 88' lang='lat' dir='ltr'><strong>pace</strong></span> <span class='ocrx_word' id='word_1_110' title='bbox 185 2099 333 2164; x_wconf 88' lang='lat' dir='ltr'><strong>ineunda</strong></span> <span class='ocrx_word' id='word_1_111' title='bbox 364 2110 545 2178; x_wconf 79' lang='lat' dir='ltr'><strong>tractasset,</strong></span> <span class='ocrx_word' id='word_1_112' title='bbox 583 2120 660 2162; x_wconf 86' lang='lat' dir='ltr'><strong>mox</strong></span> <span class='ocrx_word' id='word_1_113' title='bbox 700 2101 746 2162; x_wconf 93' lang='lat' dir='ltr'><strong>uti</strong></span> <span class='ocrx_word' id='word_1_114' title='bbox 780 2120 891 2162; x_wconf 89' lang='lat' dir='ltr'><strong>rumor</strong></span> <span class='ocrx_word' id='word_1_115' title='bbox 924 2098 1120 2185; x_wconf 86' lang='lat' dir='ltr'><strong>percrebuit,</strong></span> 
     </span>
     <span class='ocr_line' id='line_1_17' title="bbox 10 2194 1121 2282; baseline 0.004 -25"><span class='ocrx_word' id='word_1_116' title='bbox 10 2201 80 2262; x_wconf 83' lang='lat' dir='ltr'><strong>rarii</strong></span> <span class='ocrx_word' id='word_1_117' title='bbox 106 2221 203 2281; x_wconf 85' lang='lat' dir='ltr'><strong>reges</strong></span> <span class='ocrx_word' id='word_1_118' title='bbox 228 2209 260 2262; x_wconf 94' lang='lat' dir='ltr'><strong>et</strong></span> <span class='ocrx_word' id='word_1_119' title='bbox 282 2199 460 2282; x_wconf 84' lang='lat' dir='ltr'><strong>principes,</strong></span> <span class='ocrx_word' id='word_1_120' title='bbox 486 2207 522 2262; x_wconf 91' lang='lat' dir='ltr'><strong>ut</strong></span> <span class='ocrx_word' id='word_1_121' title='bbox 547 2194 683 2261; x_wconf 79' lang='lat' dir='ltr'><strong>Carolus</strong></span> <span class='ocrx_word' id='word_1_122' title='bbox 707 2197 912 2282; x_wconf 85' lang='lat' dir='ltr'><strong>Hungariae,</strong></span> <span class='ocrx_word' id='word_1_123' title='bbox 938 2195 1121 2262; x_wconf 81' lang='lat' dir='ltr'><strong>Casimirus</strong></span> 
     </span>
     <span class='ocr_line' id='line_1_18' title="bbox 8 2295 1121 2378; baseline 0 -20"><span class='ocrx_word' id='word_1_124' title='bbox 8 2297 168 2374; x_wconf 87' lang='lat' dir='ltr'><strong>Poloniae,</strong></span> <span class='ocrx_word' id='word_1_125' title='bbox 189 2295 337 2360; x_wconf 80' lang='lat' dir='ltr'><strong>loannes</strong></span> <span class='ocrx_word' id='word_1_126' title='bbox 353 2295 534 2359; x_wconf 87' lang='lat' dir='ltr'><strong>Bohemiae</strong></span> <span class='ocrx_word' id='word_1_127' title='bbox 559 2317 662 2378; x_wconf 84' lang='lat' dir='ltr'><strong>reges,</strong></span> <span class='ocrx_word' id='word_1_128' title='bbox 681 2295 847 2358; x_wconf 89' lang='lat' dir='ltr'><strong>Heuricus</strong></span> <span class='ocrx_word' id='word_1_129' title='bbox 860 2295 1024 2360; x_wconf 86' lang='lat' dir='ltr'><strong>Bavariac</strong></span> <span class='ocrx_word' id='word_1_130' title='bbox 1042 2295 1121 2376; x_wconf 89' lang='lat' dir='ltr'><strong>dux,</strong></span> 
     </span>
     <span class='ocr_line' id='line_1_19' title="bbox 9 2392 1123 2480; baseline 0.002 -24"><span class='ocrx_word' id='word_1_131' title='bbox 9 2408 33 2456; x_wconf 75' lang='lat' dir='ltr'><strong>et</strong></span> <span class='ocrx_word' id='word_1_132' title='bbox 53 2397 234 2480; x_wconf 87' lang='lat' dir='ltr'><strong>praecipue</strong></span> <span class='ocrx_word' id='word_1_133' title='bbox 258 2392 421 2456; x_wconf 87' lang='lat' dir='ltr'><strong>Robertus</strong></span> <span class='ocrx_word' id='word_1_134' title='bbox 445 2392 588 2478; x_wconf 88' lang='lat' dir='ltr'><strong>Apuliae</strong></span> <span class='ocrx_word' id='word_1_135' title='bbox 613 2405 645 2456; x_wconf 89' lang='lat' dir='ltr'><strong>et</strong></span> <span class='ocrx_word' id='word_1_136' title='bbox 668 2392 843 2478; x_wconf 90' lang='lat' dir='ltr'><strong>Philippus</strong></span> <span class='ocrx_word' id='word_1_137' title='bbox 868 2393 996 2458; x_wconf 87' lang='lat' dir='ltr'><strong>Galliae</strong></span> <span class='ocrx_word' id='word_1_138' title='bbox 1028 2416 1123 2479; x_wconf 87' lang='lat' dir='ltr'><strong>reges</strong></span> 
     </span>
     <span class='ocr_line' id='line_1_20' title="bbox 9 2489 1125 2577; baseline 0.002 -24"><span class='ocrx_word' id='word_1_139' title='bbox 9 2491 216 2557; x_wconf 83' lang='lat' dir='ltr'><strong>difficultates</strong></span> <span class='ocrx_word' id='word_1_140' title='bbox 239 2503 271 2554; x_wconf 90' lang='lat' dir='ltr'><strong>et</strong></span> <span class='ocrx_word' id='word_1_141' title='bbox 295 2489 466 2555; x_wconf 89' lang='lat' dir='ltr'><strong>obstacula</strong></span> <span class='ocrx_word' id='word_1_142' title='bbox 483 2501 667 2557; x_wconf 88' lang='lat' dir='ltr'><strong>moverunt.</strong></span> <span class='ocrx_word' id='word_1_143' title='bbox 694 2491 866 2554; x_wconf 87' lang='lat' dir='ltr'><strong>Rationem</strong></span> <span class='ocrx_word' id='word_1_144' title='bbox 884 2501 995 2555; x_wconf 87' lang='lat' dir='ltr'><strong>autem</strong></span> <span class='ocrx_word' id='word_1_145' title='bbox 1011 2513 1125 2577; x_wconf 90' lang='lat' dir='ltr'><strong>quam-</strong></span> 
     </span>
     <span class='ocr_line' id='line_1_21' title="bbox 9 2588 1123 2674; baseline 0.002 -22"><span class='ocrx_word' id='word_1_146' title='bbox 9 2589 72 2655; x_wconf 85' lang='lat' dir='ltr'><strong>dam</strong></span> <span class='ocrx_word' id='word_1_147' title='bbox 105 2613 182 2655; x_wconf 89' lang='lat' dir='ltr'><strong>sese</strong></span> <span class='ocrx_word' id='word_1_148' title='bbox 215 2589 424 2653; x_wconf 87' lang='lat' dir='ltr'><strong>immiscendi</strong></span> <span class='ocrx_word' id='word_1_149' title='bbox 458 2589 503 2653; x_wconf 92' lang='lat' dir='ltr'><strong>illi</strong></span> <span class='ocrx_word' id='word_1_150' title='bbox 536 2591 667 2674; x_wconf 90' lang='lat' dir='ltr'><strong>negotio</strong></span> <span class='ocrx_word' id='word_1_151' title='bbox 693 2588 771 2652; x_wconf 91' lang='lat' dir='ltr'><strong>inde</strong></span> <span class='ocrx_word' id='word_1_152' title='bbox 802 2589 854 2652; x_wconf 92' lang='lat' dir='ltr'><strong>isti</strong></span> <span class='ocrx_word' id='word_1_153' title='bbox 881 2591 1046 2674; x_wconf 85' lang='lat' dir='ltr'><strong>principes</strong></span> <span class='ocrx_word' id='word_1_154' title='bbox 1071 2589 1123 2654; x_wconf 89' lang='lat' dir='ltr'><strong>de·</strong></span> 
     </span>
     <span class='ocr_line' id='line_1_22' title="bbox 9 2687 1123 2774; baseline 0 -23"><span class='ocrx_word' id='word_1_155' title='bbox 9 2711 147 2772; x_wconf 89' lang='lat' dir='ltr'><strong>promere</strong></span> <span class='ocrx_word' id='word_1_156' title='bbox 192 2697 357 2774; x_wconf 89' lang='lat' dir='ltr'><strong>poterant,</strong></span> <span class='ocrx_word' id='word_1_157' title='bbox 397 2687 483 2773; x_wconf 89' lang='lat' dir='ltr'><strong>quod</strong></span> <span class='ocrx_word' id='word_1_158' title='bbox 520 2687 714 2751; x_wconf 88' lang='lat' dir='ltr'><strong>Ludovicus</strong></span> <span class='ocrx_word' id='word_1_159' title='bbox 750 2697 796 2750; x_wconf 90' lang='lat' dir='ltr'><strong>tot</strong></span> <span class='ocrx_word' id='word_1_160' title='bbox 836 2689 1012 2751; x_wconf 89' lang='lat' dir='ltr'><strong>criminum</strong></span> <span class='ocrx_word' id='word_1_161' title='bbox 1049 2710 1123 2752; x_wconf 88' lang='lat' dir='ltr'><strong>reus</strong></span> 
     </span>
     <span class='ocr_line' id='line_1_23' title="bbox 10 2785 1124 2870; baseline -0.001 -20"><span class='ocrx_word' id='word_1_162' title='bbox 10 2785 83 2852; x_wconf 87' lang='lat' dir='ltr'><strong>haud</strong></span> <span class='ocrx_word' id='word_1_163' title='bbox 110 2787 294 2851; x_wconf 86' lang='lat' dir='ltr'><strong>videbatur</strong></span> <span class='ocrx_word' id='word_1_164' title='bbox 316 2788 398 2870; x_wconf 90' lang='lat' dir='ltr'><strong>ipsis</strong></span> <span class='ocrx_word' id='word_1_165' title='bbox 422 2795 458 2848; x_wconf 92' lang='lat' dir='ltr'><strong>ut</strong></span> <span class='ocrx_word' id='word_1_166' title='bbox 480 2785 665 2870; x_wconf 90' lang='lat' dir='ltr'><strong>Imperator</strong></span> <span class='ocrx_word' id='word_1_167' title='bbox 694 2785 990 2870; x_wconf 86' lang='lat' dir='ltr'><strong>praeponendus,¹)</strong></span> <span class='ocrx_word' id='word_1_168' title='bbox 1023 2785 1124 2870; x_wconf 92' lang='lat' dir='ltr'><strong>quod·</strong></span> 
     </span>
     <span class='ocr_line' id='line_1_24' title="bbox 12 2882 1123 2969; baseline 0.001 -23"><span class='ocrx_word' id='word_1_169' title='bbox 12 2907 59 2968; x_wconf 65' lang='lat' dir='ltr'><strong>que</strong></span> <span class='ocrx_word' id='word_1_170' title='bbox 91 2890 125 2950; x_wconf 93' lang='lat' dir='ltr'><strong>in</strong></span> <span class='ocrx_word' id='word_1_171' title='bbox 161 2883 432 2948; x_wconf 87' lang='lat' dir='ltr'><strong>reconciliatione</strong></span> <span class='ocrx_word' id='word_1_172' title='bbox 467 2886 530 2947; x_wconf 89' lang='lat' dir='ltr'><strong>ista</strong></span> <span class='ocrx_word' id='word_1_173' title='bbox 561 2882 660 2947; x_wconf 89' lang='lat' dir='ltr'><strong>rebus</strong></span> <span class='ocrx_word' id='word_1_174' title='bbox 685 2885 752 2948; x_wconf 92' lang='lat' dir='ltr'><strong>suis</strong></span> <span class='ocrx_word' id='word_1_175' title='bbox 785 2904 852 2947; x_wconf 94' lang='lat' dir='ltr'><strong>non</strong></span> <span class='ocrx_word' id='word_1_176' title='bbox 877 2885 955 2947; x_wconf 87' lang='lat' dir='ltr'><strong>satis</strong></span> <span class='ocrx_word' id='word_1_177' title='bbox 979 2885 1123 2969; x_wconf 90' lang='lat' dir='ltr'><strong>prospici</strong></span> 
     </span>
     <span class='ocr_line' id='line_1_25' title="bbox 14 2980 1124 3068; baseline 0.001 -22"><span class='ocrx_word' id='word_1_178' title='bbox 14 2993 194 3048; x_wconf 88' lang='lat' dir='ltr'><strong>netuercnt.</strong></span> <span class='ocrx_word' id='word_1_179' title='bbox 242 2981 298 3046; x_wconf 88' lang='lat' dir='ltr'><strong>Sic</strong></span> <span class='ocrx_word' id='word_1_180' title='bbox 332 2983 510 3068; x_wconf 88' lang='lat' dir='ltr'><strong>praecipue</strong></span> <span class='ocrx_word' id='word_1_181' title='bbox 541 2981 717 3068; x_wconf 87' lang='lat' dir='ltr'><strong>Philippus</strong></span> <span class='ocrx_word' id='word_1_182' title='bbox 755 2980 998 3067; x_wconf 85' lang='lat' dir='ltr'><strong>praeseferebat</strong></span> <span class='ocrx_word' id='word_1_183' title='bbox 1032 2983 1124 3047; x_wconf 90' lang='lat' dir='ltr'><strong>timo-</strong></span> 
     </span>
     <span class='ocr_line' id='line_1_26' title="bbox 15 3078 1123 3165; baseline -0.003 -19"><span class='ocrx_word' id='word_1_184' title='bbox 15 3105 74 3150; x_wconf 74' lang='lat' dir='ltr'><strong>·om.</strong></span> <span class='ocrx_word' id='word_1_185' title='bbox 100 3105 140 3145; x_wconf 84' lang='lat' dir='ltr'><strong>ne</strong></span> <span class='ocrx_word' id='word_1_186' title='bbox 160 3081 314 3144; x_wconf 73' lang='lat' dir='ltr'><strong>Bararus</strong></span> <span class='ocrx_word' id='word_1_187' title='bbox 338 3078 570 3143; x_wconf 88' lang='lat' dir='ltr'><strong>reconciliatus</strong></span> <span class='ocrx_word' id='word_1_188' title='bbox 587 3102 620 3142; x_wconf 89' lang='lat' dir='ltr'><strong>se</strong></span> <span class='ocrx_word' id='word_1_189' title='bbox 637 3079 756 3164; x_wconf 86' lang='lat' dir='ltr'><strong>Anglis</strong></span> <span class='ocrx_word' id='word_1_190' title='bbox 767 3078 924 3165; x_wconf 89' lang='lat' dir='ltr'><strong>jungeret</strong></span> <span class='ocrx_word' id='word_1_191' title='bbox 939 3080 982 3143; x_wconf 86' lang='lat' dir='ltr'><strong>ad</strong></span> <span class='ocrx_word' id='word_1_192' title='bbox 1000 3079 1123 3144; x_wconf 90' lang='lat' dir='ltr'><strong>bellum</strong></span> 
     </span>
     <span class='ocr_line' id='line_1_27' title="bbox 16 3177 1124 3262; baseline -0.002 -18"><span class='ocrx_word' id='word_1_193' title='bbox 16 3177 124 3244; x_wconf 78' lang='lat' dir='ltr'><strong>ialliae</strong></span> <span class='ocrx_word' id='word_1_194' title='bbox 150 3177 375 3243; x_wconf 86' lang='lat' dir='ltr'><strong>inferendum.</strong></span> <span class='ocrx_word' id='word_1_195' title='bbox 424 3179 578 3262; x_wconf 82' lang='lat' dir='ltr'><strong>Aequum</strong></span> <span class='ocrx_word' id='word_1_196' title='bbox 604 3179 705 3262; x_wconf 88' lang='lat' dir='ltr'><strong>igitur</strong></span> <span class='ocrx_word' id='word_1_197' title='bbox 729 3179 838 3242; x_wconf 90' lang='lat' dir='ltr'><strong>visum</strong></span> <span class='ocrx_word' id='word_1_198' title='bbox 863 3187 912 3241; x_wconf 90' lang='lat' dir='ltr'><strong>est</strong></span> <span class='ocrx_word' id='word_1_199' title='bbox 930 3177 1124 3260; x_wconf 87' lang='lat' dir='ltr'><strong>Benedict0,</strong></span> 
     </span>
     <span class='ocr_line' id='line_1_28' title="bbox 18 3273 1125 3362; baseline 0 -22"><span class='ocrx_word' id='word_1_200' title='bbox 18 3293 36 3340; x_wconf 85' lang='lat' dir='ltr'><strong>u</strong></span> <span class='ocrx_word' id='word_1_201' title='bbox 58 3281 87 3342; x_wconf 93' lang='lat' dir='ltr'><strong>in</strong></span> <span class='ocrx_word' id='word_1_202' title='bbox 113 3277 252 3360; x_wconf 87' lang='lat' dir='ltr'><strong>negotio</strong></span> <span class='ocrx_word' id='word_1_203' title='bbox 277 3273 332 3339; x_wconf 90' lang='lat' dir='ltr'><strong>illo</strong></span> <span class='ocrx_word' id='word_1_204' title='bbox 358 3275 530 3339; x_wconf 81' lang='lat' dir='ltr'><strong>tractando</strong></span> <span class='ocrx_word' id='word_1_205' title='bbox 555 3274 714 3361; x_wconf 91' lang='lat' dir='ltr'><strong>quasdam</strong></span> <span class='ocrx_word' id='word_1_206' title='bbox 740 3285 848 3360; x_wconf 88' lang='lat' dir='ltr'><strong>partes</strong></span> <span class='ocrx_word' id='word_1_207' title='bbox 871 3274 1026 3362; x_wconf 94' lang='lat' dir='ltr'><strong>Philippo</strong></span> <span class='ocrx_word' id='word_1_208' title='bbox 1051 3298 1125 3340; x_wconf 92' lang='lat' dir='ltr'><strong>con-</strong></span> 
     </span>
     <span class='ocr_line' id='line_1_29' title="bbox 19 3373 1126 3459; baseline -0.003 -19"><span class='ocrx_word' id='word_1_209' title='bbox 19 3377 137 3455; x_wconf 78' lang='lat' dir='ltr'><strong>aieret,</strong></span> <span class='ocrx_word' id='word_1_210' title='bbox 166 3384 202 3438; x_wconf 89' lang='lat' dir='ltr'><strong>et</strong></span> <span class='ocrx_word' id='word_1_211' title='bbox 225 3375 329 3458; x_wconf 87' lang='lat' dir='ltr'><strong>ipsius</strong></span> <span class='ocrx_word' id='word_1_212' title='bbox 346 3375 515 3438; x_wconf 88' lang='lat' dir='ltr'><strong>securitati</strong></span> <span class='ocrx_word' id='word_1_213' title='bbox 540 3385 571 3436; x_wconf 90' lang='lat' dir='ltr'><strong>et</strong></span> <span class='ocrx_word' id='word_1_214' title='bbox 595 3373 769 3438; x_wconf 91' lang='lat' dir='ltr'><strong>commodo</strong></span> <span class='ocrx_word' id='word_1_215' title='bbox 782 3373 982 3459; x_wconf 88' lang='lat' dir='ltr'><strong>provideret.</strong></span> <span class='ocrx_word' id='word_1_216' title='bbox 1011 3373 1126 3438; x_wconf 84' lang='lat' dir='ltr'><strong>Facile</strong></span> 
     </span>
     <span class='ocr_line' id='line_1_30' title="bbox 20 3469 1125 3556; baseline 0.002 -18"><span class='ocrx_word' id='word_1_217' title='bbox 20 3475 104 3538; x_wconf 77' lang='lat' dir='ltr'><strong>tuem</strong></span> <span class='ocrx_word' id='word_1_218' title='bbox 139 3469 318 3555; x_wconf 82' lang='lat' dir='ltr'><strong>intelliges.</strong></span> <span class='ocrx_word' id='word_1_219' title='bbox 352 3470 443 3535; x_wconf 92' lang='lat' dir='ltr'><strong>illum</strong></span> <span class='ocrx_word' id='word_1_220' title='bbox 468 3493 591 3556; x_wconf 85' lang='lat' dir='ltr'><strong>regem,</strong></span> <span class='ocrx_word' id='word_1_221' title='bbox 627 3474 674 3536; x_wconf 91' lang='lat' dir='ltr'><strong>uti</strong></span> <span class='ocrx_word' id='word_1_222' title='bbox 705 3472 774 3536; x_wconf 91' lang='lat' dir='ltr'><strong>fieri</strong></span> <span class='ocrx_word' id='word_1_223' title='bbox 799 3472 890 3554; x_wconf 90' lang='lat' dir='ltr'><strong>solet,</strong></span> <span class='ocrx_word' id='word_1_224' title='bbox 920 3475 1065 3537; x_wconf 84' lang='lat' dir='ltr'><strong>maxime</strong></span> <span class='ocrx_word' id='word_1_225' title='bbox 1088 3473 1125 3540; x_wconf 87' lang='lat' dir='ltr'><strong>in</strong></span> 
     </span>
    </p>

    <p class='ocr_par' dir='ltr' id='par_1_10' title="bbox 81 3569 1124 3655">
     <span class='ocr_line' id='line_1_31' title="bbox 81 3569 1124 3655; baseline 0.002 -19"><span class='ocrx_word' id='word_1_226' title='bbox 81 3596 115 3636; x_wconf 89' lang='lat' dir='ltr'><strong>re</strong></span> <span class='ocrx_word' id='word_1_227' title='bbox 141 3592 223 3636; x_wconf 88' lang='lat' dir='ltr'><strong>suas</strong></span> <span class='ocrx_word' id='word_1_228' title='bbox 249 3569 406 3634; x_wconf 88' lang='lat' dir='ltr'><strong>utilitates</strong></span> <span class='ocrx_word' id='word_1_229' title='bbox 424 3580 598 3655; x_wconf 90' lang='lat' dir='ltr'><strong>spectasse.</strong></span> <span class='ocrx_word' id='word_1_230' title='bbox 626 3609 667 3618; x_wconf 89' lang='lat'><strong>—-</strong></span> <span class='ocrx_word' id='word_1_231' title='bbox 691 3569 869 3654; x_wconf 85' lang='lat' dir='ltr'><strong>Negotium</strong></span> <span class='ocrx_word' id='word_1_232' title='bbox 885 3573 987 3655; x_wconf 87' lang='lat' dir='ltr'><strong>igitur</strong></span> <span class='ocrx_word' id='word_1_233' title='bbox 1002 3594 1045 3637; x_wconf 86' lang='lat' dir='ltr'><strong>ex</strong></span> <span class='ocrx_word' id='word_1_234' title='bbox 1060 3569 1124 3638; x_wconf 86' lang='lat' dir='ltr'><strong>hac</strong></span> 
     </span>
    </p>

    <p class='ocr_par' dir='ltr' id='par_1_11' title="bbox 47 3669 1125 3948">
     <span class='ocr_line' id='line_1_32' title="bbox 47 3669 1125 3755; baseline 0.002 -21"><span class='ocrx_word' id='word_1_235' title='bbox 47 3673 209 3734; x_wconf 80' lang='lat' dir='ltr'><strong>mixtione</strong></span> <span class='ocrx_word' id='word_1_236' title='bbox 236 3669 439 3753; x_wconf 89' lang='lat' dir='ltr'><strong>principum,</strong></span> <span class='ocrx_word' id='word_1_237' title='bbox 468 3669 613 3755; x_wconf 90' lang='lat' dir='ltr'><strong>primum</strong></span> <span class='ocrx_word' id='word_1_238' title='bbox 637 3690 741 3732; x_wconf 85' lang='lat' dir='ltr'><strong>novas</strong></span> <span class='ocrx_word' id='word_1_239' title='bbox 766 3669 926 3754; x_wconf 89' lang='lat' dir='ltr'><strong>quasdam</strong></span> <span class='ocrx_word' id='word_1_240' title='bbox 950 3693 990 3734; x_wconf 91' lang='lat' dir='ltr'><strong>ac</strong></span> <span class='ocrx_word' id='word_1_241' title='bbox 1013 3673 1125 3736; x_wconf 87' lang='lat' dir='ltr'><strong>varias</strong></span> 
     </span>
     <span class='ocr_line' id='line_1_33' title="bbox 48 3763 1125 3845; baseline 0.001 -13"><span class='ocrx_word' id='word_1_242' title='bbox 48 3768 212 3832; x_wconf 86' lang='lat' dir='ltr'><strong>ficultates</strong></span> <span class='ocrx_word' id='word_1_243' title='bbox 254 3764 380 3832; x_wconf 90' lang='lat' dir='ltr'><strong>habuit.</strong></span> <span class='ocrx_word' id='word_1_244' title='bbox 428 3763 540 3845; x_wconf 78' lang='lat' dir='ltr'><strong>Quum</strong></span> <span class='ocrx_word' id='word_1_245' title='bbox 573 3768 681 3830; x_wconf 89' lang='lat' dir='ltr'><strong>nuntii</strong></span> <span class='ocrx_word' id='word_1_246' title='bbox 718 3766 885 3830; x_wconf 90' lang='lat' dir='ltr'><strong>Ludovici</strong></span> <span class='ocrx_word' id='word_1_247' title='bbox 924 3771 1125 3833; x_wconf 88' lang='lat' dir='ltr'><strong>necessarias</strong></span> 
     </span>
     <span class='ocr_line' id='line_1_34' title="bbox 52 3863 1123 3948; baseline -0.002 -17"><span class='ocrx_word' id='word_1_248' title='bbox 52 3868 170 3932; x_wconf 81' lang='lat' dir='ltr'><strong>uitates</strong></span> <span class='ocrx_word' id='word_1_249' title='bbox 203 3863 248 3928; x_wconf 90' lang='lat' dir='ltr'><strong>ad</strong></span> <span class='ocrx_word' id='word_1_250' title='bbox 273 3885 386 3928; x_wconf 89' lang='lat' dir='ltr'><strong>omncs</strong></span> <span class='ocrx_word' id='word_1_251' title='bbox 411 3864 615 3929; x_wconf 87' lang='lat' dir='ltr'><strong>conditiones</strong></span> <span class='ocrx_word' id='word_1_252' title='bbox 651 3865 814 3930; x_wconf 90' lang='lat' dir='ltr'><strong>ineundas</strong></span> <span class='ocrx_word' id='word_1_253' title='bbox 838 3864 928 3929; x_wconf 90' lang='lat' dir='ltr'><strong>haud</strong></span> <span class='ocrx_word' id='word_1_254' title='bbox 952 3864 1123 3948; x_wconf 86' lang='lat' dir='ltr'><strong>haberent,</strong></span> 
     </span>
    </p>
   </div>
   <div class='ocr_carea' id='block_1_3' title="bbox 61 4051 1124 4446">
    <p class='ocr_par' dir='ltr' id='par_1_12' title="bbox 61 4051 1124 4446">
     <span class='ocr_line' id='line_1_35' title="bbox 69 4051 1122 4126; baseline -0.003 -17"><span class='ocrx_word' id='word_1_255' title='bbox 69 4059 89 4126; x_wconf 83' lang='lat'><strong>¹)</strong></span> <span class='ocrx_word' id='word_1_256' title='bbox 110 4057 192 4122; x_wconf 83' lang='lat' dir='ltr'><strong>,Rex</strong></span> <span class='ocrx_word' id='word_1_257' title='bbox 211 4051 345 4105; x_wconf 82' lang='lat' dir='ltr'><strong>Franciae</strong></span> <span class='ocrx_word' id='word_1_258' title='bbox 364 4055 392 4104; x_wconf 88' lang='lat' dir='ltr'><strong>et</strong></span> <span class='ocrx_word' id='word_1_259' title='bbox 411 4065 460 4105; x_wconf 83' lang='lat' dir='ltr'><strong>rex</strong></span> <span class='ocrx_word' id='word_1_260' title='bbox 478 4051 586 4105; x_wconf 84' lang='lat' dir='ltr'><strong>Siciliae</strong></span> <span class='ocrx_word' id='word_1_261' title='bbox 611 4067 702 4105; x_wconf 89' lang='lat' dir='ltr'><strong>omnes</strong></span> <span class='ocrx_word' id='word_1_262' title='bbox 721 4052 799 4118; x_wconf 90' lang='lat' dir='ltr'><strong>quasi</strong></span> <span class='ocrx_word' id='word_1_263' title='bbox 817 4051 975 4106; x_wconf 80' lang='lat' dir='ltr'><strong>cardinales</strong></span> <span class='ocrx_word' id='word_1_264' title='bbox 995 4067 1011 4105; x_wconf 86' lang='lat' dir='ltr'><strong>a</strong></span> <span class='ocrx_word' id='word_1_265' title='bbox 1029 4067 1122 4119; x_wconf 90' lang='lat' dir='ltr'><strong>propo·</strong></span> 
     </span>
     <span class='ocr_line' id='line_1_36' title="bbox 67 4135 1123 4200; baseline -0.007 -8"><span class='ocrx_word' id='word_1_266' title='bbox 67 4137 233 4192; x_wconf 75' lang='lat' dir='ltr'><strong>averterant</strong></span> <span class='ocrx_word' id='word_1_267' title='bbox 252 4135 453 4200; x_wconf 84' lang='lat' dir='ltr'><strong>praeconcepto,</strong></span> <span class='ocrx_word' id='word_1_268' title='bbox 479 4175 538 4191; x_wconf 86' lang='grc'><strong>..,</strong></span> <span class='ocrx_word' id='word_1_269' title='bbox 562 4137 748 4198; x_wconf 84' lang='lat' dir='ltr'><strong>proponentes,</strong></span> <span class='ocrx_word' id='word_1_270' title='bbox 773 4146 914 4186; x_wconf 86' lang='lat' dir='ltr'><strong>erroneum</strong></span> <span class='ocrx_word' id='word_1_271' title='bbox 932 4147 990 4186; x_wconf 86' lang='lat' dir='ltr'><strong>esse</strong></span> <span class='ocrx_word' id='word_1_272' title='bbox 1015 4136 1123 4185; x_wconf 84' lang='lat' dir='ltr'><strong>tantum</strong></span> 
     </span>
     <span class='ocr_line' id='line_1_37' title="bbox 61 4209 1124 4280; baseline -0.007 -8"><span class='ocrx_word' id='word_1_273' title='bbox 61 4216 214 4272; x_wconf 66' lang='lat' dir='ltr'><strong>aiarchsm</strong></span> <span class='ocrx_word' id='word_1_274' title='bbox 233 4227 399 4280; x_wconf 82' lang='lat' dir='ltr'><strong>praeponere</strong></span> <span class='ocrx_word' id='word_1_275' title='bbox 416 4212 531 4266; x_wconf 86' lang='lat' dir='ltr'><strong>dominis</strong></span> <span class='ocrx_word' id='word_1_276' title='bbox 551 4227 642 4266; x_wconf 90' lang='lat' dir='ltr'><strong>eorum</strong></span> <span class='ocrx_word' id='word_1_277' title='bbox 661 4209 797 4267; x_wconf 84' lang='lat' dir='ltr'><strong>Ecclesiae</strong></span> <span class='ocrx_word' id='word_1_278' title='bbox 815 4211 985 4273; x_wconf 84' lang='lat' dir='ltr'><strong>fidelissimis,</strong></span> <span class='ocrx_word' id='word_1_279' title='bbox 1011 4212 1124 4280; x_wconf 89' lang='lat' dir='ltr'><strong>Papam-</strong></span> 
     </span>
     <span class='ocr_line' id='line_1_38' title="bbox 66 4291 1124 4360; baseline -0.008 -8"><span class='ocrx_word' id='word_1_280' title='bbox 66 4313 161 4352; x_wconf 80' lang='lat' dir='ltr'><strong>casere</strong></span> <span class='ocrx_word' id='word_1_281' title='bbox 182 4293 291 4356; x_wconf 86' lang='lat' dir='ltr'><strong>debere,</strong></span> <span class='ocrx_word' id='word_1_282' title='bbox 316 4307 350 4346; x_wconf 87' lang='lat' dir='ltr'><strong>ne</strong></span> <span class='ocrx_word' id='word_1_283' title='bbox 370 4291 461 4346; x_wconf 81' lang='lat' dir='ltr'><strong>fautor</strong></span> <span class='ocrx_word' id='word_1_284' title='bbox 480 4291 676 4346; x_wconf 86' lang='lat' dir='ltr'><strong>baereticorum</strong></span> <span class='ocrx_word' id='word_1_285' title='bbox 695 4293 855 4348; x_wconf 58' lang='lat' dir='ltr'><strong>diceretur</strong></span> <span class='ocrx_word' id='word_1_286' title='bbox 896 4292 999 4349; x_wconf 86' lang='lat' dir='ltr'><strong>Albert.</strong></span> <span class='ocrx_word' id='word_1_287' title='bbox 1019 4295 1124 4360; x_wconf 82' lang='lat' dir='ltr'><strong>Argen·</strong></span> 
     </span>
     <span class='ocr_line' id='line_1_39' title="bbox 65 4372 501 4446; baseline -0.007 -19"><span class='ocrx_word' id='word_1_288' title='bbox 65 4395 105 4446; x_wconf 77' lang='lat' dir='ltr'><strong>ap,</strong></span> <span class='ocrx_word' id='word_1_289' title='bbox 126 4372 267 4442; x_wconf 82' lang='lat' dir='ltr'><strong>Raynaid.</strong></span> <span class='ocrx_word' id='word_1_290' title='bbox 288 4387 312 4426; x_wconf 89' lang='lat' dir='ltr'><strong>a.</strong></span> <span class='ocrx_word' id='word_1_291' title='bbox 334 4373 410 4428; x_wconf 77' lang='lat'><strong>1335.</strong></span> <span class='ocrx_word' id='word_1_292' title='bbox 430 4390 455 4433; x_wconf 62' lang='lat' dir='ltr'><strong>n.</strong></span> <span class='ocrx_word' id='word_1_293' title='bbox 477 4373 501 4426; x_wconf 90' lang='lat'><strong>6.</strong></span> 
     </span>
    </p>
   </div>
   <div class='ocr_carea' id='block_1_4' title="bbox 967 4463 1018 4517">
    <p class='ocr_par' dir='ltr' id='par_1_13' title="bbox 967 4463 1018 4517">
     <span class='ocr_line' id='line_1_40' title="bbox 967 4463 1018 4517; baseline 0 0"><span class='ocrx_word' id='word_1_294' title='bbox 967 4463 1018 4517; x_wconf 75' lang='lat'><strong>14*</strong></span> 
     </span>
    </p>
   </div>
   <div class='ocr_carea' id='block_1_5' title="bbox 0 0 1433 4834">
    <p class='ocr_par' dir='ltr' id='par_1_14' title="bbox 0 0 1433 4834">
     <span class='ocr_line' id='line_1_41' title="bbox 0 0 1433 4834; baseline 0 0"><span class='ocrx_word' id='word_1_295' title='bbox 0 0 1433 4834; x_wconf 95' lang='lat' dir='ltr'><strong> </strong></span> 
     </span>
    </p>
   </div>
  </div>
 </body>
</html>
