2814 4848
148 575 256 616 Edictum

131 637 268 678 Veronense.

292 431 345 486 852
453 432 568 486 XXVII.
587 433 628 488 De
647 433 748 490 haeres.
767 434 934 502 repressione
952 448 983 488 ac
1001 433 1034 488 de
1053 431 1248 488 Decretalibus.

293 573 346 638 Ibi
370 597 390 638 a
413 574 574 640 Pontifice
591 577 760 642 decretum
777 599 835 642 seu
853 575 982 641 &notio
997 576 1156 661 pomerolis
1172 585 1287 640 contra
1301 595 1396 638 omnes

293 671 476 737 haereticos
500 673 590 739 edita
614 685 672 758 est,
703 674 793 761 quod
816 674 952 760 quidem
977 674 1122 738 edictum
1155 672 1252 738 valde
1277 671 1396 738 celebre.

293 770 327 834 in
351 769 433 834 Jure
457 773 616 837 canonico
640 775 802 838 insertum
826 773 1009 858 habetur.¹)
1059 773 1131 836 Hoc
1155 771 1301 836 edietum
1325 767 1396 854 quod

292 869 410 954 incipit
432 869 486 933 Aa
500 870 699 950 abolendam,
723 871 829 956 legem
848 873 1020 935 constituit
1034 870 1293 935 eeclesiasticam
1316 864 1396 930 simul

291 976 324 1029 et
348 966 491 1047 civilem,
516 991 617 1054 quum
643 973 743 1034 etiam
767 971 953 1054 Imperator
980 969 1051 1055 ejus
1075 967 1295 1054 publicationi
1319 987 1396 1028 suun

292 1065 486 1149 suffragium
524 1068 724 1134 contulisset.
784 1067 960 1153 „Ideoque
993 1068 1040 1131 ait
1070 1065 1235 1146 Pontifex,
1272 1085 1330 1128 nos
1352 1061 1396 1125 filii

291 1164 392 1227 nostri
417 1165 577 1229 carissimi
604 1165 765 1230 Friderici
796 1165 930 1230 illustris
954 1165 1178 1230 Romanorum
1202 1161 1396 1247 imperatoris

291 1281 421 1345 semper
453 1262 596 1346 Augusti
627 1266 816 1348 praesentia
846 1265 969 1349 pariter
999 1273 1031 1326 et
1059 1263 1173 1345 vigore
1206 1260 1340 1339 suffulti,
1369 1257 1396 1320 ds

292 1361 460 1422 communi
484 1360 623 1424 fratrum
656 1373 842 1426 nostrorum
873 1360 1021 1440 consilio,
1055 1381 1183 1424 necnon
1216 1368 1249 1422 et
1277 1358 1396 1422 aliomn

199 1473 203 1481 ·
291 1456 554 1539 patriarcharum
590 1470 622 1521 et
651 1458 987 1544 archiepiscoporum,
1020 1457 1265 1542 multorumque
1298 1455 1396 1541 princi<

291 1574 381 1637 pum,
415 1556 472 1639 qui
496 1555 537 1620 de
569 1555 710 1620 diversis
741 1557 856 1621 mundi
881 1557 1031 1643 partibus
1056 1557 1271 1636 conveniunt,
1304 1570 1396 1618 contro

292 1652 381 1735 ipsos
404 1652 597 1736 haereticos,
629 1653 751 1739 quibus
779 1654 912 1719 diversa
935 1652 1100 1718 vocabula
1131 1652 1338 1717 diversarum
1367 1653 1396 1712 iu

292 1746 379 1812 didit
393 1750 552 1834 professio
576 1752 768 1838 falsitatum,
792 1754 975 1838 praesentis
999 1751 1123 1816 decreti
1147 1752 1321 1816 sanctione
1342 1769 1396 1812 con

292 1849 467 1931 surgimus,
492 1861 525 1913 et
548 1871 678 1916 omnem
704 1849 867 1915 haeresim
884 1851 1029 1936 generali
1047 1872 1260 1936 quocumque
1285 1851 1396 1915 nomint

293 1955 475 2026 censeatur,
500 1969 560 2033 per
582 1947 773 2035 hujusmodi
798 1950 1042 2013 constitutionis
1070 1951 1188 2013 seriem
1220 1950 1396 2012 auctoritati

293 2041 484 2129 Apostolica
508 2047 798 2113 condemnamus.“
849 2046 951 2112 Varia
979 2047 1056 2112 dein
1089 2047 1200 2133 quoad
1233 2046 1396 2112 haereticos

292 2159 471 2227 eorumque
503 2143 647 2208 fautores
671 2154 869 2209 statuuntur.
923 2146 1015 2208 Inter
1037 2145 1104 2209 alia
1127 2145 1328 2220 decernitur,
1360 2161 1396 2208 ,ut

293 2239 494 2326 quicumque
519 2244 695 2307 manifeste
719 2244 843 2308 fuerint
865 2245 899 2307 in
925 2243 1052 2307 haeresi
1070 2243 1282 2329 deprehensi,
1306 2245 1333 2306 si
1355 2241 1396 2303 cic

292 2336 380 2400 ricem
404 2349 461 2420 est,
492 2340 545 2404 vel
579 2342 756 2428 cujuslibet
784 2342 954 2426 religionis
978 2341 1232 2407 obumbratione
1261 2341 1396 2406 fliscatusi

292 2435 392 2498 totius
408 2435 622 2504 ecclesiastici
633 2441 758 2504 ordinis
773 2441 1005 2526 praerogativa
1023 2440 1175 2522 nudetur,
1201 2449 1233 2503 et
1255 2440 1304 2503 sic
1327 2459 1395 2500 omn:

292 2530 1395 2623 officioetbeneliciospoliatusecclesiastico,saecularisrelinquetui

292 2629 428 2694 arbitrio
455 2638 633 2716 potestatis,
658 2637 948 2701 animadversione
972 2635 1085 2700 debite
1109 2636 1321 2721 puniendus:
1351 2627 1395 2696 nis

293 2729 449 2794 continuo
474 2743 546 2815 post
569 2733 866 2819 deprehensionem
898 2736 1017 2798 erroris
1049 2734 1091 2798 ad
1123 2732 1201 2797 fidei
1232 2733 1394 2798 catholica

292 2827 453 2892 unitatem
477 2840 593 2914 sponte
617 2853 795 2913 recurrere,
827 2842 860 2895 et
882 2853 1026 2895 errorem
1050 2853 1146 2896 suum
1170 2833 1214 2896 ad
1239 2832 1394 2896 arbitrium

292 2925 437 3010 episcopi
462 2929 605 3012 regionis
622 2929 754 3013 publice
771 2931 973 2993 consenserit
988 2929 1142 3015 abjurare
1166 2943 1199 2994 et
1222 2931 1393 2996 satisfactio

292 3041 366 3086 nem
392 3045 572 3109 congruam
588 3026 755 3095 exhibere.
794 3028 916 3090 Laicus
932 3037 1042 3090 autem
1059 3031 1133 3110 nisi,
1159 3033 1273 3113 (prout
1291 3029 1393 3092 dictnu

292 3120 365 3205 est),
397 3123 549 3210 abjurata
574 3125 700 3189 haeresi
727 3136 759 3190 et
789 3126 1015 3190 satisfactione
1048 3125 1209 3206 exhibita,
1243 3127 1392 3190 confestin

292 3217 334 3282 ad
359 3221 458 3286 fidem
476 3224 661 3307 confugerit
676 3224 905 3304 orthodoxam,
931 3223 1109 3287 saecularis
1128 3224 1256 3308 judicis
1280 3223 1392 3289 arbitri<

292 3316 507 3404 relinquatur,
537 3321 683 3386 debitam
707 3333 900 3406 recepturus
924 3343 981 3406 pro
1006 3320 1166 3407 qualitate
1189 3322 1346 3386 facinoris
1368 3317 1392 3380 ul

292 3417 447 3482 tionem.“
473 3457 516 3466 -
540 3420 713 3505 Principes
737 3442 842 3505 porro,
873 3421 1026 3482 civitates
1050 3429 1082 3482 et
1106 3419 1289 3504 praesules,
1321 3421 1391 3480 inter

292 3516 425 3580 minatis
450 3519 551 3581 variis
575 3521 691 3603 poenis
714 3517 946 3582 ecclesiasticis
967 3516 1021 3580 vel
1045 3515 1201 3580 civilibus
1217 3517 1391 3601 obligantur

292 3623 328 3676 ut
359 3625 473 3678 contra
510 3615 692 3679 haereticos
728 3614 911 3679 secundum
949 3624 1071 3678 statuta
1103 3614 1187 3678 haec
1223 3613 1390 3700 procedent

292 3711 543 3800 Ecclesiamque
560 3723 675 3777 contra
692 3713 874 3777 haereticos
891 3723 1055 3779 tueantur.
1080 3751 1123 3760 —
1148 3713 1287 3777 Summa
1306 3725 1390 3774 auten

291 3813 471 3875 attentione
496 3811 634 3896 dignum
651 3824 709 3892 est,
733 3811 796 3876 hoc
813 3811 945 3876 decreto
970 3813 1069 3874 etiam
1094 3811 1329 3896 inquisitionem
1351 3799 1390 3890 epi

291 3933 455 3996 scaporum
479 3921 592 3973 contra
616 3909 799 3973 haereticos
823 3911 1009 3973 institutam
1034 3921 1067 3972 et
1090 3908 1278 3972 ordinatam
1306 3907 1389 3970 fuisse

291 4101 323 4108 .-
377 4103 388 4108 -
440 4101 503 4106 ---

366 4214 384 4280 ¹)
405 4213 510 4268 Deerat.
531 4211 613 4280 Greg.
634 4211 663 4266 L.
684 4211 716 4264 V.
737 4211 781 4264 tit.
801 4211 856 4264 Vll
883 4227 905 4266 c.
924 4211 949 4263 9.
