2858 4834
305 385 357 438 190
537 381 621 434 XXV.
643 382 681 434 lte
700 396 820 448 causas.
841 378 957 431 Thomas
977 379 1188 432 i'antuariensis.

394 529 446 593 36.
496 524 614 606 Quoad
641 522 785 588 indolem
811 523 1054 585 controversiae
1078 525 1178 586 etiarn
1204 523 1286 586 baec
1311 546 1411 610 oppor-

302 635 382 688 tune
406 624 634 688 advertuntur.
681 619 863 684 Indubium
887 629 945 700 est,
978 622 1013 683 ia
1037 631 1178 686 concreto
1209 621 1317 708 quoad
1350 625 1412 684 arti·

303 721 394 785 culos
418 719 702 785 Clarendonenses
733 727 766 783 et
795 720 977 803 generatim
1014 718 1123 804 quoad
1155 741 1316 784 conamen
1339 719 1413 803 regis

302 818 543 884 subordinandi
568 817 752 904 Ecclesiam
785 827 817 879 et
841 815 911 900 ejus
935 839 986 879 res
1010 839 1048 880 ao
1075 837 1230 901 personas
1254 817 1411 881 absolutae

301 939 380 980 suae
405 917 638 996 dominationi,
672 935 801 979 summo
827 914 903 998 jure
927 936 1121 999 summoque
1145 918 1261 980 merito
1286 939 1311 979 s.
1336 939 1412 1001 prae-

301 1014 405 1079 sulem
439 1024 505 1078 toto
538 1023 669 1099 pectore
702 1035 736 1076 sc
759 1013 904 1098 principi
940 1015 1140 1096 opposuisse.
1181 1053 1222 1061 —
1264 1014 1339 1078 Alia
1372 1029 1410 1076 est

302 1115 460 1198 quaestio,
485 1122 595 1176 utrum
619 1111 703 1174 forte
727 1133 751 1174 s.
776 1109 922 1173 Thomas
946 1120 978 1174 et
1001 1110 1148 1174 loannes
1172 1111 1411 1176 Sarisbericnsi

301 1211 410 1296 quoad
441 1210 606 1295 principia
640 1207 681 1272 de
705 1218 865 1293 potestate
896 1217 929 1271 et
962 1211 1221 1292 praeeminentia
1254 1210 1411 1274 Ecclesiae

300 1307 539 1394 aliquantisper
562 1308 771 1370 excesserint.
811 1304 934 1370 Scribit
954 1305 1027 1369 Em.
1049 1307 1293 1392 Hergcnrbther
1318 1309 1410 1373 videri

301 1416 476 1490 utrumque
507 1406 652 1467 tenuisse
684 1404 882 1467 sententiam
915 1402 955 1466 de
980 1404 1101 1468 directa
1125 1417 1286 1490 potestate
1313 1407 1410 1471 Eccle-

301 1507 367 1568 siae
392 1515 425 1567 et
440 1503 478 1567 R.
496 1501 667 1566 Pontificis
691 1503 725 1564 in
751 1499 943 1586 temporalia
968 1507 1125 1584 regam,¹)
1150 1527 1234 1589 quae
1259 1509 1409 1570 sententia

302 1625 321 1665 a
351 1601 515 1686 plerisque
545 1598 685 1663 habetur
724 1609 760 1662 ut
791 1610 999 1684 exaggerata.
1042 1639 1083 1648 -
1124 1601 1167 1663 At
1204 1605 1237 1666 in
1276 1605 1410 1689 epistolis

128 1773 140 1802 ι
153 1699 326 1804 ffifflsss.
343 1698 491 1763 Thomac
514 1719 574 1784 per
597 1720 631 1762 se
655 1697 696 1762 de
720 1697 785 1762 lrac
808 1700 1000 1783 quaestione
1027 1700 1212 1766 nallatenus
1236 1711 1353 1790 agitur.
1380 1715 1409 1776 ln

142 1791 282 1876 naama.
302 1799 373 1884 ejus
411 1799 499 1860 enim
537 1796 594 1860 lite
633 1819 709 1860 cum
749 1817 826 1879 rege
850 1797 995 1862 chrico
1035 1798 1196 1883 agebatur
1220 1805 1261 1868 dc
1288 1807 1409 1892 juribus

179 1893 244 1928 '²²²⁸'
303 1895 530 1981 spiritualibus
542 1895 712 1958 Ecclesiae
737 1904 769 1958 ct
793 1893 834 1958 dc
859 1894 958 1958 rebus
982 1899 1105 1974 mixtis,
1131 1900 1163 1962 in
1190 1904 1311 1986 quibus
1335 1926 1408 1973 certo

301 1991 470 2057 Ecclesiae
510 1995 771 2078 praeeminentia
810 2004 842 2054 et
880 2015 1034 2078 suprema
1072 2007 1214 2081 potestas
1255 2011 1407 2074 convenit.

299 2091 442 2154 Tantum
469 2113 527 2176 per
551 2090 701 2155 incidens
726 2093 826 2174 igitur
851 2113 917 2154 una
941 2091 1085 2156 alterave
1101 2101 1264 2162 sententia
1289 2103 1322 2165 in
1338 2103 1407 2169 litte·

298 2191 342 2252 ris
374 2212 398 2253 s.
423 2188 571 2253 Thomas
605 2190 764 2266 occurrit,
804 2211 846 2251 ex
880 2211 945 2273 qua
975 2190 1058 2254 lortc
1090 2192 1198 2278 colligi
1232 2200 1335 2280 possit
1362 2203 1406 2266 illa

297 2289 419 2370 opinio.
453 2285 606 2350 Citantur
628 2308 667 2348 ea
693 2285 794 2349 verba
818 2309 842 2353 s.
859 2287 1008 2350 Thomae
1032 2289 1075 2352 ad
1092 2290 1275 2358 Hernicum
1293 2320 1407 2378 regem:

299 2384 440 2447 Ecclesia
464 2385 545 2446 enim
569 2385 633 2446 Dei
655 2385 688 2446 ia
713 2384 834 2447 dachas
857 2396 980 2448 coastat
1004 2387 1178 2466 ordinibus,
1207 2392 1290 2458 clero
1315 2409 1343 2459 et
1360 2421 1406 2484 po·

292 2483 382 2568 palo.
436 2483 471 2545 Ia
505 2481 586 2544 clero
619 2493 691 2544 suut
722 2481 870 2567 apostoli,
907 2483 1076 2568 apostolici
1105 2489 1177 2566 uiri,
1218 2493 1357 2580 episcopi
1385 2507 1407 2556 st

297 2581 414 2642 caeteri
437 2579 578 2643 doctores
601 2579 758 2657 ecclesiae,
791 2580 903 2665 quibas
926 2585 1089 2646 commissa
1112 2597 1157 2648 est
1190 2613 1267 2652 cara
1290 2603 1319 2654 et
1343 2595 1407 2677 rapi·

297 2700 364 2740 mea
381 2679 481 2762 ipsias
497 2677 666 2754 Ecclesiae,
691 2680 746 2762 qai
761 2689 898 2741 tractare
922 2680 1036 2743 lrabeat
1048 2685 1173 2768 caputia
1198 2687 1406 2776 ecclesiastiea

298 2785 331 2838 at
364 2784 458 2837 totam
488 2775 653 2859 redigatur
683 2777 728 2840 ad
758 2777 891 2840 salutem
914 2781 1101 2843 animatam.
1154 2782 1243 2847 Uricla
1273 2799 1302 2848 et
1327 2790 1405 2852 Petro

296 2873 413 2936 (lictum
443 2884 488 2936 est
523 2885 551 2935 a
583 2875 616 2936 ia
643 2875 734 2936 Petro
766 2873 842 2938 aliis
865 2876 1011 2940 ecclesiae
1035 2879 1099 2940 Dei
1136 2883 1315 2961 rectoribus,
1355 2909 1405 2948 noa

296 2969 429 3053 regibus,
453 2993 517 3033 aaa
525 2973 748 3058 principibus:
771 2975 845 3050 „Ta
861 2996 893 3036 es
910 2976 1019 3037 Petras
1033 2987 1062 3038 et
1078 2999 1171 3062 sraper
1193 2981 1273 3045 hanc
1292 2996 1403 3069 petram

297 3067 653 3149 certificaboEcclesiam
676 3091 788 3147 mecm,
812 3083 841 3134 et
858 3083 975 3158 portae
998 3073 1100 3159 inseri
1113 3098 1177 3139 aon
1186 3081 1405 3162 praevalebant

295 3165 446 3229 aduersas
470 3175 571 3231 eerm.“
617 3169 656 3231 Ia
674 3169 796 3254 papale
821 3181 893 3233 sant
916 3195 1012 3255 repes,
1036 3175 1209 3258 principes,
1234 3178 1335 3254 dairas,
1364 3205 1402 3241 ca·

296 3265 394 3342 mites,
423 3275 453 3327 et
477 3263 562 3328 aliae
581 3277 765 3352 potestates,
789 3271 843 3351 qai
866 3269 1045 3332 saecularia
1068 3272 1182 3334 lrabeat
1206 3285 1340 3338 tractare
1363 3301 1401 3340 ne·

292 3363 391 3446 potia,
424 3372 458 3424 at
491 3373 587 3426 totum
609 3363 792 3448 perducant
815 3365 860 3428 ad
879 3389 990 3450 pacem
1014 3379 1043 3430 et
1072 3371 1222 3433 critatem
1247 3375 1400 3436 Ecclesiae.

370 3674 387 3724 't
407 3671 506 3726 Kirche
525 3673 580 3726 und
599 3673 686 3736 Stant,
707 3673 803 3728 S.4l‘2.
831 3705 863 3713 -
891 3675 964 3729 Haec
983 3685 1026 3730 est
1043 3677 1124 3744 juxta
1145 3679 1336 3736 Bellarnrinnm
1351 3697 1399 3734 sen·

292 3753 383 3806 tentia
401 3769 492 3806 eornm
511 3754 556 3819 qui
576 3753 680 3818 (locent,
702 3771 848 3820 „summum
870 3755 1027 3810 Pontificem
1044 3759 1106 3824 jure
1125 3761 1218 3812 divina
1244 3761 1338 3816 habere
1355 3761 1399 3826 ple·

294 3834 430 3887 nissimam
450 3841 612 3900 potestatem
631 3834 658 3886 in
678 3837 834 3888 universnm
853 3836 943 3890 orbem
964 3845 1103 3898 terraram.
1124 3849 1181 3894 tum
1195 3842 1220 3893 in
1237 3843 1314 3896 rebus
1332 3841 1397 3895 ercle

291 3912 412 3967 siasticis
431 3921 488 3966 tuin
508 3913 535 3966 in
555 3913 697 3980 politicis.“
736 3914 857 3968 Probae
882 3917 1007 3982 opinione
1036 3919 1104 3972 vitat
1124 3919 1302 3976 Bcltarrninus
1321 3927 1397 3980 Arina·

292 3994 394 4046 stiuam
413 3994 596 4061 Triumphum.
626 3993 755 4047 Alvarum
776 3995 925 4064 Pelagium,
958 3998 1126 4052 Hostieusera
1158 4008 1186 4051 et
1218 4003 1315 4056 niriltos
1339 3999 1396 4068 juris

293 4075 441 4140 consultore
466 4091 486 4128 s.
506 4073 634 4128 'rhomam
660 4073 882 4131 cantuariensem
907 4089 936 4131 et
954 4079 1087 4132 loannem
1115 4082 1327 4136 sarisberiensem
1350 4083 1396 4146 ipss

291 4168 345 4206 non
364 4159 560 4207 commemorat.
