2832 4844
309 431 349 486 lle
368 433 521 488 conditione
539 453 629 493 rerum
648 442 677 496 in
695 442 795 497 Sicilia.
1058 443 1112 497 459

34 571 58 632 lc
81 571 199 637 consilio
230 572 460 641 Cardinalium
491 587 718 671 praescriptis,
753 607 893 672 quarum
932 587 1112 671 praecipua

33 669 85 732 laec
104 681 175 752 erat,
206 681 332 737 utnon
356 673 399 738 ad
423 678 528 741 vitam
558 704 725 747 summum
749 682 851 749 Urbis
883 685 1112 768 magistratum

32 771 187 854 susciperet,
225 769 283 834 sed
308 793 479 858 quousque
504 775 679 844 dumtaxat
702 781 835 846 Siciliae
873 804 1012 867 regnum
1048 782 1111 847 sibi

30 863 199 949 subjecisset,
232 891 274 932 ne
302 869 475 936 Pontificio
506 876 615 941 civilis
642 880 850 965 principatus
881 880 1113 944 obscuraretur

30 961 128 1047 ejusque
150 966 402 1031 imminueretur
424 975 615 1042 auctoritas.
669 978 719 1042 Ea
742 981 868 1043 ratione
892 979 1027 1064 quidem
1051 981 1112 1044 Ur-

29 1059 103 1124 banus
124 1062 169 1124 IV
192 1063 298 1128 Gallis
323 1087 481 1151 magnum
517 1074 550 1137 in
575 1097 628 1138 res
648 1075 768 1150 ¹Italiae
792 1077 957 1141 influxum
982 1099 1112 1163 compa·

26 1161 94 1236 ravit
115 1161 197 1224 unde
222 1173 335 1246 postea
360 1187 426 1229 non
452 1170 584 1235 modica
608 1173 756 1258 pericula
789 1185 903 1238 exorta
927 1185 1021 1256 sunt3
1054 1175 1112 1241 sed

24 1255 143 1321 Pontifex
173 1261 245 1323 istis
277 1263 311 1326 in
342 1269 504 1347 angustiis
542 1279 728 1355 temporum
758 1295 856 1358 aegre
886 1272 951 1336 alia
984 1274 1112 1336 ratione

24 1353 78 1416 terli
97 1357 301 1442 Apostolicae
326 1363 501 1445 providere
525 1379 664 1451 poterat.

85 1453 131 1518 87.
177 1455 290 1535 Quum
324 1459 480 1526 Urbanus
504 1464 553 1528 IV
587 1465 641 1530 die
671 1468 708 1532 2⁰
732 1466 886 1533 Octobris
916 1469 996 1530 anni
1026 1467 1113 1531 1264

23 1547 134 1632 obiisset
167 1551 372 1638 Cardinales,
403 1571 579 1647 postquam
605 1564 708 1630 Sedes
732 1565 924 1652 Apostoliea
955 1564 1112 1629 obdiffi-

22 1647 127 1713 cultates
150 1663 335 1740 temporum
360 1659 507 1745 quinque
533 1662 703 1727 mensibus
727 1675 887 1746 vacasset,
921 1665 955 1727 in
979 1662 1112 1726 Pontifi-

22 1765 70 1806 cem
90 1747 254 1834 elegerunt
284 1751 474 1820 Guidonem
506 1758 646 1824 Fulcodi
673 1760 884 1826 Cardinalem
909 1761 1112 1846 Episcopum
1124 1759 1228 1798 ΜΨ·
1241 1757 1282 1799 Ν·

19 1839 215 1929 Sabinensem,
242 1873 283 1914 ex
308 1851 487 1918 Provincia
511 1855 640 1922 Galliae
665 1859 853 1940 oriundum,
879 1861 986 1922 virum
1012 1859 1113 1921 virtu-

20 1939 278 2032 litterarumque
301 1953 421 2034 peritia
445 1955 619 2038 insignem,
646 1959 703 2042 qui
731 1957 876 2024 Clemens
900 1959 953 2020 IV
970 1956 1113 2040 appella-

18 2049 52 2096 nu
71 2054 119 2106 est,
166 2045 309 2110 Nonnisi
336 2071 556 2135 magnacum
586 2054 782 2119 difficultate
809 2055 964 2120 monachi
995 2055 1112 2120 habitu

19 2135 123 2202 inlutus
146 2143 174 2205 is
199 2165 241 2206 ex
265 2143 429 2228 legatione
454 2152 488 2214 in
512 2151 670 2236 Angliam
702 2153 843 2234 rediens,
875 2155 909 2218 in
933 2153 1030 2218 Italia
1063 2177 1112 2217 su-

19 2237 114 2312 periore
137 2238 382 2308 Gibellinorum
407 2248 546 2313 insidias
570 2253 720 2333 evitavit,
757 2274 926 2337 quumque
957 2254 1113 2316 universa

19 2327 60 2392 lac
80 2334 174 2401 Italia
194 2339 266 2423 jam
291 2341 352 2405 sub
371 2344 535 2411 Mant'redi
555 2348 781 2414 dominatione
798 2360 893 2431 esset,
918 2351 1018 2414 etiam
1042 2351 1112 2436 ipse

16 2447 78 2510 -prn
102 2457 195 2499 suam
220 2439 255 2500 in
282 2437 390 2504 Caroli
418 2443 674 2529 Andagavensis
704 2447 829 2512 auxilio
854 2458 887 2512 et
909 2449 1113 2534 protectione

14 2525 167 2599 collocavit.
225 2533 353 2601 Simoni
373 2539 553 2624 Cardiuali,
579 2544 675 2610 Sedis
700 2546 911 2632 Apostolicae
943 2547 977 2609 in
1003 2545 1113 2610 Gallia

14 2619 101 2705 laeto,
126 2653 249 2696 munus
273 2634 315 2698 ab
342 2637 478 2704 Urbano
502 2641 551 2704 IV
575 2643 762 2727 injunctum
795 2666 908 2708 sacrae
932 2643 1113 2728 expeditio·

14 2723 48 2780 nis
66 2728 94 2788 in
109 2728 260 2795 Siciliam
284 2737 532 2819 promovendae
550 2741 770 2824 confirmavit,
797 2741 1028 2827 Carolumque,
1054 2746 1112 2827 qui

10 2827 100 2900 mucis
121 2850 198 2892 eum
225 2835 330 2916 copiis
354 2857 465 2900 mense
490 2839 579 2923 Majo
613 2842 692 2903 anni
719 2841 805 2905 1265
830 2841 970 2904 Romam
999 2861 1113 2925 perve-

10 2917 52 2983 nit
72 2921 113 2985 ibi
138 2930 282 3012 excepit.
335 2933 448 3012 Quum
474 2957 551 2999 vero
577 2936 715 3002 Carolus
748 2961 825 3002 mox
859 2960 934 3002 cum
966 2937 1112 3025 quadam

9 3023 173 3102 trrogantia
198 3047 270 3090 sese
293 3043 429 3115 gereret,
455 3036 751 3121 exactionibusque
780 3037 979 3123 importunis
1002 3037 1113 3101 Ponti·

8 3111 81 3180 ficem
105 3137 279 3207 premeret,
310 3151 407 3214 aegre
439 3142 567 3196 tantum
601 3133 812 3198 concordiam
843 3157 918 3199 cum
944 3133 1114 3200 Clemente

8 3221 140 3284 enavit.
197 3223 338 3290 Distulit
369 3228 422 3292 hic
453 3241 566 3295 contra
599 3230 708 3296 Caroli
740 3244 854 3296 votum
885 3233 957 3318 ejus
980 3255 1114 3299 corona·

10 3311 106 3379 nonem
132 3321 166 3383 in
193 3341 306 3404 regem
329 3323 472 3408 Siciliae,
498 3328 604 3393 donec
621 3332 786 3394 exercitus
810 3331 915 3416 major
939 3353 980 3394 ex
1004 3329 1114 3398 Gallia

8 3409 185 3496 advenisset,
212 3441 252 3481 ac
278 3432 355 3486 tunc
379 3424 512 3489 demum
540 3427 593 3491 die
617 3427 829 3513 Epiphaniae
853 3429 1114 3494 αηῃὶ1266-Οει-

8 3507 75 3572 olus
96 3535 169 3578 cnm
198 3537 302 3582 uxore
326 3521 478 3586 Beatriee
510 3548 530 3589 a
562 3528 708 3611 quinque
734 3525 967 3591 Cardinalibus
1000 3528 1114 3593 solem·

10 3609 74 3670 niter
95 3613 316 3697 inauguratus
339 3619 412 3684 fnit.
449 3623 626 3687 Caeterum
644 3626 757 3688 variae
773 3624 1015 3689 dissensionum
1039 3648 1115 3690 cau·

9 3723 48 3766 ue
68 3713 281 3792 perstiterunt
303 3720 388 3782 inter
413 3719 578 3802 Carolum‚
604 3725 714 3786 virum
739 3722 929 3807 superbum,
963 3723 1114 3789 dolosum

8 3816 31 3862 et
42 3821 255 3890 arrogantem,
273 3817 372 3894 atque
390 3807 593 3876 Clementem
611 3813 671 3893 IV,
688 3814 744 3898 qui
761 3833 825 3876 non
841 3813 968 3877 destitit
980 3815 1114 3878 monitis
1228 3830 1233 3836 '

9 3913 30 3960 tt
54 3907 193 3971 consiliis
228 3907 403 3990 sagacibus
437 3908 480 3972 ad
510 3909 708 3994 probitatem
737 3919 769 3973 et
797 3911 992 3975 modestiam
1020 3911 1113 3976 illum

8 4001 160 4071 exhortari.

77 4105 125 4170 88.
160 4102 304 4170 Carolus
333 4105 449 4188 primia
474 4104 645 4168 mensibus
669 4106 748 4168 anni
776 4105 860 4169 126ss
892 4127 1112 4189 magnacum

9 4193 175 4268 latitudine
202 4199 363 4287 Apuliam
392 4209 424 4264 et
447 4201 596 4268 Siciliam
628 4203 692 4266 sibi
724 4203 875 4288 subjecit,
910 4205 968 4268 sed
1001 4203 1113 4268 multis
