2828 4842
340 447 485 516 Expeditio
503 447 626 502 cruciats
644 455 750 515 quarta
1073 444 1129 499 303

44 593 80 652 iac
103 593 198 655 nuntii
227 595 341 671 nostri,
380 591 481 679 (inter
512 609 594 678 quos
624 599 695 656 erat
713 591 887 654 Martinus
918 588 1053 670 abbas),
1092 590 1128 652 irs

44 691 105 752 aeria
124 700 329 768 versarentur,
365 701 468 754 certus
499 712 607 753 rumor
638 690 793 766 insonuit,
833 691 952 752 acuisse
982 687 1128 752 uidelicet

42 787 158 850 ‚statam
171 793 315 877 juvamem
337 789 373 850 ire
395 799 512 866 costra,
540 787 695 852 Graecum
717 809 836 873 periere,
852 785 960 870 filium
982 785 1128 850 uidelicet

43 887 119 947 isaaci
137 888 216 971 repis
242 883 372 964 CPtarei,
401 887 529 950 missum
553 910 573 949 a
597 885 746 970 Pbilc'ppo
770 908 840 970 repe
869 883 1129 948 Tbeutoreicorum

40 985 215 1047 morantiis
237 995 266 1047 et
288 984 460 1062 mandatis,
484 983 596 1069 quibus
619 985 709 1046 emim
732 983 866 1069 repebat
888 984 1069 1058 emercitum,
1093 991 1130 1044 ut

38 1081 189 1165 praefatum
214 1085 362 1171 juvamem
406 1084 441 1144 iu
480 1105 607 1168 reputem
644 1081 810 1144 restituere
848 1083 1010 1145 niteremur.
1052 1129 1059 1143 .
1085 1127 1092 1142 .
1119 1131 1126 1143 .

43 1175 187 1242 irrtissime
210 1181 420 1266 promitteres,
459 1181 490 1242 si
525 1179 581 1243 ille
611 1179 737 1243 auaeilio
769 1201 874 1242 eorum
904 1179 1008 1244 sedem
1040 1201 1130 1242 suom

39 1279 167 1362 reciperet,
171 1280 348 1364 per-aprinis
358 1277 500 1342 ommibus
508 1290 572 1341 tam
574 1279 670 1364 perT
668 1278 857 1354 beutomiam,
867 1300 960 1362 quam
963 1285 1132 1362 perlatam

40 1373 192 1455 Graeciam,
223 1387 322 1440 tutam
346 1399 382 1438 ac
407 1375 539 1440 liberam
556 1387 670 1462 potere
694 1377 787 1440 ciam.
834 1374 1011 1439 Accedebat
1034 1375 1129 1436 etiam

38 1471 68 1530 ad
79 1474 133 1550 boc,
161 1475 244 1560 quod
266 1474 350 1538 idem
366 1476 496 1562 juvenis
519 1475 689 1537 certissime
707 1471 932 1559 pollicebatur,
957 1473 986 1536 si
1007 1470 1131 1535 uiribus

38 1567 136 1634 illorum
163 1575 326 1636 restitutus
355 1571 464 1657 foret,
500 1574 546 1635 eis
579 1573 615 1635 irs
645 1593 802 1635 commuue
836 1572 960 1658 arpenti
991 1579 1130 1633 trecenta

38 1689 183 1733 marcarum
213 1667 317 1734 millia
345 1669 543 1754 (secundum
568 1669 650 1734 alios
684 1667 842 1754 ducents)
882 1691 912 1732 se
939 1667 1130 1748 duturum.¹)

38 1763 140 1843 Quibus
177 1767 305 1832 addunt
336 1767 515 1833 Flandriae
544 1767 702 1850 Annales,
742 1766 900 1831 Alenium
939 1788 995 1830 aes
1032 1785 1130 1828 omne

35 1861 152 1928 alienum
176 1888 195 1928 a
217 1867 522 1949 crucesignatorum
547 1868 695 1929 exercitu
712 1875 917 1929 contractum
942 1885 976 1926 se
993 1862 1131 1926 Venetis

35 1959 200 2044 soluturam,
221 1963 386 2050 simulque
401 1985 556 2048 graecam
573 1963 746 2028 ecclesiam
764 1963 886 2028 latinae
903 1963 1130 2047 subjecturum

35 2061 235 2144 spopondisse,
283 2065 389 2149 iisque
431 2063 678 2128 conditionibus
724 2060 943 2148 jurejurando
990 2059 1131 2124 firmatis

33 2156 168 2223 auxilinm
192 2160 423 2245 assecutum.²)

102 2313 149 2377 93.
195 2313 330 2377 Nicetes
369 2312 533 2377 Chuniata
579 2313 720 2397 scriptor
759 2311 908 2376 Graecus
947 2305 1129 2390 contendit,
1167 2319 1279 2359 renom-

35 2407 130 2472 Alexio
152 2410 269 2475 litteris
300 2411 385 2475 datis
415 2411 537 2475 favisse
561 2411 792 2476 innocentiam
817 2408 1032 2489 Pontificem3
1071 2381 1304 2486 sed²¹¹²'},{¹„¹,¹f¹¹⁶

35 2519 139 2571 tantum
167 2509 273 2591 abest,
306 2521 342 2573 ut
365 2509 522 2574 Pontifex
555 2508 820 2594 comprobaverit
845 2506 900 2571 illa
925 2507 1131 2590 crucesigna-

36 2619 120 2668 torum
144 2608 289 2690 consilia,
322 2618 358 2671 ut
381 2629 437 2672 eos
461 2609 625 2672 monuerit
648 2606 746 2690 illico,
772 2628 812 2670 ne
836 2607 1018 2692 Imperium
1041 2625 1132 2687 grae·

35 2723 91 2764 cam
104 2706 367 2790 aggrederentur.
407 2704 530 2770 Scribit
547 2707 636 2770 enim
659 2705 777 2768 litteris
802 2705 887 2768 datis
912 2702 943 2768 d.
963 2702 1022 2766 20⁰
1036 2701 1131 2766 lunii

35 2819 54 2862 e.
76 2801 151 2866 1203
174 2804 217 2868 ad
241 2804 452 2868 Bonifacium
477 2802 702 2867 marchionem
727 2800 876 2888 aliosque
891 2801 1037 2866 Comites
1062 2820 1132 2862 cru·

35 2897 153 2981 sigerus:
196 2903 324 2967 Utinam
354 2913 458 2966 autem
482 2903 683 2988 poenitentia
716 2913 821 2965 vestm
844 2901 885 2964 sit
908 2921 992 2976 vero,
1030 2909 1065 2961 ut
1088 2898 1133 2961 sic

31 3001 197 3076 poeniteatis
225 3001 264 3064 de
295 3001 477 3078 commissis,
514 3001 597 3086 quod
627 3024 648 3063 a
678 2997 834 3064 similibus
867 2997 904 3062 ele
933 3007 1054 3060 caetero
1079 2994 1131 3058 ab·

35 3095 164 3162 cineam.
192 3146 199 3162 .
224 3151 231 3163 .
257 3147 265 3161 .
292 3099 413 3162 Nullus
435 3100 541 3184 itaque
564 3109 699 3163 oestrum
723 3097 785 3162 sibi
808 3109 918 3161 temere
934 3095 1132 3172 blandiatur,

34 3193 98 3272 qaod
119 3206 231 3258 terram
267 3196 461 3261 Graecorum
491 3219 642 3282 occupare
675 3196 737 3260 sibi
760 3195 862 3274 liceat,
895 3195 944 3258 vel
961 3192 1131 3280 praedari,

36 3298 159 3374 tauquam
176 3296 277 3358 mimus
292 3294 494 3380 Apostolicae
512 3294 589 3359 Sedi
611 3295 790 3383 subjectam,
816 3305 845 3357 et
859 3291 944 3378 quod
956 3294 1136 3378 Imperator

38 3383 160 3454 l-'Ptanus
192 3393 332 3479 deposito
358 3393 470 3479 fratre
501 3414 557 3456 suo
589 3403 619 3456 et
647 3394 742 3456 etiam
773 3403 939 3455 emcoecato
963 3391 1134 3476 Imperium

36 3492 186 3571 usurparit.
232 3489 316 3554 Sane
345 3501 622 3576 quantumcumque
654 3492 689 3554 im
711 3492 766 3554 leoc
796 3490 846 3554 vel
869 3489 944 3554 aliis
967 3489 1051 3552 idem
1073 3489 1132 3550 Im·

35 3596 141 3664 perator
176 3599 205 3650 et
242 3590 380 3653 traines
410 3593 477 3677 ejus
499 3590 723 3678 jurisdictioni
754 3589 909 3652 commissi
937 3587 1134 3672 delinquant,

38 3701 83 3742 aare
104 3695 145 3747 cst
167 3695 270 3749 tamem
293 3697 427 3750 uestrum
450 3688 488 3751 de
511 3687 652 3773 ipsorum
674 3687 823 3776 judicare
847 3686 980 3766 delictis,
1009 3708 1065 3748 mec
1090 3684 1136 3747 ad

37 3777 77 3840 lac
96 3785 189 3846 crucis
212 3785 407 3868 signaculum
434 3787 661 3870 assumpsistis,
691 3796 726 3849 ut
756 3787 835 3848 baua
858 3784 1063 3848 vindicaretis
1086 3783 1134 3846 iu-

33 3877 141 3958 jartam,
171 3881 226 3945 sed
249 3883 451 3968 opprobrium
469 3885 581 3970 potius
609 3881 769 3967 Crumfici,
801 3886 888 3971 cujus
912 3904 966 3946 sos
990 3882 1135 3965 obsequio

43 4043 222 4060 ‘’Q-—

96 4147 113 4213 ¹)
130 4148 176 4215 sp.
196 4147 326 4216 Raynatd.
347 4165 371 4204 a
392 4149 468 4204 1203.
488 4165 514 4204 n.
535 4149 578 4204 13.

96 4233 257 4303 ’tRsynsld
277 4226 332 4293 ibid
