2916 4842
371 441 495 496 avenae
514 445 575 508 post
592 455 685 508 pacem
704 439 868 494 restitutam.
1130 441 1180 495 151

77 585 193 668 mendi,
217 595 316 671 atque
339 585 387 647 uti
407 585 570 669 sapientia
593 594 626 648 et
649 583 824 670 prudentia
849 581 883 647 id
907 583 1060 666 suadent,
1085 587 1181 649 inter·

77 683 141 746 dum
159 683 309 770 justitiae
332 683 422 767 rigor
449 683 565 746 merito
589 681 776 761 adhibetur,
809 682 975 747 interdum
1010 681 1181 768 indulgen·

77 783 128 844 tiae
149 782 368 866 temperantia
391 801 458 844 non
482 783 664 864 incongrue
688 790 870 846 exercetur.
908 781 1074 862 Rationes,
1099 803 1182 867 quas

74 879 256 965 sequebatur
278 878 344 943 hac
365 881 448 942 inre
465 876 644 963 Gregorius
660 878 753 956 VIII,
779 880 848 965 ipsc
872 877 1031 964 explanat
1054 881 1089 944 in
1114 881 1181 965 epi-

76 977 143 1040 stola
164 976 219 1041 die
241 975 303 1040 30⁰
325 974 525 1040 Novembris
550 976 627 1041 data
650 975 694 1040 ad
718 974 932 1040 Volcmarutn
964 975 1181 1062 archiepisco·

74 1097 139 1160 pum
162 1075 406 1140 Trevirensem.
451 1075 494 1152 Is,
527 1096 629 1160 quum
653 1073 696 1138 ad
721 1074 899 1138 dioecesim
934 1096 1028 1138 suam
1052 1074 1094 1138 ab
1119 1075 1181 1139 In't·

75 1185 207 1258 peratorc
230 1194 299 1238 non
322 1173 562 1254 admitteretur,
587 1182 619 1236 ct
636 1173 736 1236 etiam
760 1194 801 1235 ex
816 1181 909 1258 parte
925 1170 1051 1257 aliquot
1067 1174 1181 1238 suffra-

74 1291 238 1354 ganeorum
261 1293 302 1336 ac
326 1269 471 1356 plurium
496 1270 689 1334 clericorum
715 1269 881 1334 molestias
896 1279 1074 1356 pateretur,
1099 1271 1180 1336 dum

73 1369 193 1434 Rhamis
217 1371 252 1434 in
277 1366 388 1434 Gallia
419 1378 615 1449 moraretur,
644 1370 754 1432 acrius
784 1389 850 1432 non
881 1390 1004 1454 paucos
1033 1372 1180 1434 censuris

73 1467 290 1532 ecclesiasticis
314 1468 503 1530 contrinxit,
544 1466 674 1530 Monuit
690 1467 791 1550 igitur
807 1487 883 1530 eum
900 1465 1080 1550 Gregorius
1095 1466 1180 1531 datis

72 1562 182 1647 litteris,
209 1574 246 1628 ut
268 1575 403 1650 propter
428 1574 615 1649 temporum
648 1563 807 1650 adjuncta
830 1585 850 1627 a
874 1566 1051 1628 severitate
1081 1564 1179 1630 absti-
1233 1550 1259 1578 Ν

75 1673 143 1728 seat.
175 1663 216 1727 In
229 1685 286 1727 ca:
311 1663 521 1749 Propositum,
546 1661 672 1743 scribit,
695 1663 794 1726 uincit
818 1661 958 1748 affectus,
984 1673 1014 1726 et
1036 1685 1180 1750 superue-

72 1764 177 1826 nientes
200 1785 317 1826 causae
348 1784 441 1847 saepe
466 1759 656 1846 compellunt
683 1771 814 1838 oculare,
843 1761 927 1846 quod
947 1762 1046 1844 firma
1074 1762 1181 1848 dispo·

71 1860 148 1922 situm
163 1859 283 1944 fsmrat
306 1858 476 1937 voluntate,
525 1859 593 1922 Nec
617 1858 703 1922 locas
734 1881 774 1922 ea
796 1860 851 1922 ltoc
874 1861 1111 1945 reprehensioni
1133 1883 1177 1924 re·

70 1952 222 2042 linquitur,
253 1980 322 2020 cum
346 1955 497 2020 Salomon
520 1955 628 2020 dicat:
660 1955 803 2035 „Omnia
826 1967 947 2042 tempus
973 1957 1120 2036 babent“,
1151 1967 1180 2020 et

71 2066 127 2128 ,est
148 2065 271 2142 tempus
303 2053 451 2139 loquendi
473 2064 504 2118 et
527 2065 647 2140 tempus
670 2054 828 2119 tacendi“.
875 2055 927 2118 Ee
950 2055 1005 2118 ltoc
1029 2055 1182 2140 siquidem

70 2164 116 2230 cst,
137 2153 221 2238 qteod
244 2152 388 2216 Ecclesia
411 2153 476 2215 Dei
498 2175 557 2216 sua
580 2153 737 2216 interdum
759 2154 867 2217 cariat
884 2175 948 2238 pro
966 2151 1106 2236 filiorum
1129 2175 1180 2216 ne-

70 2253 199 2315 cessitate
222 2251 384 2328 instituta,
415 2260 471 2313 cut
500 2248 619 2312 colibet
651 2260 707 2314 aut
735 2247 844 2334 differt
875 2273 968 2336 saepe
997 2250 1180 2329 uindictam,

70 2369 150 2430 quam
172 2351 278 2435 quieto
301 2359 332 2412 et
349 2357 468 2434 pacato
493 2357 628 2433 tempore
659 2357 814 2411 statuerat
842 2348 1056 2425 enercendam,
1080 2352 1181 2436 jueta

69 2445 114 2508 loc
135 2449 218 2533 quod
242 2445 393 2512 Salomon
423 2446 521 2510 dicit:
551 2444 710 2532 „Sapiens
741 2447 852 2510 videns
884 2443 1001 2510 malam
1031 2445 1180 2524 declinat,

69 2544 170 2610 stultrss
186 2543 331 2610 canalii
354 2543 576 2628 confidenter.“
614 2544 704 2608 Haec
727 2567 800 2608 aero
824 2544 949 2608 cautela
972 2545 1098 2608 anama·
1113 2543 1179 2608 alio

70 2651 191 2728 tenpore
210 2643 355 2730 potuerit
377 2643 555 2721 intermitti,
579 2643 635 2706 hoc
659 2664 731 2706 vero
762 2653 898 2728 tempore
931 2653 1019 2705 tanto
1052 2643 1179 2706 circum-

69 2742 191 2822 spectius
215 2751 262 2804 est
285 2739 433 2819 tenenda,
457 2751 574 2824 quanto
599 2762 639 2803 es
662 2764 738 2804 casu
768 2739 936 2804 orientalis
965 2739 1112 2804 ecclesiae
1145 2742 1180 2804 in

69 2841 174 2926 majori
214 2839 394 2904 turbatione
424 2837 551 2902 uidetur
582 2839 772 2903 christianus
803 2837 946 2924 populus
983 2839 1180 2903 constitutus.

72 2933 128 2998 Nec
142 2937 249 3022 facile
269 2946 362 3022 patet
386 2957 425 2998 esc
447 2937 584 3000 bumana
598 2936 780 3019 infirmitate
799 2958 965 3013 successus,
989 2936 1055 2998 nisi
1069 2935 1113 2998 ad
1126 2936 1182 3000 lios

70 3038 209 3120 majorum
232 3035 421 3121 principum
451 3035 548 3098 corda
572 3035 738 3122 conciperit
770 3057 810 3098 en
839 3036 942 3098 sancti
964 3031 1105 3120 Spiritus
1133 3035 1179 3098 in·

70 3132 235 3214 spiratione
268 3133 395 3195 moesti.
440 3132 495 3195 Ea
517 3155 576 3218 quo
601 3133 755 3218 siquidem
785 3142 831 3196 est
853 3143 883 3196 et
906 3155 946 3195 ea·
970 3131 1044 3195 aliis
1074 3130 1183 3197 multis

70 3233 171 3310 cauas,
195 3230 280 3317 meod
301 3251 359 3293 nos
382 3229 480 3292 corda
495 3229 674 3294 sublimium
683 3231 869 3317 principum
892 3241 922 3293 et
945 3229 1105 3293 melenae
1128 3231 1179 3294 de·

63 3321 225 3406 fensorttm,
249 3328 462 3414 imperatoris
485 3326 606 3392 scilicet
629 3338 658 3392 st
672 3326 743 3411 filii
765 3334 842 3418 ejus,
875 3329 918 3392 ad
942 3327 1054 3392 bonum
1076 3327 1178 3393 ualen-

71 3431 107 3484 tes
122 3449 180 3508 per
202 3425 409 3490 bumilitatem
432 3425 592 3490 Ecclesiae
615 3449 800 3511 provocare,
831 3428 866 3489 in
894 3424 976 3490 bona
1000 3449 1066 3492 cunt
1098 3428 1179 3512 ipsis

72 3517 198 3586 ducimus
220 3523 461 3587 manssmtudine
492 3521 727 3603 ambulandum,
759 3535 789 3588 et
811 3547 875 3588 non
899 3535 964 3586 tam
992 3534 1177 3587 contraeas

73 3615 224 3682 lunanum
246 3613 468 3706 requirendum
492 3621 659 3700 aemilium,
684 3645 777 3707 quam
800 3621 952 3699 diuinum,
977 3623 1005 3684 si
1028 3617 1176 3692 debitam,

71 3716 141 3796 quod
161 3741 224 3782 non
257 3719 428 3798 credimus,
460 3718 622 3783 Ecclesiae
651 3721 859 3783 reverentiam
888 3718 1082 3783 decrscerint
1111 3718 1179 3783 sub·

73 3813 300 3898 raedam).
328 3817 417 3881 Dein
442 3818 550 3903 ipsum
574 3817 673 3903 jubet
704 3819 803 3882 etiarn
829 3840 849 3881 a
872 3817 1047 3880 severitate
1078 3815 1177 3880 absti-

74 3927 145 3975 nere.
167 3949 209 3960 -
231 3913 331 3978 Forte
355 3914 490 4000 quidem
514 3917 542 3978 si
566 3913 758 4001 perplures
782 3936 886 3979 annos
911 3912 1081 3978 Ecclesiae
1105 3936 1176 4000 pro·

73 4003 179 4090 luisset,
212 4013 400 4096 principum
432 4012 610 4078 violentiae
638 4013 827 4097 adegissent
857 4012 1057 4095 Gregorium
1081 4012 1176 4095 VIII,

75 4149 264 4164 ·—--——-=

135 4221 155 4291 ¹)
174 4225 220 4290 Ap.
240 4223 403 4287 Watterich‚
422 4223 459 4278 II.
478 4223 539 4280 690.
