<?xml version="1.0" encoding="UTF-8"?>
<!DOCTYPE html PUBLIC "-//W3C//DTD XHTML 1.0 Transitional//EN"
    "http://www.w3.org/TR/xhtml1/DTD/xhtml1-transitional.dtd">
<html xmlns="http://www.w3.org/1999/xhtml" xml:lang="en" lang="en">
 <head>
  <title>
</title>
<meta http-equiv="Content-Type" content="text/html;charset=utf-8" />
  <meta name='ocr-system' content='tesseract 3.04.00' />
  <meta name='ocr-capabilities' content='ocr_page ocr_carea ocr_par ocr_line ocrx_word'/>
</head>
<body>
  <div class='ocr_page' id='page_1' title='image "./dissertationess00junggoog_0807.png"; bbox 0 0 2868 4844; ppageno 0'>
   <div class='ocr_carea' id='block_1_1' title="bbox 299 475 1186 546">
    <p class='ocr_par' dir='ltr' id='par_1_1' title="bbox 299 475 1186 546">
     <span class='ocr_line' id='line_1_1' title="bbox 299 475 1186 546; baseline 0 -16"><span class='ocrx_word' id='word_1_1' title='bbox 299 477 354 530; x_wconf 77' lang='lat'><strong>274</strong></span> <span class='ocrx_word' id='word_1_2' title='bbox 533 475 664 532; x_wconf 82' lang='lat' dir='ltr'>XXXIII.</span> <span class='ocrx_word' id='word_1_3' title='bbox 685 477 724 530; x_wconf 88' lang='lat' dir='ltr'><strong>De</strong></span> <span class='ocrx_word' id='word_1_4' title='bbox 742 490 841 546; x_wconf 69' lang='lat' dir='ltr'><strong>magm</strong></span> <span class='ocrx_word' id='word_1_5' title='bbox 861 475 1014 530; x_wconf 79' lang='lat' dir='ltr'><strong>Occidentis</strong></span> <span class='ocrx_word' id='word_1_6' title='bbox 1033 475 1186 530; x_wconf 76' lang='lat' dir='ltr'><strong>schismate.</strong></span> 
     </span>
    </p>
   </div>
   <div class='ocr_carea' id='block_1_2' title="bbox 135 617 1424 4128">
    <p class='ocr_par' dir='ltr' id='par_1_2' title="bbox 135 617 1424 3346">
     <span class='ocr_line' id='line_1_2' title="bbox 298 617 1405 707; baseline -0.001 -25"><span class='ocrx_word' id='word_1_7' title='bbox 298 631 372 684; x_wconf 80' lang='lat' dir='ltr'><strong>sont</strong></span> <span class='ocrx_word' id='word_1_8' title='bbox 387 630 516 685; x_wconf 84' lang='lat' dir='ltr'><strong>sanctae</strong></span> <span class='ocrx_word' id='word_1_9' title='bbox 533 618 626 686; x_wconf 81' lang='lat' dir='ltr'><strong>Sedis</strong></span> <span class='ocrx_word' id='word_1_10' title='bbox 642 617 846 707; x_wconf 77' lang='lat' dir='ltr'><strong>Apostolieae</strong></span> <span class='ocrx_word' id='word_1_11' title='bbox 861 617 1100 705; x_wconf 80' lang='lat' dir='ltr'><strong>diffamatrices,</strong></span> <span class='ocrx_word' id='word_1_12' title='bbox 1123 641 1241 684; x_wconf 70' lang='lat' dir='ltr'><strong>ommno</strong></span> <span class='ocrx_word' id='word_1_13' title='bbox 1258 619 1405 684; x_wconf 79' lang='lat' dir='ltr'><strong>detractio</strong></span> 
     </span>
     <span class='ocr_line' id='line_1_3' title="bbox 298 715 1404 804; baseline -0.004 -22"><span class='ocrx_word' id='word_1_14' title='bbox 298 720 350 783; x_wconf 83' lang='lat' dir='ltr'><strong>nis</strong></span> <span class='ocrx_word' id='word_1_15' title='bbox 375 717 504 804; x_wconf 84' lang='lat' dir='ltr'><strong>plenae,</strong></span> <span class='ocrx_word' id='word_1_16' title='bbox 541 741 597 782; x_wconf 85' lang='lat' dir='ltr'><strong>neo</strong></span> <span class='ocrx_word' id='word_1_17' title='bbox 628 718 709 783; x_wconf 82' lang='lat' dir='ltr'><strong>lecta</strong></span> <span class='ocrx_word' id='word_1_18' title='bbox 740 739 796 782; x_wconf 81' lang='lat' dir='ltr'><strong>nee</strong></span> <span class='ocrx_word' id='word_1_19' title='bbox 818 719 954 782; x_wconf 82' lang='lat' dir='ltr'><strong>recitato</strong></span> <span class='ocrx_word' id='word_1_20' title='bbox 984 717 1103 803; x_wconf 71' lang='lat' dir='ltr'><strong>dipsas</strong></span> <span class='ocrx_word' id='word_1_21' title='bbox 1124 728 1208 782; x_wconf 82' lang='lat' dir='ltr'><strong>sunt.</strong></span> <span class='ocrx_word' id='word_1_22' title='bbox 1240 765 1248 782; x_wconf 89' lang='lat'><strong>.</strong></span> <span class='ocrx_word' id='word_1_23' title='bbox 1273 765 1281 780; x_wconf 90' lang='lat'><strong>.</strong></span> <span class='ocrx_word' id='word_1_24' title='bbox 1305 769 1312 782; x_wconf 90' lang='lat'><strong>.</strong></span> <span class='ocrx_word' id='word_1_25' title='bbox 1339 715 1404 780; x_wconf 78' lang='lat' dir='ltr'><strong>Inde</strong></span> 
     </span>
     <span class='ocr_line' id='line_1_4' title="bbox 298 815 1405 902; baseline -0.002 -24"><span class='ocrx_word' id='word_1_26' title='bbox 298 815 407 880; x_wconf 84' lang='lat' dir='ltr'><strong>dolore</strong></span> <span class='ocrx_word' id='word_1_27' title='bbox 440 817 753 880; x_wconf 63' lang='lat' dir='ltr'><strong>morosissimam</strong></span> <span class='ocrx_word' id='word_1_28' title='bbox 785 817 886 901; x_wconf 84' lang='lat' dir='ltr'><strong>coepit</strong></span> <span class='ocrx_word' id='word_1_29' title='bbox 904 815 1081 902; x_wconf 68' lang='lat' dir='ltr'><strong>plurimum</strong></span> <span class='ocrx_word' id='word_1_30' title='bbox 1105 816 1253 892; x_wconf 61' lang='lat' dir='ltr'><strong>anxiari,</strong></span> <span class='ocrx_word' id='word_1_31' title='bbox 1283 839 1334 878; x_wconf 83' lang='lat' dir='ltr'><strong>nee</strong></span> <span class='ocrx_word' id='word_1_32' title='bbox 1359 815 1405 876; x_wconf 79' lang='lat' dir='ltr'><strong>dis</strong></span> 
     </span>
     <span class='ocr_line' id='line_1_5' title="bbox 293 913 1408 1000; baseline -0.001 -24"><span class='ocrx_word' id='word_1_33' title='bbox 293 925 409 1000; x_wconf 83' lang='lat' dir='ltr'><strong>postea</strong></span> <span class='ocrx_word' id='word_1_34' title='bbox 440 913 530 978; x_wconf 71' lang='lat' dir='ltr'><strong>uteie.</strong></span> <span class='ocrx_word' id='word_1_35' title='bbox 580 913 671 977; x_wconf 60' lang='lat' dir='ltr'><strong>hvis</strong></span> <span class='ocrx_word' id='word_1_36' title='bbox 700 915 783 978; x_wconf 83' lang='lat' dir='ltr'><strong>enim</strong></span> <span class='ocrx_word' id='word_1_37' title='bbox 812 913 982 996; x_wconf 79' lang='lat' dir='ltr'><strong>infirmitas</strong></span> <span class='ocrx_word' id='word_1_38' title='bbox 1006 913 1175 981; x_wconf 78' lang='lat' dir='ltr'><strong>seeundum</strong></span> <span class='ocrx_word' id='word_1_39' title='bbox 1199 913 1408 1000; x_wconf 78' lang='lat' dir='ltr'><strong>apperentium</strong></span> 
     </span>
     <span class='ocr_line' id='line_1_6' title="bbox 299 1008 1405 1096; baseline -0.002 -22"><span class='ocrx_word' id='word_1_40' title='bbox 299 1033 367 1074; x_wconf 83' lang='lat' dir='ltr'><strong>eum</strong></span> <span class='ocrx_word' id='word_1_41' title='bbox 381 1011 457 1096; x_wconf 87' lang='lat' dir='ltr'><strong>fere</strong></span> <span class='ocrx_word' id='word_1_42' title='bbox 478 1033 538 1096; x_wconf 83' lang='lat' dir='ltr'><strong>per</strong></span> <span class='ocrx_word' id='word_1_43' title='bbox 562 1021 624 1074; x_wconf 79' lang='lat' dir='ltr'><strong>tres</strong></span> <span class='ocrx_word' id='word_1_44' title='bbox 648 1009 716 1074; x_wconf 82' lang='lat' dir='ltr'><strong>dies</strong></span> <span class='ocrx_word' id='word_1_45' title='bbox 740 1011 886 1087; x_wconf 80' lang='lat' dir='ltr'><strong>detinuit,</strong></span> <span class='ocrx_word' id='word_1_46' title='bbox 910 1010 948 1074; x_wconf 84' lang='lat' dir='ltr'><strong>de</strong></span> <span class='ocrx_word' id='word_1_47' title='bbox 970 1033 1033 1096; x_wconf 84' lang='lat' dir='ltr'><strong>qao</strong></span> <span class='ocrx_word' id='word_1_48' title='bbox 1055 1033 1121 1075; x_wconf 81' lang='lat' dir='ltr'><strong>noa</strong></span> <span class='ocrx_word' id='word_1_49' title='bbox 1141 1011 1219 1074; x_wconf 81' lang='lat' dir='ltr'><strong>lecto</strong></span> <span class='ocrx_word' id='word_1_50' title='bbox 1241 1008 1405 1074; x_wconf 67' lang='lat' dir='ltr'><strong>masmim</strong></span> 
     </span>
     <span class='ocr_line' id='line_1_7' title="bbox 299 1107 1407 1194; baseline 0.005 -24"><span class='ocrx_word' id='word_1_51' title='bbox 299 1133 366 1173; x_wconf 83' lang='lat' dir='ltr'><strong>eum</strong></span> <span class='ocrx_word' id='word_1_52' title='bbox 389 1109 473 1172; x_wconf 91' lang='lat' dir='ltr'><strong>XVI</strong></span> <span class='ocrx_word' id='word_1_53' title='bbox 499 1107 551 1172; x_wconf 86' lang='lat' dir='ltr'><strong>die</strong></span> <span class='ocrx_word' id='word_1_54' title='bbox 582 1107 772 1194; x_wconf 70' lang='lat' dir='ltr'><strong><em>Septembris</em></strong></span> <span class='ocrx_word' id='word_1_55' title='bbox 803 1107 919 1172; x_wconf 78' lang='lat' dir='ltr'><strong>audita</strong></span> <span class='ocrx_word' id='word_1_56' title='bbox 950 1110 1047 1173; x_wconf 74' lang='lat' dir='ltr'><strong>missa</strong></span> <span class='ocrx_word' id='word_1_57' title='bbox 1077 1111 1229 1172; x_wconf 76' lang='lat' dir='ltr'><strong>intrasset</strong></span> <span class='ocrx_word' id='word_1_58' title='bbox 1258 1129 1407 1175; x_wconf 76' lang='lat' dir='ltr'><strong>maternas</strong></span> 
     </span>
     <span class='ocr_line' id='line_1_8' title="bbox 299 1205 1405 1292; baseline -0.005 -22"><span class='ocrx_word' id='word_1_59' title='bbox 299 1219 329 1270; x_wconf 85' lang='lat' dir='ltr'><strong>et</strong></span> <span class='ocrx_word' id='word_1_60' title='bbox 363 1209 463 1292; x_wconf 82' lang='lat' dir='ltr'><strong>cippo</strong></span> <span class='ocrx_word' id='word_1_61' title='bbox 497 1228 551 1272; x_wconf 83' lang='lat' dir='ltr'><strong>eoi·</strong></span> <span class='ocrx_word' id='word_1_62' title='bbox 585 1205 819 1290; x_wconf 80' lang='lat' dir='ltr'><strong>aliquantalum</strong></span> <span class='ocrx_word' id='word_1_63' title='bbox 851 1217 1018 1290; x_wconf 56' lang='lat' dir='ltr'><strong>pauonem</strong></span> <span class='ocrx_word' id='word_1_64' title='bbox 1050 1205 1233 1291; x_wconf 79' lang='lat' dir='ltr'><strong>refocillari</strong></span> <span class='ocrx_word' id='word_1_65' title='bbox 1265 1205 1405 1290; x_wconf 75' lang='lat' dir='ltr'><strong>petiisset.</strong></span> 
     </span>
     <span class='ocr_line' id='line_1_9' title="bbox 299 1299 1407 1390; baseline -0.007 -21"><span class='ocrx_word' id='word_1_66' title='bbox 299 1315 468 1390; x_wconf 66' lang='lat' dir='ltr'><strong>coaequam</strong></span> <span class='ocrx_word' id='word_1_67' title='bbox 484 1306 588 1368; x_wconf 83' lang='lat' dir='ltr'><strong>uinum</strong></span> <span class='ocrx_word' id='word_1_68' title='bbox 612 1301 790 1389; x_wconf 73' lang='lat' dir='ltr'><strong>offerretur,</strong></span> <span class='ocrx_word' id='word_1_69' title='bbox 814 1303 925 1366; x_wconf 84' lang='lat' dir='ltr'><strong>sedens</strong></span> <span class='ocrx_word' id='word_1_70' title='bbox 942 1303 1118 1388; x_wconf 68' lang='lat' dir='ltr'><strong>apoplexia</strong></span> <span class='ocrx_word' id='word_1_71' title='bbox 1127 1325 1298 1389; x_wconf 70' lang='lat' dir='ltr'><strong>peronatus</strong></span> <span class='ocrx_word' id='word_1_72' title='bbox 1312 1299 1407 1386; x_wconf 74' lang='lat' dir='ltr'><strong>fatale</strong></span> 
     </span>
     <span class='ocr_line' id='line_1_10' title="bbox 299 1397 1407 1486; baseline -0.006 -20"><span class='ocrx_word' id='word_1_73' title='bbox 299 1403 437 1467; x_wconf 81' lang='lat' dir='ltr'><strong>debitum</strong></span> <span class='ocrx_word' id='word_1_74' title='bbox 466 1399 570 1466; x_wconf 83' lang='lat' dir='ltr'><strong>solvit.</strong></span> <span class='ocrx_word' id='word_1_75' title='bbox 585 1401 607 1481; x_wconf 92' lang='lat'><strong>¹)</strong></span> <span class='ocrx_word' id='word_1_76' title='bbox 660 1401 756 1466; x_wconf 87' lang='lat' dir='ltr'><strong>Tunc</strong></span> <span class='ocrx_word' id='word_1_77' title='bbox 791 1423 884 1486; x_wconf 81' lang='lat' dir='ltr'><strong>reges</strong></span> <span class='ocrx_word' id='word_1_78' title='bbox 916 1399 1045 1466; x_wconf 84' lang='lat' dir='ltr'><strong>Galliae</strong></span> <span class='ocrx_word' id='word_1_79' title='bbox 1077 1413 1110 1464; x_wconf 90' lang='lat' dir='ltr'><strong>et</strong></span> <span class='ocrx_word' id='word_1_80' title='bbox 1139 1401 1346 1483; x_wconf 85' lang='lat' dir='ltr'><strong>Arragoniae</strong></span> <span class='ocrx_word' id='word_1_81' title='bbox 1374 1397 1407 1460; x_wconf 89' lang='lat' dir='ltr'><strong>nd</strong></span> 
     </span>
     <span class='ocr_line' id='line_1_11' title="bbox 300 1499 1406 1584; baseline -0.007 -20"><span class='ocrx_word' id='word_1_82' title='bbox 300 1499 494 1564; x_wconf 81' lang='lat' dir='ltr'><strong>Cardinales</strong></span> <span class='ocrx_word' id='word_1_83' title='bbox 525 1499 777 1564; x_wconf 85' lang='lat' dir='ltr'><strong>Avenionenses</strong></span> <span class='ocrx_word' id='word_1_84' title='bbox 807 1502 1021 1584; x_wconf 84' lang='lat' dir='ltr'><strong>seripserunt,</strong></span> <span class='ocrx_word' id='word_1_85' title='bbox 1053 1510 1090 1563; x_wconf 91' lang='lat' dir='ltr'><strong>ut</strong></span> <span class='ocrx_word' id='word_1_86' title='bbox 1119 1499 1315 1564; x_wconf 86' lang='lat' dir='ltr'><strong>electionem</strong></span> <span class='ocrx_word' id='word_1_87' title='bbox 1343 1499 1406 1560; x_wconf 76' lang='lat' dir='ltr'><strong>novi</strong></span> 
     </span>
     <span class='ocr_line' id='line_1_12' title="bbox 299 1594 1407 1674; baseline -0.006 -12"><span class='ocrx_word' id='word_1_88' title='bbox 299 1598 471 1662; x_wconf 83' lang='lat' dir='ltr'><strong>Pontifiois</strong></span> <span class='ocrx_word' id='word_1_89' title='bbox 494 1599 527 1662; x_wconf 93' lang='lat' dir='ltr'><strong>in</strong></span> <span class='ocrx_word' id='word_1_90' title='bbox 552 1596 660 1660; x_wconf 90' lang='lat' dir='ltr'><strong>locum</strong></span> <span class='ocrx_word' id='word_1_91' title='bbox 687 1596 867 1662; x_wconf 81' lang='lat' dir='ltr'><strong>Clementis</strong></span> <span class='ocrx_word' id='word_1_92' title='bbox 891 1597 957 1662; x_wconf 92' lang='lat' dir='ltr'><strong>VII</strong></span> <span class='ocrx_word' id='word_1_93' title='bbox 981 1596 1162 1674; x_wconf 86' lang='lat' dir='ltr'><strong>differrent,</strong></span> <span class='ocrx_word' id='word_1_94' title='bbox 1196 1595 1303 1660; x_wconf 87' lang='lat' dir='ltr'><strong>donee</strong></span> <span class='ocrx_word' id='word_1_95' title='bbox 1327 1594 1407 1657; x_wconf 88' lang='lat' dir='ltr'><strong>Boni·</strong></span> 
     </span>
     <span class='ocr_line' id='line_1_13' title="bbox 298 1691 1406 1778; baseline -0.007 -19"><span class='ocrx_word' id='word_1_96' title='bbox 298 1696 371 1760; x_wconf 87' lang='lat' dir='ltr'><strong>fatii</strong></span> <span class='ocrx_word' id='word_1_97' title='bbox 395 1695 445 1760; x_wconf 89' lang='lat' dir='ltr'>IX</span> <span class='ocrx_word' id='word_1_98' title='bbox 478 1695 631 1759; x_wconf 87' lang='lat' dir='ltr'><strong>voluntas</strong></span> <span class='ocrx_word' id='word_1_99' title='bbox 663 1695 704 1760; x_wconf 91' lang='lat' dir='ltr'><strong>de</strong></span> <span class='ocrx_word' id='word_1_100' title='bbox 736 1696 868 1760; x_wconf 91' lang='lat' dir='ltr'><strong>unionis</strong></span> <span class='ocrx_word' id='word_1_101' title='bbox 893 1696 1024 1778; x_wconf 83' lang='lat' dir='ltr'><strong>negotio</strong></span> <span class='ocrx_word' id='word_1_102' title='bbox 1058 1695 1175 1758; x_wconf 86' lang='lat' dir='ltr'><strong>luisset</strong></span> <span class='ocrx_word' id='word_1_103' title='bbox 1197 1691 1366 1778; x_wconf 84' lang='lat' dir='ltr'><strong>explorata</strong></span> <span class='ocrx_word' id='word_1_104' title='bbox 1384 1709 1406 1753; x_wconf 80' lang='lat' dir='ltr'><strong>et</strong></span> 
     </span>
     <span class='ocr_line' id='line_1_14' title="bbox 135 1777 1405 1878; baseline -0.009 -20"><span class='ocrx_word' id='word_1_105' title='bbox 135 1777 497 1871; x_wconf 45' lang='lat' dir='ltr'><strong>dqffiuhconcordiue</strong></span> <span class='ocrx_word' id='word_1_106' title='bbox 529 1794 584 1856; x_wconf 89' lang='lat' dir='ltr'><strong>via</strong></span> <span class='ocrx_word' id='word_1_107' title='bbox 617 1791 764 1878; x_wconf 83' lang='lat' dir='ltr'><strong>undique</strong></span> <span class='ocrx_word' id='word_1_108' title='bbox 798 1803 932 1858; x_wconf 81' lang='lat' dir='ltr'><strong>tentata.</strong></span> <span class='ocrx_word' id='word_1_109' title='bbox 987 1793 1113 1858; x_wconf 90' lang='lat' dir='ltr'><strong>Verum</strong></span> <span class='ocrx_word' id='word_1_110' title='bbox 1144 1789 1340 1856; x_wconf 84' lang='lat' dir='ltr'><strong>Cardinalea</strong></span> <span class='ocrx_word' id='word_1_111' title='bbox 1368 1791 1405 1852; x_wconf 82' lang='lat' dir='ltr'><strong>isti</strong></span> 
     </span>
     <span class='ocr_line' id='line_1_15' title="bbox 300 1886 1406 1976; baseline -0.007 -20"><span class='ocrx_word' id='word_1_112' title='bbox 300 1892 354 1956; x_wconf 89' lang='lat' dir='ltr'><strong>die</strong></span> <span class='ocrx_word' id='word_1_113' title='bbox 388 1891 447 1956; x_wconf 80' lang='grc' dir='ltr'><strong>28ο</strong></span> <span class='ocrx_word' id='word_1_114' title='bbox 478 1889 682 1976; x_wconf 82' lang='lat' dir='ltr'><strong>Septembris</strong></span> <span class='ocrx_word' id='word_1_115' title='bbox 716 1893 749 1954; x_wconf 92' lang='lat' dir='ltr'><strong>in</strong></span> <span class='ocrx_word' id='word_1_116' title='bbox 783 1891 977 1956; x_wconf 86' lang='lat' dir='ltr'><strong>Pontificem</strong></span> <span class='ocrx_word' id='word_1_117' title='bbox 1009 1890 1180 1974; x_wconf 85' lang='lat' dir='ltr'><strong>elegerunt</strong></span> <span class='ocrx_word' id='word_1_118' title='bbox 1211 1886 1406 1952; x_wconf 72' lang='lat' dir='ltr'>cardinalem</span> 
     </span>
     <span class='ocr_line' id='line_1_16' title="bbox 299 1987 1408 2073; baseline -0.007 -21"><span class='ocrx_word' id='word_1_119' title='bbox 299 1990 425 2052; x_wconf 64' lang='lat' dir='ltr'><strong>Peterem</strong></span> <span class='ocrx_word' id='word_1_120' title='bbox 459 1989 497 2051; x_wconf 81' lang='lat' dir='ltr'><strong>de</strong></span> <span class='ocrx_word' id='word_1_121' title='bbox 523 1989 625 2064; x_wconf 82' lang='lat' dir='ltr'><strong>Lana,</strong></span> <span class='ocrx_word' id='word_1_122' title='bbox 664 1989 721 2073; x_wconf 90' lang='lat' dir='ltr'><strong>qui</strong></span> <span class='ocrx_word' id='word_1_123' title='bbox 759 2008 879 2052; x_wconf 89' lang='lat' dir='ltr'><strong>nomen</strong></span> <span class='ocrx_word' id='word_1_124' title='bbox 918 1988 1084 2052; x_wconf 71' lang='lat' dir='ltr'><strong><em>Benedicti</em></strong></span> <span class='ocrx_word' id='word_1_125' title='bbox 1114 1987 1202 2052; x_wconf 86' lang='lat' dir='ltr'>XIII</span> <span class='ocrx_word' id='word_1_126' title='bbox 1234 1987 1408 2068; x_wconf 82' lang='lat' dir='ltr'><strong>assumpsit</strong></span> 
     </span>
     <span class='ocr_line' id='line_1_17' title="bbox 300 2084 1408 2172; baseline -0.006 -22"><span class='ocrx_word' id='word_1_127' title='bbox 300 2088 388 2150; x_wconf 79' lang='lat' dir='ltr'><strong>Ante</strong></span> <span class='ocrx_word' id='word_1_128' title='bbox 419 2087 613 2150; x_wconf 81' lang='lat' dir='ltr'>electionem</span> <span class='ocrx_word' id='word_1_129' title='bbox 646 2085 839 2150; x_wconf 77' lang='lat' dir='ltr'><strong>Cardinoles</strong></span> <span class='ocrx_word' id='word_1_130' title='bbox 880 2109 914 2150; x_wconf 91' lang='lat' dir='ltr'><strong>se</strong></span> <span class='ocrx_word' id='word_1_131' title='bbox 940 2086 1132 2172; x_wconf 85' lang='lat' dir='ltr'><strong>juramento</strong></span> <span class='ocrx_word' id='word_1_132' title='bbox 1165 2084 1408 2149; x_wconf 79' lang='lat' dir='ltr'><strong>obstrinxerunt</strong></span> 
     </span>
     <span class='ocr_line' id='line_1_18' title="bbox 299 2182 1409 2270; baseline -0.004 -24"><span class='ocrx_word' id='word_1_133' title='bbox 299 2183 388 2270; x_wconf 90' lang='lat' dir='ltr'><strong>qnod</strong></span> <span class='ocrx_word' id='word_1_134' title='bbox 414 2186 638 2270; x_wconf 90' lang='lat' dir='ltr'><strong>unusquisque</strong></span> <span class='ocrx_word' id='word_1_135' title='bbox 664 2203 776 2247; x_wconf 90' lang='lat' dir='ltr'><strong>eorum</strong></span> <span class='ocrx_word' id='word_1_136' title='bbox 801 2185 1004 2270; x_wconf 83' lang='lat' dir='ltr'><strong>quicumque</strong></span> <span class='ocrx_word' id='word_1_137' title='bbox 1028 2184 1112 2249; x_wconf 86' lang='lat' dir='ltr'><strong>foret</strong></span> <span class='ocrx_word' id='word_1_138' title='bbox 1143 2182 1279 2264; x_wconf 87' lang='lat' dir='ltr'><strong>electus,</strong></span> <span class='ocrx_word' id='word_1_139' title='bbox 1314 2201 1409 2246; x_wconf 76' lang='lat' dir='ltr'><strong>omnes</strong></span> 
     </span>
     <span class='ocr_line' id='line_1_19' title="bbox 299 2280 1424 2389; baseline -0.004 -45"><span class='ocrx_word' id='word_1_140' title='bbox 299 2285 372 2346; x_wconf 87' lang='lat' dir='ltr'><strong>vias</strong></span> <span class='ocrx_word' id='word_1_141' title='bbox 396 2282 502 2359; x_wconf 85' lang='lat' dir='ltr'><strong>utiles,</strong></span> <span class='ocrx_word' id='word_1_142' title='bbox 536 2284 635 2346; x_wconf 87' lang='lat' dir='ltr'><strong>etiam</strong></span> <span class='ocrx_word' id='word_1_143' title='bbox 668 2285 861 2367; x_wconf 82' lang='lat' dir='ltr'><strong>cessionem,</strong></span> <span class='ocrx_word' id='word_1_144' title='bbox 893 2281 1109 2367; x_wconf 75' lang='lat' dir='ltr'><strong>amplexatus</strong></span> <span class='ocrx_word' id='word_1_145' title='bbox 1133 2295 1219 2346; x_wconf 88' lang='lat' dir='ltr'><strong>esset</strong></span> <span class='ocrx_word' id='word_1_146' title='bbox 1241 2280 1287 2343; x_wconf 91' lang='lat' dir='ltr'><strong>ad</strong></span> <span class='ocrx_word' id='word_1_147' title='bbox 1312 2299 1424 2389; x_wconf 59' lang='lat' dir='ltr'><strong>procu-q</strong></span> 
     </span>
     <span class='ocr_line' id='line_1_20' title="bbox 299 2375 1409 2445; baseline -0.005 -3"><span class='ocrx_word' id='word_1_148' title='bbox 299 2379 439 2444; x_wconf 89' lang='lat' dir='ltr'><strong>randam</strong></span> <span class='ocrx_word' id='word_1_149' title='bbox 456 2381 624 2444; x_wconf 90' lang='lat' dir='ltr'><strong>unionem.</strong></span> <span class='ocrx_word' id='word_1_150' title='bbox 650 2379 733 2444; x_wconf 83' lang='lat' dir='ltr'><strong>Erat</strong></span> <span class='ocrx_word' id='word_1_151' title='bbox 749 2379 866 2444; x_wconf 89' lang='lat' dir='ltr'><strong>Petrus</strong></span> <span class='ocrx_word' id='word_1_152' title='bbox 891 2379 932 2444; x_wconf 91' lang='lat' dir='ltr'><strong>de</strong></span> <span class='ocrx_word' id='word_1_153' title='bbox 948 2379 1047 2445; x_wconf 88' lang='lat' dir='ltr'><strong>Luna</strong></span> <span class='ocrx_word' id='word_1_154' title='bbox 1070 2391 1160 2444; x_wconf 83' lang='lat' dir='ltr'><strong>ortus</strong></span> <span class='ocrx_word' id='word_1_155' title='bbox 1183 2401 1224 2442; x_wconf 86' lang='lat' dir='ltr'><strong>ex</strong></span> <span class='ocrx_word' id='word_1_156' title='bbox 1242 2375 1409 2442; x_wconf 79' lang='lat' dir='ltr'><strong>baronibus</strong></span> 
     </span>
     <span class='ocr_line' id='line_1_21' title="bbox 299 2476 1409 2563; baseline -0.006 -23"><span class='ocrx_word' id='word_1_157' title='bbox 299 2478 515 2562; x_wconf 84' lang='lat' dir='ltr'><strong>Arragoniae‚</strong></span> <span class='ocrx_word' id='word_1_158' title='bbox 546 2476 658 2541; x_wconf 89' lang='lat' dir='ltr'><strong>brevis</strong></span> <span class='ocrx_word' id='word_1_159' title='bbox 692 2487 836 2542; x_wconf 84' lang='lat' dir='ltr'><strong>staturae</strong></span> <span class='ocrx_word' id='word_1_160' title='bbox 871 2500 910 2542; x_wconf 88' lang='lat' dir='ltr'><strong>ac</strong></span> <span class='ocrx_word' id='word_1_161' title='bbox 933 2478 1078 2563; x_wconf 84' lang='lat' dir='ltr'><strong>gracilis,</strong></span> <span class='ocrx_word' id='word_1_162' title='bbox 1112 2477 1209 2542; x_wconf 92' lang='lat' dir='ltr'><strong>bomo</strong></span> <span class='ocrx_word' id='word_1_163' title='bbox 1233 2477 1409 2562; x_wconf 67' lang='lat' dir='ltr'><strong>ingeniosus</strong></span> 
     </span>
     <span class='ocr_line' id='line_1_22' title="bbox 300 2573 1423 2668; baseline -0.001 -32"><span class='ocrx_word' id='word_1_164' title='bbox 300 2586 334 2636; x_wconf 89' lang='lat' dir='ltr'><strong>et</strong></span> <span class='ocrx_word' id='word_1_165' title='bbox 362 2573 404 2639; x_wconf 87' lang='lat' dir='ltr'><strong>ad</strong></span> <span class='ocrx_word' id='word_1_166' title='bbox 435 2574 675 2640; x_wconf 88' lang='lat' dir='ltr'><strong>inveniendum</strong></span> <span class='ocrx_word' id='word_1_167' title='bbox 710 2598 762 2640; x_wconf 89' lang='lat' dir='ltr'><strong>res</strong></span> <span class='ocrx_word' id='word_1_168' title='bbox 792 2597 896 2640; x_wconf 86' lang='lat' dir='ltr'><strong>novas</strong></span> <span class='ocrx_word' id='word_1_169' title='bbox 928 2575 1026 2640; x_wconf 88' lang='lat' dir='ltr'><strong>valde</strong></span> <span class='ocrx_word' id='word_1_170' title='bbox 1057 2574 1203 2656; x_wconf 86' lang='lat' dir='ltr'><strong>subtilis,</strong></span> <span class='ocrx_word' id='word_1_171' title='bbox 1237 2595 1423 2668; x_wconf 40' lang='lat' dir='ltr'><strong>magosque¹</strong></span> 
     </span>
     <span class='ocr_line' id='line_1_23' title="bbox 300 2669 1409 2759; baseline -0.005 -23"><span class='ocrx_word' id='word_1_172' title='bbox 300 2670 460 2737; x_wconf 85' lang='lat' dir='ltr'><strong>facundia</strong></span> <span class='ocrx_word' id='word_1_173' title='bbox 483 2673 663 2758; x_wconf 88' lang='lat' dir='ltr'><strong>praeditus.</strong></span> <span class='ocrx_word' id='word_1_174' title='bbox 711 2673 850 2759; x_wconf 88' lang='lat' dir='ltr'><strong>Semper</strong></span> <span class='ocrx_word' id='word_1_175' title='bbox 872 2694 906 2737; x_wconf 91' lang='lat' dir='ltr'><strong>se</strong></span> <span class='ocrx_word' id='word_1_176' title='bbox 929 2674 1128 2754; x_wconf 84' lang='lat' dir='ltr'><strong>ostenderat,</strong></span> <span class='ocrx_word' id='word_1_177' title='bbox 1162 2669 1276 2734; x_wconf 88' lang='lat' dir='ltr'><strong>verbis</strong></span> <span class='ocrx_word' id='word_1_178' title='bbox 1300 2671 1409 2736; x_wconf 76' lang='lat' dir='ltr'><strong>saltem.</strong></span> 
     </span>
     <span class='ocr_line' id='line_1_24' title="bbox 301 2767 1408 2836; baseline -0.005 -4"><span class='ocrx_word' id='word_1_179' title='bbox 301 2769 400 2833; x_wconf 83' lang='lat' dir='ltr'><strong>valde</strong></span> <span class='ocrx_word' id='word_1_180' title='bbox 431 2770 627 2834; x_wconf 86' lang='lat' dir='ltr'><strong>inclinatum</strong></span> <span class='ocrx_word' id='word_1_181' title='bbox 651 2782 688 2834; x_wconf 84' lang='lat' dir='ltr'><strong>ut</strong></span> <span class='ocrx_word' id='word_1_182' title='bbox 712 2770 817 2836; x_wconf 90' lang='lat' dir='ltr'><strong>modis</strong></span> <span class='ocrx_word' id='word_1_183' title='bbox 846 2770 1001 2836; x_wconf 90' lang='lat' dir='ltr'><strong>omnibus</strong></span> <span class='ocrx_word' id='word_1_184' title='bbox 1032 2772 1188 2834; x_wconf 90' lang='lat' dir='ltr'><strong>unionem</strong></span> <span class='ocrx_word' id='word_1_185' title='bbox 1215 2771 1248 2832; x_wconf 91' lang='lat' dir='ltr'><strong>in</strong></span> <span class='ocrx_word' id='word_1_186' title='bbox 1276 2767 1408 2834; x_wconf 73' lang='lat' dir='ltr'><strong>Ecclesia</strong></span> 
     </span>
     <span class='ocr_line' id='line_1_25' title="bbox 301 2855 1408 2954; baseline -0.003 -24"><span class='ocrx_word' id='word_1_187' title='bbox 301 2867 410 2930; x_wconf 89' lang='lat' dir='ltr'><strong>facere</strong></span> <span class='ocrx_word' id='word_1_188' title='bbox 440 2855 548 2950; x_wconf 83' lang='lat' dir='ltr'><strong>vellet,</strong></span> <span class='ocrx_word' id='word_1_189' title='bbox 581 2868 639 2932; x_wconf 90' lang='lat' dir='ltr'><strong>sed</strong></span> <span class='ocrx_word' id='word_1_190' title='bbox 671 2878 785 2954; x_wconf 91' lang='lat' dir='ltr'><strong>postea</strong></span> <span class='ocrx_word' id='word_1_191' title='bbox 815 2889 906 2954; x_wconf 89' lang='lat' dir='ltr'><strong>spem</strong></span> <span class='ocrx_word' id='word_1_192' title='bbox 939 2867 1065 2934; x_wconf 83' lang='lat' dir='ltr'><strong>fefellit.</strong></span> <span class='ocrx_word' id='word_1_193' title='bbox 1114 2866 1320 2930; x_wconf 76' lang='lat' dir='ltr'><strong>benedictus</strong></span> <span class='ocrx_word' id='word_1_194' title='bbox 1342 2861 1408 2930; x_wconf 83' lang='lat' dir='ltr'><strong>Xlll</strong></span> 
     </span>
     <span class='ocr_line' id='line_1_26' title="bbox 301 2961 1410 3052; baseline -0.005 -24"><span class='ocrx_word' id='word_1_195' title='bbox 301 2967 425 3049; x_wconf 86' lang='lat' dir='ltr'><strong>optime</strong></span> <span class='ocrx_word' id='word_1_196' title='bbox 449 2967 566 3042; x_wconf 83' lang='lat' dir='ltr'><strong>sciens,</strong></span> <span class='ocrx_word' id='word_1_197' title='bbox 600 2977 760 3052; x_wconf 88' lang='lat' dir='ltr'><strong>quantum</strong></span> <span class='ocrx_word' id='word_1_198' title='bbox 784 2989 845 3031; x_wconf 92' lang='lat' dir='ltr'><strong>sua</strong></span> <span class='ocrx_word' id='word_1_199' title='bbox 874 2967 1055 3047; x_wconf 87' lang='lat' dir='ltr'><strong>interesset,</strong></span> <span class='ocrx_word' id='word_1_200' title='bbox 1090 2975 1127 3030; x_wconf 90' lang='lat' dir='ltr'><strong>ut</strong></span> <span class='ocrx_word' id='word_1_201' title='bbox 1156 2987 1272 3048; x_wconf 83' lang='lat' dir='ltr'><strong>regem</strong></span> <span class='ocrx_word' id='word_1_202' title='bbox 1297 2961 1410 3028; x_wconf 77' lang='lat' dir='ltr'><strong>Galliae</strong></span> 
     </span>
     <span class='ocr_line' id='line_1_27' title="bbox 301 3062 1422 3136; baseline -0.003 -10"><span class='ocrx_word' id='word_1_203' title='bbox 301 3075 334 3126; x_wconf 90' lang='lat' dir='ltr'><strong>et</strong></span> <span class='ocrx_word' id='word_1_204' title='bbox 359 3062 618 3128; x_wconf 84' lang='lat' dir='ltr'><strong>Universitatem</strong></span> <span class='ocrx_word' id='word_1_205' title='bbox 642 3065 863 3129; x_wconf 88' lang='lat' dir='ltr'><strong>Parisiensem</strong></span> <span class='ocrx_word' id='word_1_206' title='bbox 888 3065 921 3128; x_wconf 93' lang='lat' dir='ltr'><strong>in</strong></span> <span class='ocrx_word' id='word_1_207' title='bbox 947 3086 1007 3128; x_wconf 89' lang='lat' dir='ltr'><strong>sua</strong></span> <span class='ocrx_word' id='word_1_208' title='bbox 1031 3063 1222 3128; x_wconf 87' lang='lat' dir='ltr'><strong>obedientia</strong></span> <span class='ocrx_word' id='word_1_209' title='bbox 1253 3081 1422 3136; x_wconf 45' lang='lat' dir='ltr'><strong>conserva·E</strong></span> 
     </span>
     <span class='ocr_line' id='line_1_28' title="bbox 301 3158 1409 3248; baseline -0.005 -25"><span class='ocrx_word' id='word_1_210' title='bbox 301 3171 361 3243; x_wconf 87' lang='lat' dir='ltr'><strong>ret,</strong></span> <span class='ocrx_word' id='word_1_211' title='bbox 386 3162 426 3226; x_wconf 91' lang='lat' dir='ltr'><strong>iis</strong></span> <span class='ocrx_word' id='word_1_212' title='bbox 441 3162 654 3246; x_wconf 82' lang='lat' dir='ltr'><strong>significavit,</strong></span> <span class='ocrx_word' id='word_1_213' title='bbox 679 3184 713 3226; x_wconf 89' lang='lat' dir='ltr'><strong>se</strong></span> <span class='ocrx_word' id='word_1_214' title='bbox 734 3163 888 3248; x_wconf 88' lang='lat' dir='ltr'><strong>quamvis</strong></span> <span class='ocrx_word' id='word_1_215' title='bbox 904 3163 1047 3226; x_wconf 88' lang='lat' dir='ltr'><strong>invitum</strong></span> <span class='ocrx_word' id='word_1_216' title='bbox 1063 3163 1096 3225; x_wconf 91' lang='lat' dir='ltr'><strong>in</strong></span> <span class='ocrx_word' id='word_1_217' title='bbox 1110 3159 1311 3224; x_wconf 87' lang='lat' dir='ltr'><strong>Pontificem</strong></span> <span class='ocrx_word' id='word_1_218' title='bbox 1326 3158 1409 3222; x_wconf 63' lang='lat' dir='ltr'><strong>inisse</strong></span> 
     </span>
     <span class='ocr_line' id='line_1_29' title="bbox 302 3257 1409 3346; baseline -0.005 -25"><span class='ocrx_word' id='word_1_219' title='bbox 302 3257 454 3341; x_wconf 87' lang='lat' dir='ltr'><strong>electum,</strong></span> <span class='ocrx_word' id='word_1_220' title='bbox 478 3269 513 3322; x_wconf 85' lang='lat' dir='ltr'><strong>at</strong></span> <span class='ocrx_word' id='word_1_221' title='bbox 529 3261 775 3346; x_wconf 89' lang='lat' dir='ltr'><strong>paratissimum</strong></span> <span class='ocrx_word' id='word_1_222' title='bbox 790 3283 860 3324; x_wconf 90' lang='lat' dir='ltr'><strong>esse</strong></span> <span class='ocrx_word' id='word_1_223' title='bbox 876 3259 919 3324; x_wconf 90' lang='lat' dir='ltr'><strong>ad</strong></span> <span class='ocrx_word' id='word_1_224' title='bbox 933 3257 1166 3346; x_wconf 88' lang='lat' dir='ltr'><strong>deponendum</strong></span> <span class='ocrx_word' id='word_1_225' title='bbox 1181 3257 1409 3343; x_wconf 83' lang='lat' dir='ltr'><strong>pontificatum.</strong></span> 
     </span>
    </p>

    <p class='ocr_par' dir='ltr' id='par_1_3' title="bbox 302 3355 1282 3444">
     <span class='ocr_line' id='line_1_30' title="bbox 302 3355 1282 3444; baseline 0 -25"><span class='ocrx_word' id='word_1_226' title='bbox 302 3357 329 3419; x_wconf 90' lang='lat' dir='ltr'><strong>si</strong></span> <span class='ocrx_word' id='word_1_227' title='bbox 353 3355 387 3420; x_wconf 91' lang='lat' dir='ltr'><strong>id</strong></span> <span class='ocrx_word' id='word_1_228' title='bbox 412 3357 454 3420; x_wconf 89' lang='lat' dir='ltr'><strong>ad</strong></span> <span class='ocrx_word' id='word_1_229' title='bbox 479 3358 744 3444; x_wconf 90' lang='lat' dir='ltr'><strong>componendum</strong></span> <span class='ocrx_word' id='word_1_230' title='bbox 771 3357 915 3422; x_wconf 89' lang='lat' dir='ltr'><strong>schisms</strong></span> <span class='ocrx_word' id='word_1_231' title='bbox 938 3358 1023 3422; x_wconf 83' lang='lat' dir='ltr'><strong>foret</strong></span> <span class='ocrx_word' id='word_1_232' title='bbox 1045 3355 1282 3421; x_wconf 88' lang='lat' dir='ltr'><strong>necessarium.</strong></span> 
     </span>
    </p>

    <p class='ocr_par' dir='ltr' id='par_1_4' title="bbox 302 3449 1421 4128">
     <span class='ocr_line' id='line_1_31' title="bbox 392 3449 1409 3542; baseline -0.007 -25"><span class='ocrx_word' id='word_1_233' title='bbox 392 3453 445 3517; x_wconf 85' lang='lat'><strong>35.</strong></span> <span class='ocrx_word' id='word_1_234' title='bbox 475 3451 560 3518; x_wconf 83' lang='lat' dir='ltr'><strong>Cum</strong></span> <span class='ocrx_word' id='word_1_235' title='bbox 585 3478 698 3520; x_wconf 88' lang='lat' dir='ltr'><strong>omnes</strong></span> <span class='ocrx_word' id='word_1_236' title='bbox 721 3457 768 3542; x_wconf 91' lang='lat' dir='ltr'><strong>pii</strong></span> <span class='ocrx_word' id='word_1_237' title='bbox 793 3459 891 3522; x_wconf 87' lang='lat' dir='ltr'><strong>etiam</strong></span> <span class='ocrx_word' id='word_1_238' title='bbox 916 3457 952 3519; x_wconf 91' lang='lat' dir='ltr'><strong>in</strong></span> <span class='ocrx_word' id='word_1_239' title='bbox 976 3452 1089 3520; x_wconf 89' lang='lat' dir='ltr'><strong>Gallia</strong></span> <span class='ocrx_word' id='word_1_240' title='bbox 1113 3453 1274 3517; x_wconf 88' lang='lat' dir='ltr'><strong>uni0nem</strong></span> <span class='ocrx_word' id='word_1_241' title='bbox 1300 3449 1409 3516; x_wconf 77' lang='lat' dir='ltr'><strong>deside-</strong></span> 
     </span>
     <span class='ocr_line' id='line_1_32' title="bbox 302 3551 1408 3639; baseline -0.005 -24"><span class='ocrx_word' id='word_1_242' title='bbox 302 3563 423 3633; x_wconf 86' lang='lat' dir='ltr'><strong>rarent,</strong></span> <span class='ocrx_word' id='word_1_243' title='bbox 448 3574 508 3616; x_wconf 90' lang='lat' dir='ltr'><strong>rex</strong></span> <span class='ocrx_word' id='word_1_244' title='bbox 531 3551 660 3619; x_wconf 83' lang='lat' dir='ltr'><strong>Galliae</strong></span> <span class='ocrx_word' id='word_1_245' title='bbox 683 3552 852 3639; x_wconf 83' lang='lat' dir='ltr'><strong>praesules</strong></span> <span class='ocrx_word' id='word_1_246' title='bbox 876 3563 909 3618; x_wconf 83' lang='lat' dir='ltr'><strong>et</strong></span> <span class='ocrx_word' id='word_1_247' title='bbox 931 3553 1081 3618; x_wconf 88' lang='lat' dir='ltr'><strong>doctores</strong></span> <span class='ocrx_word' id='word_1_248' title='bbox 1097 3551 1241 3616; x_wconf 78' lang='lat' dir='ltr'><strong>Parisios</strong></span> <span class='ocrx_word' id='word_1_249' title='bbox 1267 3569 1408 3614; x_wconf 75' lang='lat' dir='ltr'><strong>convoca·</strong></span> 
     </span>
     <span class='ocr_line' id='line_1_33' title="bbox 303 3649 1407 3737; baseline -0.002 -26"><span class='ocrx_word' id='word_1_250' title='bbox 303 3651 362 3732; x_wconf 83' lang='lat' dir='ltr'><strong>vit,</strong></span> <span class='ocrx_word' id='word_1_251' title='bbox 394 3660 431 3713; x_wconf 91' lang='lat' dir='ltr'><strong>ut</strong></span> <span class='ocrx_word' id='word_1_252' title='bbox 460 3649 636 3736; x_wconf 82' lang='lat' dir='ltr'><strong>diligenter</strong></span> <span class='ocrx_word' id='word_1_253' title='bbox 660 3653 865 3737; x_wconf 86' lang='lat' dir='ltr'><strong>inquirerent</strong></span> <span class='ocrx_word' id='word_1_254' title='bbox 894 3663 927 3715; x_wconf 87' lang='lat' dir='ltr'><strong>et</strong></span> <span class='ocrx_word' id='word_1_255' title='bbox 957 3649 1187 3730; x_wconf 87' lang='lat' dir='ltr'><strong>deliberarent,</strong></span> <span class='ocrx_word' id='word_1_256' title='bbox 1219 3669 1309 3734; x_wconf 90' lang='lat' dir='ltr'><strong>quae</strong></span> <span class='ocrx_word' id='word_1_257' title='bbox 1342 3661 1407 3708; x_wconf 61' lang='lat' dir='ltr'><strong>emet</strong></span> 
     </span>
     <span class='ocr_line' id='line_1_34' title="bbox 303 3744 1409 3828; baseline 0 -18"><span class='ocrx_word' id='word_1_258' title='bbox 303 3747 507 3812; x_wconf 87' lang='lat' dir='ltr'><strong>commodior</strong></span> <span class='ocrx_word' id='word_1_259' title='bbox 530 3759 563 3812; x_wconf 87' lang='lat' dir='ltr'><strong>et</strong></span> <span class='ocrx_word' id='word_1_260' title='bbox 586 3749 753 3813; x_wconf 85' lang='lat' dir='ltr'><strong>efficacior</strong></span> <span class='ocrx_word' id='word_1_261' title='bbox 776 3749 832 3813; x_wconf 85' lang='lat' dir='ltr'><strong>via</strong></span> <span class='ocrx_word' id='word_1_262' title='bbox 856 3747 1080 3814; x_wconf 83' lang='lat' dir='ltr'><strong>restituendae</strong></span> <span class='ocrx_word' id='word_1_263' title='bbox 1103 3747 1249 3812; x_wconf 88' lang='lat' dir='ltr'><strong>unionis.</strong></span> <span class='ocrx_word' id='word_1_264' title='bbox 1287 3744 1338 3810; x_wconf 91' lang='lat' dir='ltr'><strong>Illi</strong></span> <span class='ocrx_word' id='word_1_265' title='bbox 1353 3757 1409 3828; x_wconf 75' lang='lat' dir='ltr'><strong>poa</strong></span> 
     </span>
     <span class='ocr_line' id='line_1_35' title="bbox 304 3839 1410 3929; baseline -0.004 -21"><span class='ocrx_word' id='word_1_266' title='bbox 304 3855 467 3910; x_wconf 82' lang='lat' dir='ltr'><strong>innturam</strong></span> <span class='ocrx_word' id='word_1_267' title='bbox 501 3849 624 3929; x_wconf 87' lang='lat' dir='ltr'><strong>negotii</strong></span> <span class='ocrx_word' id='word_1_268' title='bbox 657 3847 895 3912; x_wconf 87' lang='lat' dir='ltr'><strong>discussionem</strong></span> <span class='ocrx_word' id='word_1_269' title='bbox 928 3843 983 3911; x_wconf 85' lang='lat' dir='ltr'><strong>die</strong></span> <span class='ocrx_word' id='word_1_270' title='bbox 1014 3847 1052 3910; x_wconf 83' lang='lat'><strong>2⁰</strong></span> <span class='ocrx_word' id='word_1_271' title='bbox 1077 3843 1251 3910; x_wconf 83' lang='lat' dir='ltr'><strong>Februarii</strong></span> <span class='ocrx_word' id='word_1_272' title='bbox 1285 3866 1316 3909; x_wconf 76' lang='lat' dir='ltr'><strong>a.</strong></span> <span class='ocrx_word' id='word_1_273' title='bbox 1341 3839 1410 3906; x_wconf 67' lang='lat' dir='ltr'><strong>izai»</strong></span> 
     </span>
     <span class='ocr_line' id='line_1_36' title="bbox 303 3935 1408 4031; baseline -0.006 -25"><span class='ocrx_word' id='word_1_274' title='bbox 303 3954 545 4029; x_wconf 88' lang='lat' dir='ltr'><strong>proposuerunt</strong></span> <span class='ocrx_word' id='word_1_275' title='bbox 568 3947 749 4031; x_wconf 85' lang='lat' dir='ltr'><strong>utriusque,</strong></span> <span class='ocrx_word' id='word_1_276' title='bbox 781 3943 939 4008; x_wconf 83' lang='lat' dir='ltr'><strong>Bonifatii</strong></span> <span class='ocrx_word' id='word_1_277' title='bbox 964 3943 1020 4008; x_wconf 28' lang='lat' dir='ltr'>IX*</span> <span class='ocrx_word' id='word_1_278' title='bbox 1054 3955 1087 4008; x_wconf 89' lang='lat' dir='ltr'><strong>et</strong></span> <span class='ocrx_word' id='word_1_279' title='bbox 1123 3941 1300 4007; x_wconf 87' lang='lat' dir='ltr'><strong>Benedicti</strong></span> <span class='ocrx_word' id='word_1_280' title='bbox 1330 3935 1408 4005; x_wconf 75' lang='lat' dir='ltr'><strong>xiil,</strong></span> 
     </span>
     <span class='ocr_line' id='line_1_37' title="bbox 304 4029 1420 4128; baseline -0.012 -23"><span class='ocrx_word' id='word_1_281' title='bbox 304 4043 496 4108; x_wconf 87' lang='lat' dir='ltr'><strong>cessionem.</strong></span> <span class='ocrx_word' id='word_1_282' title='bbox 545 4042 658 4127; x_wconf 85' lang='lat' dir='ltr'><strong>Aliqui</strong></span> <span class='ocrx_word' id='word_1_283' title='bbox 683 4055 794 4106; x_wconf 90' lang='lat' dir='ltr'><strong>tamen</strong></span> <span class='ocrx_word' id='word_1_284' title='bbox 818 4043 1064 4122; x_wconf 86' lang='lat' dir='ltr'><strong>existimarunt,</strong></span> <span class='ocrx_word' id='word_1_285' title='bbox 1096 4061 1198 4128; x_wconf 89' lang='lat' dir='ltr'><strong>quum</strong></span> <span class='ocrx_word' id='word_1_286' title='bbox 1223 4029 1420 4106; x_wconf 73' lang='lat' dir='ltr'><strong>Remedium-l</strong></span> 
     </span>
    </p>
   </div>
   <div class='ocr_carea' id='block_1_3' title="bbox 379 4253 915 4322">
    <p class='ocr_par' dir='ltr' id='par_1_5' title="bbox 379 4253 915 4322">
     <span class='ocr_line' id='line_1_38' title="bbox 379 4253 915 4322; baseline 0.002 -14"><span class='ocrx_word' id='word_1_287' title='bbox 379 4255 398 4316; x_wconf 68' lang='lat'><strong>¹}</strong></span> <span class='ocrx_word' id='word_1_288' title='bbox 419 4255 451 4311; x_wconf 92' lang='lat' dir='ltr'><strong>V.</strong></span> <span class='ocrx_word' id='word_1_289' title='bbox 470 4254 571 4320; x_wconf 69' lang='lat' dir='ltr'><strong>Balce,</strong></span> <span class='ocrx_word' id='word_1_290' title='bbox 592 4255 673 4308; x_wconf 84' lang='lat' dir='ltr'><strong>Vitae</strong></span> <span class='ocrx_word' id='word_1_291' title='bbox 692 4255 731 4318; x_wconf 68' lang='lat' dir='ltr'><strong>P„</strong></span> <span class='ocrx_word' id='word_1_292' title='bbox 752 4254 772 4311; x_wconf 93' lang='lat' dir='ltr'>I.</span> <span class='ocrx_word' id='word_1_293' title='bbox 792 4270 817 4322; x_wconf 84' lang='lat' dir='ltr'><strong>p.</strong></span> <span class='ocrx_word' id='word_1_294' title='bbox 837 4253 915 4309; x_wconf 79' lang='lat'>1397.</span> 
     </span>
    </p>
   </div>
   <div class='ocr_carea' id='block_1_4' title="bbox 0 0 1447 4844">
    <p class='ocr_par' dir='ltr' id='par_1_6' title="bbox 0 0 1447 4844">
     <span class='ocr_line' id='line_1_39' title="bbox 0 0 1447 4844; baseline 0 0"><span class='ocrx_word' id='word_1_295' title='bbox 0 0 1447 4844; x_wconf 95' lang='lat' dir='ltr'><strong> </strong></span> 
     </span>
    </p>
   </div>
  </div>
 </body>
</html>
