2850 4834
387 451 428 505 De
446 449 636 504 Minoritarum
656 450 752 506 turbis.
1086 453 1137 506 175

38 597 182 662 Pontificis
204 595 421 662 declarationi
445 593 595 680 plerique
619 604 849 676 assenserunt3
873 594 931 659 alii
956 617 1034 660 vero
1059 597 1138 680 rigi·

38 695 124 760 diores
145 693 399 774 contenderunt,
424 691 682 757 declarationem
707 694 804 757 istam
820 692 968 759 nondum
985 694 1138 758 sufficere
1207 687 1215 704 '

37 792 224 876 evangelicae
248 812 349 878 quam
361 798 526 854 voverant
548 791 748 875 paupertati.
777 789 934 856 Nicolsus
950 791 1002 856 III
1025 793 1137 876 igitur,

37 890 167 954 Pontifex
190 889 427 955 Franciscanis
450 885 549 970 valde
573 886 738 968 addictus,
769 898 807 951 ut
829 909 915 974 quae
938 889 1083 955 tenenda
1105 897 1139 953 et

37 987 220 1052 observanda
244 995 355 1051 essent
377 987 573 1050 auctoritate
593 983 788 1070 Apostoliea
812 984 934 1050 elarius
957 997 1137 1052 statueren-

36 1096 84 1164 tur,
115 1095 144 1149 et
166 1081 422 1150 difficultatibus
446 1081 671 1164 obveniretur,
708 1105 737 1150 a.
765 1083 850 1148 1278
886 1084 1136 1150 celeberrimam

34 1182 121 1246 edidit
145 1183 423 1249 Constitutionem
448 1182 542 1244 Eaeiit
564 1183 619 1267 qni
640 1181 817 1266 seminat,¹)
845 1182 878 1246 in
904 1205 971 1268 qua
994 1181 1138 1268 plurima
1157 1191 1300 1296 comm

35 1303 102 1364 quae
122 1281 268 1366 regulam
292 1279 525 1344 Minoritarum
550 1289 702 1364 spectant
725 1281 887 1364 exposuit,
918 1291 952 1344 et
973 1283 1137 1346 rationem

34 1399 85 1462 qua
104 1400 196 1462 agere
221 1377 382 1445 deberent
395 1375 526 1440 Fratres
542 1375 687 1440 Minores
711 1376 956 1444 determinavit.
991 1377 1137 1465 Scopam

34 1497 111 1539 sunm
139 1478 209 1562 ipse
241 1475 394 1540 enuntiat
426 1473 491 1538 illis
523 1472 654 1538 verbis:
695 1473 764 1538 Nec
796 1476 841 1538 sic
871 1486 980 1540 contra
1003 1479 1136 1544 Fratres

31 1575 101 1658 ipsm
112 1575 251 1638 Minores
274 1583 304 1636 et
326 1570 467 1659 rapulam
489 1573 586 1637 bostis
610 1573 735 1657 antiqui
758 1575 892 1637 cessauit
906 1578 1037 1656 astutia,
1060 1578 1137 1662 qnin

30 1674 118 1756 potins
146 1682 259 1735 contra
288 1693 341 1735 eos
370 1672 474 1734 nitens
506 1673 758 1756 superseminare
780 1672 946 1752 zizaniam,
978 1675 1138 1740 interdum

33 1769 219 1834 aemnlatores
235 1771 374 1856 apitotos
390 1767 526 1847 invidia,
550 1767 733 1846 iracundia,
757 1778 788 1832 et
809 1767 983 1834 indiscreta
1005 1773 1138 1838 inscitia

32 1867 187 1948 cmcitcoit,
216 1865 394 1930 mordentes
417 1865 557 1945 Fratres,
582 1876 613 1928 et
635 1886 741 1928 eornm
763 1865 904 1949 rapulam
926 1870 1019 1954 qnasi
1039 1869 1136 1935 illici·

32 1973 89 2041 tam,
110 1962 371 2029 inobservabilem
394 1973 424 2026 et
447 1963 703 2027 discriminosam
717 1965 842 2028 caninis
859 1964 1031 2030 latratibus
1055 1966 1134 2033 lace·

31 2072 128 2128 rantes.
159 2110 167 2126 .
193 2111 200 2126 .
227 2102 247 2126 .·
273 2061 381 2126 l'isum
412 2069 459 2124 est
487 2060 590 2140 nobis,
621 2061 672 2145 (ut
694 2061 894 2126 mordacitas
924 2065 1137 2152 hujuscemodi

32 2159 177 2223 nordendi
207 2162 277 2224 iras
295 2157 602 2246 praecluderemns),
634 2155 746 2244 aliqua
769 2182 848 2245 qaae
871 2162 907 2225 in
929 2162 1002 2247 ipsa
1025 2163 1137 2248 rapula

30 2255 114 2321 odem
131 2267 284 2343 poterant
307 2256 408 2321 dnbio
423 2255 600 2334 declarare,
624 2255 781 2321 nonnulla
798 2279 861 2344 per
875 2259 1135 2326 Proedecesaorcs

30 2356 107 2418 etiam
126 2367 252 2421 nosnos
282 2355 450 2420 declarata
478 2354 621 2440 pleniori
644 2355 791 2419 claritate
821 2356 985 2438 disserere,
1015 2359 1051 2423 in
1074 2359 1134 2424 ali·

29 2451 120 2532 pn'bur
142 2455 240 2517 etiam
261 2450 404 2540 rapulam
419 2453 525 2539 ipsam
539 2453 790 2538 continpentibns
798 2456 941 2540 puritati
956 2458 1135 2522 eorumdem

29 2547 192 2632 (Fratrum)
216 2551 426 2614 conscientiae
443 2549 624 2636 procidere.

100 2691 151 2758 25.
180 2691 273 2756 Inter
295 2690 362 2755 alia
384 2690 540 2755 Pontifex
564 2690 722 2777 declarat,
746 2701 871 2756 arctam
895 2713 1009 2758 eorum
1033 2717 1133 2781 quam

29 2790 123 2874 regula
146 2789 396 2877 praescribebat
410 2800 641 2876 paupertatem
666 2813 705 2855 ac
728 2792 939 2876 proprietatis
953 2791 1134 2859 abdicatio·

29 2907 88 2951 nen
111 2891 143 2954 in
168 2913 206 2955 eo
231 2891 372 2976 positam
402 2910 483 2970 esse,
516 2897 553 2952 ut
575 2889 792 2953 Franciscani
816 2885 900 2952 nibil
924 2889 987 2954 sibi
1012 2891 1075 2955 sive
1098 2893 1135 2957 in

27 2990 161 3052 conmuni
184 2989 248 3052 sice
271 2988 307 3050 in
323 2984 525 3073 particulam
549 2988 721 3072 proprium
745 2985 967 3068 vindicarent,
994 2999 1026 3052 et
1050 2989 1134 3054 nihil

27 3085 166 3168 superflui
180 3087 214 3149 in
230 3082 426 3171 supellectili
442 3082 623 3164 haberent,
648 3083 811 3170 ejusmodi
827 3096 938 3150 autem
953 3084 1134 3152 abdicatio-

28 3201 88 3246 nem
103 3184 324 3270 proprietatis,
349 3193 420 3246 tum
435 3184 469 3246 in
487 3185 657 3248 communi
674 3194 745 3247 tum
762 3185 796 3247 in
813 3180 1016 3268 particulari,
1032 3206 1134 3269 quam

27 3289 52 3338 et
63 3277 203 3346 Christus
220 3281 322 3346 verbo
348 3281 462 3346 docuit
478 3291 510 3344 et
525 3281 677 3366 exemplo
694 3281 850 3363 firmavit,
874 3292 1008 3366 propter
1022 3283 1134 3348 Deum

27 3373 130 3442 laetam
160 3401 231 3444 esse
263 3379 477 3444 meritoriam.
527 3379 625 3442 Porro
658 3401 725 3443 cnm
756 3381 831 3464 ipsa
852 3378 965 3466 repola
987 3402 1134 3466 expressa

27 3477 177 3557 contineat,
207 3477 290 3563 qnod
313 3477 447 3541 Fratres
469 3476 551 3540 nillil
575 3478 637 3541 sibi
660 3479 881 3564 appropriant,
912 3499 967 3540 nec
997 3477 1132 3558 domam,

27 3593 70 3634 mc
91 3572 199 3655 locum,
228 3599 284 3639 nec
308 3573 450 3659 aliquam
472 3597 547 3653 rem,
573 3577 673 3661 sitque
696 3574 893 3638 declaratam
910 3598 973 3660 per
997 3575 1133 3641 Praeda

27 3689 158 3736 anserem
179 3684 322 3737 noenum
349 3671 535 3759 ‘al-reporinm
557 3673 609 3737 IX
630 3683 660 3736 et
681 3670 852 3737 nonnullos
876 3672 968 3752 alios,
991 3675 1047 3738 boc
1069 3697 1133 3738 scr·

27 3785 87 3832 rare
114 3769 222 3834 debere
256 3771 378 3834 tamin
401 3768 534 3856 speciali
557 3793 651 3856 qnam
674 3771 770 3833 etiam
799 3771 833 3833 in
856 3773 1024 3851 communi,
1057 3825 1064 3840 .
1090 3822 1098 3838 .
1124 3822 1132 3838 .

27 3859 152 3946 dicimus,
175 3865 259 3953 qnod
282 3867 443 3931 abdicatio
456 3869 670 3955 proprietatis
684 3868 863 3957 hujusmodi
876 3870 1015 3934 omnium
1029 3893 1135 3935 rerum

28 3969 79 4024 tam
104 3966 139 4028 in
168 3965 312 4052 speciali,
350 3989 443 4051 qnam
475 3967 570 4030 etiam
599 3967 636 4030 in
669 3967 832 4045 communi,
861 3977 997 4054 propter
1018 3969 1133 4048 Deum,

28 4127 223 4146 N-

86 4234 104 4299 ¹l
123 4235 157 4291 V.
176 4237 251 4292 Sexti
271 4237 405 4294 Decretal.
424 4238 455 4293 L.
475 4239 508 4298 V.
527 4241 583 4296 Tit.
602 4240 666 4296 XII.
686 4239 715 4297 0.
735 4239 787 4296 ΙΙΙ.
