2850 4834
113 609 230 650 Sententia

108 673 239 712 Tribunalls

123 735 213 774 summi.

269 467 320 520 120
481 465 582 524 XXXI.
600 466 641 521 De
660 465 807 521 abolitione
825 465 935 521 Ordinis
953 464 1173 534 Templariorum,

266 609 380 696 aliquo
402 609 544 695 simplici
558 609 728 674 Pontificis
752 608 895 690 decreto,
920 608 979 672 sod
1003 608 1044 672 de
1068 606 1205 672 solemni
1224 607 1396 672 Constitu·

265 710 365 788 tione,
390 731 465 794 qua,
490 707 695 793 approbante
721 706 870 771 Concilio
895 708 1121 787 oecumenico,
1147 709 1316 770 sententia
1342 704 1399 768 ills

265 807 507 892 suppressionis
537 805 605 870 lata
638 816 696 871 est.
743 805 820 871 Jam
847 827 924 869 vero
954 803 1117 890 ejusmodi
1141 803 1302 868 solemnis
1328 825 1398 867 sen·

264 905 368 968 tentia
398 905 543 989 supremi
575 903 760 984 tribunalis,
793 925 834 966 ex
859 902 969 967 indole
993 924 1053 965 sua
1085 904 1217 966 nonnisi
1247 902 1297 966 ob
1328 923 1400 985 gra·

264 1003 417 1066 vissimas
461 1012 493 1066 et
529 1001 700 1066 evidentes
745 1003 888 1065 rationes
940 1002 1034 1084 argui
1069 1007 1180 1085 posset
1217 1011 1252 1063 ut
1295 997 1400 1064 fallax

265 1099 318 1163 vel
333 1101 467 1186 injusta.
499 1100 588 1164 Hinc
608 1121 673 1164 non
696 1101 862 1183 convenit,
888 1109 925 1163 ut
948 1097 1102 1162 catholici
1127 1100 1227 1162 etiam
1240 1111 1401 1162 auctores
1420 1135 1421 1152 κ

263 1197 391 1280 leviter,
416 1197 576 1262 adhibitis
600 1199 698 1262 rueris
721 1197 1005 1283 suppositionibus
1039 1207 1072 1260 et
1100 1197 1319 1282 conjecturis,
1358 1197 1421 1260 inv

265 1295 391 1360 vehant
421 1297 454 1360 in
486 1294 568 1360 illud
602 1294 771 1360 Ecclesiae
805 1295 984 1381 judicium.
1020 1333 1063 1342 -
1101 1293 1421 1374 Quemadmodum

266 1417 343 1459 vero
367 1394 572 1479 approbante
594 1391 742 1458 Concilio
767 1396 932 1458 sententia
956 1395 1019 1457 ista
1041 1392 1110 1457 lata
1133 1404 1193 1474 est,
1218 1395 1269 1456 sic
1297 1394 1421 1464 etiami

264 1494 447 1578 generatim
478 1515 497 1556 a
529 1493 609 1556 viris
633 1491 776 1556 cordatis
799 1493 863 1555 fuit
886 1491 1081 1577 approbata,
1110 1501 1143 1554 et
1170 1501 1334 1555 auctores
1360 1491 1421 1552 lsi-i

223 1663 224 1668 η
264 1591 376 1655 storici
406 1589 536 1654 illorum
567 1599 753 1674 temporum
789 1591 935 1654 maxima
973 1611 1015 1652 cx
1046 1599 1139 1673 parte
1177 1588 1421 1657 abolitionemi

265 1687 402 1754 Ordinis
427 1689 541 1752 merito
566 1687 688 1752 factam
713 1710 782 1750 csse
799 1699 1010 1753 censuerunt.
1042 1685 1097 1750 Sic
1115 1707 1187 1750 eam
1205 1686 1421 1772 approbanti

266 1784 485 1851 Continuator
501 1784 660 1850 Gulielmi
677 1785 810 1868 Nangii,
837 1783 1014 1850 Chronista
1038 1808 1063 1850 s.
1079 1785 1247 1868 Dionysii,
1273 1783 1421 1854 doben-l

266 1907 324 1948 nes
348 1907 367 1948 a
392 1907 417 1949 s.
442 1885 587 1964 Victore,
617 1883 828 1948 Ptolomaeus
852 1883 1024 1964 Lucensis,
1053 1881 1245 1946 Bernartius
1272 1882 1421 1949 Gnidol

266 1984 327 2062 uis,
352 1981 542 2046 Amalricus
566 1983 743 2064 Augerius,
768 1981 925 2045 Nicolaus
949 1980 1098 2045 Rosellus
1123 1979 1325 2046 Cardinalie
1348 1983 1405 2046 Ar·

265 2103 419 2165 ragonus,
444 2078 638 2144 Albertinus
662 2081 839 2161 Mussatus,
865 2080 1064 2143 Franciscus
1080 2078 1258 2164 Pippinus,
1290 2080 1421 2166 Ferro-l

266 2188 319 2242 tus
343 2178 554 2258 Vicentinus,
580 2176 726 2242 Thomas
740 2177 972 2261 Walsingham
998 2188 1031 2241 ct
1049 2177 1205 2240 Albertus
1221 2177 1421 2266 Krentiosl

266 2275 431 2356 villania
462 2275 596 2362 quidem
624 2285 722 2339 etex
746 2277 816 2360 ipso
848 2299 872 2339 s.
897 2276 1097 2356 Antoninus,
1129 2274 1421 2362 Templariornurl

269 2375 440 2438 interitum
473 2377 583 2458 potius
613 2376 774 2438 avaritiae
797 2372 944 2459 Philippi
978 2375 1065 2458 regis
1087 2372 1308 2456 adscribunt3
1352 2361 1421 2450 sedi

266 2471 391 2538 Villani
424 2493 572 2536 rumores
602 2472 777 2558 populares
801 2471 920 2535 hocin
946 2493 980 2535 re
1012 2479 1063 2553 (ut
1086 2469 1232 2558 saepius)
1268 2471 1421 2542 secutnsl

267 2582 324 2650 est,
360 2571 495 2655 ejusque
531 2568 645 2634 relatio
677 2572 873 2634 auctoritate
902 2581 1001 2651 caret,
1033 2592 1134 2656 quum
1159 2569 1282 2635 valida
1309 2574 1421 2644 doru-l

268 2678 379 2731 merila
405 2678 437 2730 ct
460 2667 592 2752 plurimi
618 2667 767 2732 historici
791 2667 899 2731 eidem
925 2679 1143 2752 opponantur.
1420 2695 1421 2741 l

356 2765 409 2829 36.
450 2765 558 2829 Etiam
585 2789 605 2830 a
630 2766 743 2851 probis
766 2765 902 2830 familiis
925 2764 1104 2848 nobilibus,
1129 2787 1276 2852 quarum
1307 2777 1421 2852 meni-l

266 2861 327 2928 bra
351 2863 392 2926 ud
415 2862 574 2928 Ordinem
600 2862 820 2949 pertinebant,
845 2865 1108 2949 suppressionem
1127 2862 1403 2949 Templariorum

268 2959 480 3024 cumdolore
506 2961 640 3046 quidorn
664 2975 842 3048 receptam,
874 2961 931 3026 sed
954 2963 1079 3046 justam
1105 2962 1206 3026 luisse
1231 2961 1421 3042 habitami

268 3061 353 3124 inter
377 3058 442 3124 alia
466 3058 599 3144 colliges
623 3083 665 3124 ex
690 3060 887 3124 documento
911 3061 1100 3144 nuperrime
1120 3058 1283 3124 inlucem
1304 3065 1421 3138 editui

269 3158 306 3222 ln
325 3168 521 3222 testamento
537 3157 695 3223 uidelicet
711 3157 885 3222 Bertrsndi
903 3157 943 3222 de
958 3157 1135 3240 Pelliseris,
1153 3157 1402 3244 quodAuraici

272 3262 337 3340 (ap.
355 3256 485 3339 Auray)
502 3256 555 3320 die
575 3256 632 3320 15⁰
648 3255 774 3341 Aprilis
789 3279 819 3322 a.
843 3257 925 3320 1329
941 3255 1128 3320 confectum
1142 3266 1199 3336 est,
1224 3265 1259 3320 et
1286 3281 1401 3324 manu·

267 3355 425 3439 scriptum
451 3363 548 3439 atque
577 3377 596 3418 a
626 3356 753 3419 nomrio
784 3354 950 3418 firmatum
989 3355 1022 3418 in
1053 3351 1158 3418 nobili
1188 3352 1330 3420 familia
1363 3359 1402 3422 de

267 3450 416 3517 Pellisier
446 3460 669 3534 conservatur,
704 3451 786 3515 haec
810 3451 966 3534 leguntur
989 3450 1098 3537 quoad
1123 3449 1421 3536 suppressioneml

267 3549 403 3616 Ordinis
432 3548 707 3636 Templariorum,
743 3551 777 3614 in
811 3571 875 3634 quo
906 3549 971 3615 duo
1002 3549 1119 3613 fratres
1143 3549 1333 3616 Bertrsndi
1373 3570 1403 3616 et

268 3647 361 3712 multi
378 3648 555 3732 propinqui
572 3647 744 3732 degerant:
768 3647 1212 3712 Vclremcatisoimecommotas
1223 3653 1402 3735 stupenda,

267 3746 443 3810 miserabili
466 3758 496 3810 et
518 3769 678 3831 nunquam
700 3747 780 3810 satis
804 3746 1006 3831 deploranda
1029 3755 1111 3808 sorte
1126 3744 1240 3830 iatlyti
1263 3757 1303 3810 at
1329 3751 1402 3814 cele·

268 3844 396 3908 berrina‘
426 3845 518 3932 bajus
548 3844 799 3930 Templarioram
821 3845 956 3908 militum
983 3843 1126 3920 Ordinis,
1156 3867 1247 3929 quem
1262 3848 1400 3932 joardis

267 3943 301 4006 ia
325 3941 454 4006 sublime
478 3942 595 4006 elatiora
618 3945 683 4006 iot-u
707 3945 790 4008 oculi
808 3943 922 4029 parocia
947 3943 1058 4006 abbiac
1082 3943 1236 4006 darsiria
1257 3947 1421 4031 profau-l

267 4039 341 4103 dum
364 4039 432 4103 vidi
455 4040 636 4120 demersam,
662 4041 852 4106 destructum
877 4051 905 4104 et
929 4065 943 4104 c
967 4051 1133 4128 corrspscta
1149 4039 1237 4104 orbis
1253 4045 1421 4122 uniuersi]

346 4245 364 4314 ¹)
383 4243 482 4300 istorio
500 4243 665 4312 Florentiae,
685 4241 715 4298 L.
735 4243 809 4298 VllL
829 4261 850 4299 c.
871 4245 907 4299 92
925 4252 954 4300 et
972 4243 1003 4299 L.
1022 4242 1070 4298 IX.
1090 4259 1112 4298 c.
1132 4245 1176 4300 22.
