3000 4838
464 470 505 524 De
522 470 668 526 donatione
687 469 870 526 Constantini.
1191 471 1226 524 41

96 625 229 700 praesto
254 623 345 696 erat,
370 614 655 700 opportuniusque
671 614 779 679 videri
803 621 932 700 poterat
955 616 989 678 iu
1014 613 1078 678 illis
1101 625 1227 699 tempo·

96 733 169 776 rum
205 711 376 797 adjunctis
405 713 453 776 eis
482 712 643 794 insistere,
679 733 781 798 quum
810 709 852 775 ab
876 710 1137 798 Imperatoribus
1169 713 1227 798 qui

98 811 225 874 Romae
249 808 498 874 coronabantur
520 809 644 873 firmari
669 809 764 875 solita
788 819 906 874 assent.

184 909 241 973 51.
291 907 402 971 Etiam
434 908 467 970 in
490 906 607 986 litibus
638 909 726 972 inter
747 908 968 993 Imperatores
992 917 1092 993 atque
1115 905 1226 971 Ponti-

97 1005 185 1090 fices,
211 1006 381 1090 utrimque
406 1001 618 1068 Constantini
644 1004 791 1090 diploma
815 1015 852 1068 ut
874 1006 1057 1089 genuinum
1082 1003 1226 1068 habeba·

99 1117 161 1169 tur.
208 1102 277 1168 Sed
309 1123 412 1189 quum
446 1111 623 1184 constaret,
658 1103 915 1168 Constantinum
944 1104 1138 1167 morientem
1162 1101 1225 1167 Im·
1249 1105 1384 1211 m

100 1204 229 1288 perium
259 1203 347 1266 inter
370 1202 475 1286 ipsius
498 1210 564 1264 tres
594 1200 679 1265 filios
712 1201 859 1266 divisum
890 1200 1072 1288 reliquisse,
1111 1202 1157 1264 ita
1190 1210 1227 1264 ut
1351 1180 1383 1212 ω

100 1301 198 1364 etiam
224 1309 299 1385 post
322 1319 398 1363 eum
414 1298 607 1364 Occidentis
631 1300 731 1364 fuerit
753 1299 946 1385 Imperator,
972 1298 1014 1363 de
1037 1320 1136 1362 seusu
1156 1317 1226 1362 ver-

100 1397 149 1460 bis
179 1397 367 1460 doacb'ous'a
401 1395 611 1482 subjiciendo
648 1395 968 1478 controvertebatur,
1009 1406 1042 1461 et
1075 1396 1118 1461 ab
1152 1394 1227 1460 aliis

100 1496 266 1576 strictiori,
300 1493 343 1558 ab
368 1493 443 1558 aliis
466 1494 577 1558 latiori
600 1494 746 1581 quadam
771 1505 803 1559 et
827 1499 913 1580 vaga
944 1494 1225 1580 interpretatione,

101 1592 246 1678 diploma
275 1590 359 1656 illud
383 1590 622 1678 exponebatur.
669 1591 748 1658 Otto
772 1593 1005 1677 Frisingensis,
1040 1593 1096 1677 qui
1132 1590 1226 1655 indu-

102 1691 191 1754 bium
216 1689 319 1754 babet
334 1688 545 1754 Constantini
561 1688 718 1771 edictum,
743 1689 779 1754 id
802 1690 888 1755 beno
912 1689 1039 1754 iudicat
1063 1686 1225 1753 scribens:

106 1788 187 1870 ,Sed
211 1797 245 1851 et
267 1787 343 1852 aliis
367 1786 521 1872 exempla
545 1787 638 1872 dans,
664 1798 765 1874 caput
788 1790 937 1853 omnium
961 1789 995 1852 in
1020 1795 1149 1851 tautum
1164 1787 1224 1850 Ro·

103 1908 231 1951 manam
257 1884 420 1950 exaltavit
444 1885 627 1968 ecclesiam,
653 1895 690 1950 ut
712 1887 751 1951 B.
775 1884 934 1952 Silvestre
958 1884 1107 1972 ejusdem
1132 1883 1224 1948 urbis

102 1983 253 2050 Pontifici
278 1983 466 2068 insignibus
488 1985 582 2069 regni
602 1984 743 2066 traditis,
768 1986 838 2069 ipse
853 2005 888 2049 se
903 1984 1104 2069 Byzantium
1119 1992 1222 2046 maus·

103 2082 198 2146 leuet
226 2079 341 2168 ibique
374 2080 485 2144 sedem
515 2083 609 2166 regni
643 2085 866 2148 constitueret.
912 2079 1047 2146 Exhinc
1069 2079 1219 2144 Romana

103 2178 239 2245 ecclesia
262 2178 484 2243 occidentalia
503 2201 606 2264 regna
620 2182 670 2244 sui
690 2181 777 2267 juris
798 2193 957 2266 tanquam
973 2201 992 2242 a
1009 2176 1226 2243 Constantino

106 2275 163 2340 sibi
187 2275 311 2340 tradita
334 2275 480 2341 affirmat
503 2278 538 2342 in
561 2287 861 2363 argumentumque
881 2277 1053 2358 tributum,
1078 2277 1226 2360 exceptis

108 2373 230 2438 duobus
255 2373 461 2438 Francorum
485 2377 606 2460 reguis,
631 2397 736 2461 usque
759 2373 859 2439 hodie
884 2375 1017 2458 exigere
1041 2394 1108 2437 uon
1133 2372 1226 2437 dubi-

106 2481 157 2535 tat
202 2471 329 2537 Verum
358 2472 496 2558 Imperii
526 2472 671 2538 fautores
703 2472 959 2538 Constantinum
988 2493 1055 2536 nou
1084 2491 1225 2553 regnum

108 2567 257 2634 Romanis
280 2568 501 2634 Pontificibus
533 2569 596 2634 hoc
620 2571 718 2636 modo
742 2569 929 2652 tradidisse,
960 2569 1017 2634 sed
1043 2569 1131 2654 ipsos
1155 2577 1226 2633 tan·

106 2688 196 2752 qnam
231 2669 353 2732 summi
377 2666 443 2731 Dei
472 2665 661 2733 sacerdotes
692 2668 735 2733 ob
759 2669 895 2733 Domini
933 2669 1156 2732 reverentiam
1189 2668 1225 2730 iu

108 2777 208 2848 patres
230 2767 449 2851 assumpsisse
473 2765 516 2830 ab
541 2768 655 2852 eisque
678 2788 713 2830 se
736 2778 769 2830 et
791 2787 998 2830 successores
1028 2787 1104 2830 suos
1128 2762 1225 2828 bene

108 2859 256 2928 dicendos
288 2873 322 2925 et
356 2865 540 2948 patrocinio
573 2865 758 2929 orationum
790 2862 976 2928 fulciendos
1008 2861 1224 2938 contendunt,

107 2969 195 3045 atque
225 2959 271 3024 ad
301 2960 366 3024 hoc
397 2959 618 3046 probandum,
652 2962 740 3047 quod
765 2963 836 3047 ipse
861 2961 1099 3025 Constantinus
1121 2980 1223 3044 regno

108 3057 185 3122 inter
206 3058 291 3123 filios
316 3058 424 3123 diviso
450 3057 508 3122 alii
523 3057 752 3142 Occidentem,
776 3059 832 3124 alii
850 3058 1022 3124 Orientem
1039 3057 1223 3138 tradiderit,

108 3165 135 3217 st
154 3157 200 3219 sic
221 3177 282 3242 per
305 3157 531 3221 successiones
554 3156 742 3222 Theodosio
767 3178 898 3244 quoque
922 3169 955 3222 et
978 3156 1062 3238 aliis,
1085 3177 1153 3220 non
1177 3177 1224 3220 so·

108 3250 167 3317 lum
196 3253 383 3336 haereticis,
417 3253 476 3318 sed
510 3253 569 3340 (et)
602 3255 764 3340 religiosis
794 3255 1004 3342 principibus
1028 3275 1104 3318 cum
1129 3253 1224 3320 Occi·

109 3349 198 3414 dente
221 3351 328 3417 Roma
360 3363 445 3416 sorte
477 3351 659 3436 devenerit,
692 3353 899 3419 inducunt..
925 3403 933 3418 .
958 3403 966 3418 .
993 3351 1088 3432 Quae
1111 3351 1224 3415 omnia

109 3445 243 3514 diffinire
266 3452 449 3535 praesentis
472 3451 597 3535 negotii
622 3471 689 3514 non
713 3452 826 3533 est.“¹)
873 3449 948 3516 Hac
971 3452 1099 3514 ratione
1123 3451 1225 3533 igitur

109 3549 246 3629 quaestio
269 3548 357 3611 inter
373 3546 552 3632 theologos,
577 3551 776 3630 canonistas,
796 3549 950 3635 jurisque
964 3549 1088 3634 peritos
1105 3548 1222 3611 utrius·

113 3661 169 3726 quc
191 3645 292 3729 partis
315 3645 521 3710 versabatur.

188 3751 241 3816 52.
287 3750 363 3833 Sed,
399 3755 447 3816 uti
472 3752 629 3832 diximus,
664 3752 805 3816 Romani
831 3752 1010 3817 Pontifices
1033 3750 1224 3815 solemniter

110 3841 178 3927 jura
198 3869 256 3912 sua
279 3852 390 3934 potius
413 3872 455 3914 ex
479 3871 609 3914 summa
641 3851 838 3914 auctoritate
870 3851 1031 3935 primatus
1054 3859 1088 3912 et
1110 3871 1153 3913 ex
1175 3869 1223 3912 re-

115 3945 301 4010 centioribus
318 3947 559 4034 Imperatorum
584 3947 824 4033 diplomatibus
849 3947 1068 4012 vindicabant
1091 3956 1124 4012 et
1147 3969 1222 4011 con-

117 4037 284 4108 firmabant
316 4045 404 4110 Dein
429 4067 507 4110 vero
532 4045 654 4110 iudea
678 4045 809 4110 saeculo
833 4046 1081 4132 decimoquinto
1097 4046 1223 4130 incepit

182 4243 199 4313 ¹)
217 4244 310 4300 Obrou.
329 4245 360 4300 1..
380 4247 428 4303 IV.
447 4263 469 4302 o.
489 4249 514 4305 3.
552 4247 613 4302 siu.
633 4249 687 4303 Sor.
708 4247 768 4304 XX.
