2840 4840
309 441 345 498 64
583 441 668 498 XXX.
689 441 728 496 De
747 440 912 496 Pontificatu
929 440 1064 496 Bonifatii
1083 440 1161 497 VIII.

310 583 427 650 evellar
450 596 479 648 et
502 586 647 650 destruas
672 597 701 650 et
725 584 895 670 disperdes
924 595 954 649 et
985 585 1123 670 dissipes
1153 608 1193 648 eo
1216 585 1403 652 destituendo:

311 682 456 767 aedificer
480 695 509 747 et
527 683 658 769 plautas
681 705 719 746 eu
741 681 946 744 irretitueudo.
999 681 1188 746 Notandum
1218 696 1315 748 auum
1341 684 1405 770 qnod

311 781 408 845 dicit:
437 780 574 844 Veritate
595 791 727 844 teetaute
744 779 926 866 spiritualis
936 785 1083 864 potestus
1097 789 1254 844 terrenam
1268 783 1411 846 irutituerr

310 877 410 956 lebet,
442 880 527 964 quie,
560 889 595 942 ut
613 879 704 965 petet
728 899 767 940 ex
789 878 887 942 ceteri
916 874 981 962 leye
1014 887 1044 940 et
1075 900 1116 940 erc
1144 900 1262 942 caueae
1292 877 1408 947 Bittio,

305 977 447 1062 primurn
470 1000 491 1040 e
513 977 582 1040 Deo
614 975 826 1040 sacerdotium
849 975 1029 1038 institutum
1052 985 1108 1054 est,
1141 987 1275 1060 etpost,
1298 976 1411 1064 juleae

310 1074 459 1157 Domine,
478 1097 541 1162 per
564 1075 773 1138 secerdotium
786 1071 904 1160 requies
912 1083 1060 1159 potestus
1075 1074 1229 1138 ordinata
1242 1077 1324 1154 est.¹)
1349 1071 1411 1136 Cae:

310 1181 418 1236 terum
436 1170 509 1257 jam
530 1172 686 1254 diximus,
712 1169 814 1234 verba
828 1169 995 1235 Jeremiae
1012 1179 1206 1234 consuetum
1221 1171 1321 1236 fuisse
1335 1191 1411 1256 gene«¹

311 1268 372 1332 rali
397 1269 540 1356 quodam
564 1292 663 1335 sensu
687 1269 789 1332 variis
821 1269 856 1332 in
879 1267 1048 1354 adjunctis
1070 1269 1192 1350 afferri,
1218 1280 1254 1332 ut
1276 1269 1411 1355 praeemit

312 1368 425 1432 nentia
448 1368 619 1453 potestatis
644 1365 824 1453 spiritualis
849 1387 927 1452 prae
952 1365 1045 1431 civili
1069 1368 1321 1452 exprimeretur.
1410 1403 1411 1440 r

401 1464 637 1532 Subordinatio
670 1465 773 1548 igitur
801 1465 975 1550 potestatis
1003 1474 1154 1529 terrenae
1183 1465 1245 1528 sub
1270 1462 1411 1576 spirituali

313 1564 348 1626 in
359 1562 457 1628 Bulla
485 1564 587 1628 Unam
603 1571 746 1628 coactura
767 1562 954 1626 affirmatur
971 1585 1009 1626 ea
1024 1564 1163 1643 ratione,
1187 1585 1253 1650 qua
1271 1565 1342 1651 jam
1364 1579 1411 1650 sae

313 1661 388 1746 pius
411 1660 453 1724 ab
477 1660 552 1725 aliia
575 1658 803 1742 Pontificibus,
829 1661 877 1724 uti
906 1661 942 1724 in
973 1658 1206 1725 Decretalibus
1229 1663 1314 1740 „Per
1341 1653 1411 1746 l'euel

312 1758 477 1840 retituet,
501 1757 777 1838 „Veuerabilem“,
809 1758 955 1836 „Novit‘
980 1757 1098 1822 eadem
1120 1757 1288 1824 affirmata
1320 1747 1411 1825 tuere

313 1854 380 1922 Sed
404 1856 585 1921 dominatio
610 1855 774 1943 quaedam
806 1854 957 1920 absoluta
981 1855 1016 1920 in
1040 1856 1237 1941 temporalia
1259 1773 1411 1954 regnerari

313 1979 333 2020 a
355 1956 522 2022 Bonifatio
542 1955 626 2020 VIII
650 1954 838 2020 nullatenus
862 1953 926 2019 sibi
952 1955 1153 2034 vindicatur,
1179 1956 1227 2018 uti
1251 1965 1285 2020 et
1309 1955 1399 2040 ipsei

314 2053 524 2118 Allooutione
549 2056 649 2118 citata
673 2052 795 2117 diserte
819 2052 980 2117 edisserat.

286 2226 304 2254 r·
404 2152 457 2217 68.
483 2153 528 2217 Ut
550 2151 661 2216 adhuc
686 2149 906 2236 quorumdam
922 2148 1101 2216 verborum
1126 2172 1260 2216 sensum
1287 2153 1399 2216 detern

316 2273 441 2332 nemus,
473 2250 689 2332 advertimus,
724 2247 832 2314 levem
866 2247 1047 2335 quamdam
1081 2248 1306 2315 differentiani
1339 2165 1411 2350 appi

315 2371 386 2412 rere
410 2349 521 2435 quoad
543 2350 716 2428 rationem,
742 2369 807 2432 qua
831 2345 1066 2410 intellexerunt
1090 2347 1174 2410 varii
1199 2357 1352 2412 auctores
1378 2343 1411 2434 illl

316 2446 436 2510 verba:
463 2447 630 2533 „Uterque
647 2466 724 2529 ergo
745 2444 901 2530 (gladius)
925 2447 960 2509 in
984 2454 1145 2530 potestate
1168 2443 1352 2513 Ecclesiae.
1374 2437 1411 2548 apl

315 2543 444 2609 ritualia
475 2545 602 2610 seilicet
632 2543 764 2629 gladius
788 2556 820 2606 et
845 2543 1040 2608 materialis:
1075 2543 1132 2608 sed
1161 2545 1190 2607 is
1214 2543 1350 2630 quidem
1378 2565 1394 2626 p

316 2641 477 2724 Ecclesia,
502 2641 556 2708 ille
581 2665 658 2708 vero
683 2642 726 2706 ab
743 2641 895 2706 Ecclesia
919 2641 1143 2706 exercendus:
1168 2641 1223 2706 ille
1246 2641 1401 2706 sacerdoti

318 2744 346 2806 is
377 2763 477 2806 manu
510 2763 625 2826 regum
659 2753 691 2804 et
722 2739 875 2820 militum,
908 2741 963 2804 aed
986 2740 1030 2804 ad
1053 2750 1162 2804 autum
1193 2753 1223 2806 et
1245 2743 1401 2827 patientie

318 2841 519 2906 sacerdotia.“
548 2878 589 2888 -
614 2838 728 2924 Aliqui
752 2849 903 2904 auctores
928 2839 984 2924 qui
1010 2841 1044 2903 in
1064 2860 1145 2902 voce
1167 2837 1276 2924 eladii
1299 2855 1403 2924 praese

318 2939 377 3002 tIm
401 2939 442 3002 ad
468 2947 663 3024 potestatem
688 2937 872 3002 coactivam
897 2947 930 3000 et
954 2935 1157 3000 materialem
1180 2939 1405 3023 priucipuma

318 3037 469 3114 tendunt,
503 3049 536 3100 et
567 3035 762 3116 advertunt,
798 3034 885 3100 hanc
921 3036 956 3099 in
991 3036 1229 3119 protectionem
1271 3033 1395 3100 Ecclesi

319 3133 544 3198 adhibendam
573 3154 652 3212 esse,
686 3153 725 3196 ac
755 3143 890 3218 propter
923 3134 1049 3198 motiva
1078 3133 1196 3216 gravia
1219 3135 1323 3196 etiam
1349 3151 1400 3194 usn

319 3231 418 3317 hujus
440 3230 544 3316 gladii
574 3230 618 3294 ad
642 3230 727 3296 bella
757 3232 880 3317 injusta
911 3230 954 3296 ab
979 3229 1130 3295 Ecclesia
1161 3229 1310 3296 inhiberi
1336 3251 1399 3316 po*

319 3329 500 3394 sacerdotis
543 3339 622 3392 rrutu
667 3328 856 3413 intelligunt
896 3331 1091 3414 petitionem
1136 3337 1194 3392 aut
1241 3329 1401 3394 sollicitati

320 3450 396 3492 nem
434 3427 603 3492 Ecclesiae
647 3426 700 3492 vel
737 3427 928 3510 PontiIicis;
978 3427 1021 3492 ad
1054 3429 1250 3512 patientiam
1297 3421 1403 3492 sacerd

320 3527 362 3590 tis
395 3527 440 3590 ita
470 3537 657 3611 exponunt,
691 3537 728 3591 ut
756 3524 887 3609 gladius
921 3527 955 3589 in
987 3528 1145 3608 vaginam
1178 3525 1360 3590 mittendus
1387 3523 1408 3584 si

321 3623 453 3710 quando
478 3623 520 3688 ob
543 3626 660 3708 gravia
684 3625 811 3712 motiva
833 3622 983 3687 Ecclesia
1013 3624 1085 3709 ejus
1108 3645 1205 3686 usum
1234 3623 1411 3704 interdicit1

325 3787 532 3796 --—--·-—--—-

368 3887 375 3907 ⁸
397 3909 416 3978 ¹)
435 3910 485 3975 Ap.
506 3907 615 3962 lIolitor
634 3905 650 3963 l.
671 3923 692 3960 c.
712 3923 736 3974 p.
758 3909 817 3962 104.
837 3914 904 3960 nota
923 3907 947 3960 3.

395 3987 418 4056 ιᾸ)
437 3987 483 4041 Ita
501 3987 635 4042 Scheeben
654 3987 670 4042 1.
686 4003 707 4039 c.
721 4003 745 4053 p.
761 3987 823 4040 154:
844 3987 916 4050 „stu
935 3986 978 4040 die
997 3986 1096 4042 Kirche
1115 3985 1166 4040 aui
1182 3987 1225 4041 die
1245 3987 1400 4042 Atriionlero

323 4067 370 4121 des
389 4065 522 4122 Priesters
542 4066 586 4126 tad
599 4075 721 4132 cretum„
735 4107 741 4119 .
756 4107 779 4120 ..
795 4067 844 4119 soll
864 4065 891 4119 io
911 4066 955 4120 die
968 4066 1078 4122 Scheide
1091 4068 1216 4136 gesteckr
1231 4069 1347 4123 werden.
1367 4081 1400 4118 oe

323 4149 367 4204 die
387 4147 486 4203 KIrche
506 4148 557 4202 den
577 4147 717 4202 Gebrauch
737 4155 885 4214 untersage
904 4148 950 4216 (ad
970 4147 1132 4214 patientiam
1150 4148 1317 4204 sacerdotis.
1338 4159 1398 4198 -t

325 4229 449 4292 lloulart
469 4227 595 4297 L'Ilglise
614 4236 642 4282 et
661 4227 753 4289 terat,
773 4243 835 4294 pag.
857 4229 909 4280 212
1410 4219 1411 4294 l
