2814 4840
319 499 373 552 466
517 494 647 550 XXVIII.
666 494 707 547 De
725 495 802 546 stetu
820 491 958 545 societatis
976 491 1068 545 christ
1087 507 1156 547 saec.
1177 493 1252 550 XIlI.

319 641 487 705 Honorias
512 639 563 702 III
593 658 681 701 anno
708 635 793 700 1226
818 645 850 698 et
873 633 1053 718 Gregorius
1077 635 1128 700 IX
1151 659 1181 702 a.
1209 636 1295 710 1230,
1314 635 1396 720 appia]

319 738 442 801 barunt
465 745 497 800 et
512 735 760 800 confirmarunt.
796 732 895 797 Anno
912 734 1007 808 1236,
1033 733 1075 797 ad
1099 735 1270 799 evitandas
1290 735 1396 816 vexatio,

318 857 378 900 nes
411 834 595 898 infidelium
627 832 828 913 Turearum,
870 831 1075 895 domicilium
1115 853 1212 895 suum
1244 831 1396 928 Carmeliup

318 931 596 996 transtulerunt'
588 955 622 995 m
648 929 812 1015 Cyprum,
846 929 999 994 deinde
991 953 1024 993 ιιι
1049 928 1198 994 Siciliam
1223 943 1253 995 et
1274 930 1340 994 alias
1356 929 1396 1004 ιιι

319 1052 419 1115 ropae
442 1032 602 1114 regiones.
651 1029 689 1093 In
715 1029 849 1112 Europa
880 1030 1048 1092 constituti
1039 1030 1225 1114 ipriseam
1249 1031 1365 1092 ritant
1357 1021 1396 1110 rael

320 1129 478 1209 mitieam,
511 1127 645 1191 favente
668 1127 863 1191 Innocentio
887 1126 947 1207 IV,
980 1147 1055 1189 cum
1081 1127 1283 1191 coenobitica
1308 1111 1396 1212 pernul

319 1235 450 1306 terunt,
482 1225 606 1288 idcirco
630 1225 786 1289 Pontifex
815 1246 901 1288 anno
929 1224 1014 1288 1246
1039 1223 1169 1288 illorum
1194 1225 1329 1310 regulam
1350 1245 1392 1284 ιιιι

320 1323 403 1388 nibil
435 1324 612 1406 mitigavit.
660 1321 750 1388 Ordo
783 1343 860 1385 vero
893 1324 927 1386 in
955 1322 1091 1408 Europa
1128 1325 1235 1406 magis
1272 1323 1390 1404 magisqu

321 1421 460 1486 diffusus
485 1431 543 1484 cst.

410 1519 463 1583 95.
490 1517 587 1598 Quod
605 1527 759 1604 quartum
775 1516 936 1582 Ordinem
961 1517 1206 1582 mendicantem
1222 1519 1382 1583 Eremitaru

321 1617 551 1700 sAugustini
575 1617 701 1698 attInet,
726 1613 969 1678 advertendum
994 1625 1051 1692 est,
1082 1617 1223 1680 saeculis
1246 1616 1294 1680 XI
1317 1613 1383 1678 etX

318 1715 440 1802 plures,
465 1723 611 1800 praesert
615 1715 658 1776 im
682 1715 716 1777 in
742 1711 848 1794 Italia,
874 1713 1031 1776 formatas
1050 1713 1150 1777 luisse
1175 1716 1237 1778 sub
1255 1711 1380 1778 nominib

320 1814 422 1876 variis
446 1813 717 1897 congregationes
735 1809 967 1888 Eremitarum,
993 1812 1049 1896 qui
1074 1810 1155 1875 nulli
1172 1812 1281 1876 stabili
1306 1813 1390 1872 ιιιιιιι

319 1909 453 1995 regulae
469 1910 629 1988 adstricti,
655 1931 721 1973 non
740 1931 838 1972 unam
856 1918 888 1972 et
902 1909 1064 1990 eamdem,
1090 1909 1148 1973 sed
1163 1912 1289 1974 variam
1306 1911 1390 1970 ιιιιιι

320 2007 529 2092 disciplinam
562 2005 795 2070 observabant.
842 2006 1021 2091 Postquam
1046 2005 1227 2090 Gregorius
1251 2008 1300 2072 IX
1331 2003 1387 2068 etl

319 2107 492 2169 nocentius
507 2106 556 2169 IV
581 2104 711 2168 saeculo
728 2104 814 2167 XIII
839 2103 1007 2168 nonnullis
1031 2106 1161 2169 existis
1185 2103 1394 2190 congregation

319 2205 381 2268 bus
413 2205 661 2290 proposuissent
688 2189 839 2291 regulam
868 2225 892 2267 s
918 2202 1109 2286 Augustini,
1143 2225 1232 2268 anno
1260 2201 1383 2268 mett

319 2303 448 2366 xsnder
472 2301 530 2380 IV,
556 2299 646 2363 edita
669 2300 830 2386 peculiari
856 2299 986 2364 Constit
973 2303 1111 2384 tutione,
1136 2303 1323 2386 praedictas
1344 2297 1378 2362 ali

320 2423 384 2486 que
408 2400 631 2463 Eremitarum
671 2400 945 2482 congregationes
984 2400 1018 2462 in
1058 2421 1161 2463 unum
1187 2397 1382 2464 Οιιιιιιιιιιιι

320 2497 433 2584 regula
458 2521 482 2562 s.
498 2497 678 2580 Augustini
703 2505 736 2558 et
751 2496 812 2559 sub
837 2498 936 2560 unius
951 2497 1073 2561 Prioris
1096 2497 1262 2581 generalis
1286 2493 1387 2578 regini

319 2597 463 2680 redegit3
497 2595 544 2659 cis
575 2615 680 2658 unum
716 2594 936 2679 eumdemque
970 2594 1125 2659 omnibus
1155 2593 1308 2658 habitum
1333 2589 1393 2655 dedi

321 2716 375 2757 eos
404 2693 446 2757 ab
471 2695 699 2779 episcoporum
719 2692 953 2778 jurisdictione
987 2695 1110 2756 exemit
1140 2705 1172 2755 et
1195 2692 1260 2756 sub
1285 2687 1390 2770 singul

320 2791 530 2876 Apostolicae
554 2790 650 2878 Sedis
678 2790 852 2874 privilegio
885 2793 1064 2872 constituit,
1090 2790 1273 2876 voluitque,
1298 2801 1332 2852 nt
1357 2787 1383 2848 ni

319 2888 525 2973 possidentes
565 2909 606 2950 cx
644 2888 861 2972 eleemosynis
900 2911 956 2952 seu
997 2889 1242 2952 mendicatione
1282 2891 1385 2950 viuere

320 2987 431 3050 Etiam
448 2986 503 3050 hic
520 2984 611 3051 Ordo
636 3007 694 3070 per
709 2985 820 3070 plures
832 2985 984 3071 Europae
1000 2989 1151 3069 regiones
1166 2997 1391 3071 propagatuse

410 3084 462 3148 96.
511 3082 622 3164 Quum
647 3105 743 3170 porro
767 3084 876 3147 medio
901 3106 983 3148 aevo
1018 3105 1138 3167 magna
1163 3095 1251 3148 essct
1274 3083 1317 3148 ad
1340 3083 1390 3144 rit

321 3183 537 3246 monasticam
555 3181 820 3266 amplectendam
837 3185 1023 3267 propensio,
1049 3182 1179 3248 saeculo
1193 3183 1282 3247 XIII
1299 3187 1388 3245 ineun

320 3279 400 3344 dum
425 3279 567 3344 Ordines
592 3278 899 3364 multiplicarentur,
928 3279 1112 3365 periculum
1138 3281 1309 3366 quoddam
1335 3301 1387 3340 con

321 3380 421 3442 sionis
454 3388 486 3441 et
517 3377 713 3464 disciplinae
746 3379 855 3442 minus
886 3378 1001 3442 firmae
1031 3391 1136 3442 ortum
1167 3388 1247 3444 crat.
1298 3378 1379 3440 Him-

321 3475 471 3540 Concilio
497 3476 713 3540 Lateranensi
738 3475 786 3538 IV
812 3498 938 3540 canone
962 3477 1045 3540 XIII
1072 3487 1230 3539 statutum
1257 3475 1396 3539 luerat.¹

321 3574 429 3638 nullus
452 3596 559 3637 novus
583 3572 673 3638 Ordo
698 3575 923 3638 Institueretur
946 3577 1016 3638 sine
1033 3575 1245 3659 Apostolicae
1272 3571 1365 3638 Sedis

320 3671 524 3768 probatione.
572 3670 683 3750 Quum
708 3680 819 3734 tamen
845 3682 918 3755 post
942 3670 1128 3736 Concilium
1153 3671 1376 3734 Lateranense

320 3771 398 3833 novi
423 3768 533 3832 adhuc
549 3767 702 3849 Ordines,
727 3767 874 3854 plerique
898 3771 1136 3851 mendicantes,
1160 3769 1215 3832 alii
1241 3769 1375 3855 quidem

320 3867 557 3954 approbatione
582 3865 676 3930 Sedis
702 3866 921 3950 Apostolicae,
953 3867 1008 3932 alii
1033 3891 1112 3932 vero
1144 3869 1214 3932 sine
1238 3865 1307 3930 hac
1330 3887 1389 3950 app

321 3965 453 4030 batione
477 3965 618 4028 fuissent
640 3964 778 4046 inducti,
803 3965 1008 4050 itaquidem,
1034 3977 1071 4030 ut
1094 3988 1135 4029 ex
1155 3953 1396 4052 eleemosynarl

320 4063 512 4128 collectione
537 4065 596 4126 vix
620 4063 796 4127 sustentari
820 4073 963 4148 possent,
988 4063 1168 4148 Gregorius
1191 4064 1225 4128 X
1250 4083 1342 4126 anno
1361 4055 1396 4124 lt

321 4164 355 4226 in
379 4159 524 4246 generali
551 4158 699 4224 Concilio
724 4160 940 4244 Lugdunensl
958 4161 992 4225 II
1017 4183 1142 4226 canone
1159 4161 1285 4248 XXIII
1310 4175 1396 4234 renat

320 4260 370 4320 vit
402 4279 562 4321 canonem
595 4257 680 4321 XIII
720 4257 859 4322 Concilii
899 4259 1148 4340 Lateranensis,
1191 4271 1223 4322 et
1262 4251 1396 4323 distrirtl
