2900 4836
396 467 436 520 De
457 467 563 534 Synodo
583 464 750 520 Florentius.
1084 466 1138 522 385

29 611 139 674 serrari
153 611 263 698 jussit,
287 633 380 696 quam
403 609 504 676 cultor
526 608 616 674 illius
634 620 771 695 propter
794 607 993 674 sterilitatem
1015 621 1143 697 cuperet

29 708 187 792 amputari.
195 703 219 788 ¹⁸)
259 707 352 772 Haec
369 706 484 790 verba,
507 729 610 794 quum
627 708 723 771 tertio
748 705 870 772 exinde
889 729 976 772 anno
994 706 1141 774 Orientis

27 803 197 890 Imperium
222 805 422 884 conciderit,
454 805 648 892 prophetiae
678 805 858 890 quamdam
882 808 1027 891 speeiem
1051 829 1141 892 prae-

27 899 173 970 seferunt.
204 941 246 950 -
278 903 443 978 Immanis
479 905 512 968 in
544 905 792 988 expugnatione
824 905 970 968 civitatis
1001 907 1142 970 crimina

27 1001 192 1064 commissa
223 1010 316 1082 sunt3
352 1000 450 1086 paulo
482 1011 555 1086 post
577 1012 690 1066 tamen
714 1000 936 1068 Muhamedus
959 1002 994 1066 Il
1026 1002 1140 1084 voluit,

26 1107 56 1158 ut
82 1096 263 1162 Christiani
296 1099 479 1166 secundum
511 1099 603 1184 leges
636 1121 712 1163 suas
744 1101 913 1182 viverent,
950 1121 1141 1186 novumque

25 1193 80 1258 sibi
112 1195 272 1282 eligerent
304 1196 537 1282 patriarcham.
585 1196 720 1262 Electus
755 1197 818 1262 fuit
848 1195 1011 1282 Georgius
1041 1197 1146 1263 Scho-⁴

24 1291 126 1376 larius,
153 1295 209 1379 qui
233 1316 353 1358 nornen
378 1296 558 1380 assumpsit
581 1294 760 1362 Gennadii.
808 1295 875 1360 Hic
899 1293 1048 1360 Concilio
1069 1294 1141 1360 Flo·

22 1393 146 1454 rentino
178 1403 214 1454 ut
236 1389 341 1456 laicus
372 1392 568 1456 interfuerat
597 1384 630 1456 et'
653 1393 810 1456 unionem
843 1393 969 1458 ibidem
1001 1392 1141 1458 multum

22 1500 245 1572 promoverem
270 1501 439 1556 suntvero
465 1492 641 1575 scriptores
666 1493 722 1576 qui
748 1493 902 1573 referunt,
926 1513 1003 1556 eum
1028 1501 1142 1576 postea

21 1585 59 1650 ab
89 1587 213 1652 unione
244 1589 428 1652 recessisse.
475 1588 633 1654 Attamen
665 1587 775 1674 quoad
798 1590 907 1674 ipsum
939 1599 980 1652 et·
1002 1599 1142 1675 quatuor

21 1685 255 1772 subsequentes
287 1685 494 1772 patriarchas
525 1686 696 1772 usquead
727 1709 755 1751 a.
784 1687 868 1750 1467
901 1685 990 1752 baud
1014 1694 1141 1750 certum

20 1793 72 1862 cst,
97 1805 155 1847 eos
178 1785 289 1847 animo
314 1782 356 1847 ab
379 1786 503 1848 unione
527 1784 652 1848 alienos
675 1785 787 1850 luisse.
826 1784 893 1850 Sed
910 1805 1011 1870 quum
1027 1805 1141 1848 omnes

20 1889 243 1962 premerentur
265 1881 327 1944 sub
347 1879 429 1967 jugo
455 1882 657 1962 lurcorum,
694 1884 750 1968 qui
775 1883 941 1948 Romanos
963 1880 1142 1946 Pontifices

20 1985 49 2038 ut
65 1975 177 2040 hostes
192 1999 268 2042 suos
284 1981 463 2044 acerrimos
480 1980 745 2062 considerabant,
771 1981 862 2061 forte,
880 1980 1018 2044 summis
1032 1999 1142 2043 rerum

19 2071 270 2142 difficultatibus
295 2078 374 2142 moti
398 2099 437 2142 ac
462 2079 584 2160 territi,
618 2077 869 2144 dissimularunt
896 2077 1005 2162 potius
1028 2095 1141 2140 eorum

18 2175 256 2238 connexionem
281 2196 357 2238 cum
374 2173 525 2240 Ecclesia
554 2176 667 2242 latina.
714 2176 798 2240 Inde
822 2197 899 2240 vero
924 2173 967 2240 ab
991 2197 1020 2240 a.
1044 2173 1140 2254 1467,

18 2291 75 2353 quo
107 2293 198 2338 anno
224 2271 358 2338 Simeon
384 2273 652 2359 Trapezuntiuus
681 2277 939 2362 parsimoniam
971 2273 1014 2338 ad
1043 2274 1141 2358 patri·

17 2367 187 2434 archatum
213 2373 374 2455 pervenit,
393 2371 467 2457 jam
485 2375 563 2436 unio
585 2383 743 2458 tanquam
767 2373 806 2436 do
822 2372 917 2458 facto
942 2381 1039 2457 rupte
1054 2379 1142 2434 certe

19 2463 129 2530 baberi
157 2466 298 2550 debet.²)

99 2592 155 2657 49.
194 2590 382 2658 Concilium
406 2592 653 2674 Florentinum,
678 2595 726 2656 uti
751 2593 912 2676 diximus,
938 2595 1065 2678 primus
1088 2615 1139 2656 ve·
1159 2601 1305 2682 11111110

17 2684 187 2754 hementer
209 2692 421 2775 impugnavit
444 2691 578 2756 Marcus
602 2691 800 2777 Ephesinus.
830 2692 971 2773 Effudit,
997 2689 1142 2757 Graecos
1166 2665 1298 2766 cppphpp-

16 2806 76 2850 non
100 2786 208 2854 libere
225 2787 382 2853 unionem
403 2790 527 2870 iniisse,
552 2789 609 2854 sed
627 2789 747 2870 taedio,
773 2791 896 2874 inopia,
921 2791 1008 2854 fame
1025 2782 1158 2877 motos,'

15 2903 51 2944 ac
84 2885 228 2950 Romani
266 2887 437 2951 Pontificis
472 2897 505 2950 et
540 2888 736 2952 Latinorum
779 2887 1075 2972 pollicitationibus
1111 2897 1142 2950 et

15 2983 209 3048 muneribus
232 2983 377 3067 allectos,
401 2985 642 3071 fraudibusque
657 2987 902 3049 circumventos
926 3007 963 3050 eo
980 2985 1142 3050 adductos

15 3077 111 3144 fuisse
143 3091 180 3144 ut
204 3084 318 3147 unioni
344 3082 599 3150 subscriberent.
648 3083 777 3148 Similia
808 3082 860 3148 his
891 3083 1009 3147 diebus
1033 3083 1143 3152 innuit

13 3181 160 3258 lanue.³)
207 3181 402 3246 Calumnias
433 3183 511 3244 istas
538 3183 609 3266 jam
634 3203 671 3244 eo
696 3192 844 3267 tempore
868 3183 983 3244 eximii
1008 3179 1141 3261 Graeci,

14 3283 64 3364 qui
82 3279 238 3346 Concilio
262 3279 448 3360 adfuerant,
474 3281 519 3342 uti
537 3279 713 3343 Bessarion
735 3291 768 3343 et
783 3279 950 3364 Josepbus
966 3281 1142 3364 episcopus

13 3379 251 3456 iletboneusis,
275 3379 470 3457 refutarunt,
495 3390 595 3464 atque
619 3401 661 3441 ex
681 3379 763 3464 ipsis
784 3381 878 3442 Actis
902 3400 987 3464 quae
1011 3387 1143 3442 exstant

14 3477 226 3540 manifestum
251 3486 315 3556 est,
340 3497 407 3539 uon
431 3475 582 3555 fraudes,
608 3496 674 3539 non
699 3478 786 3556 vim,
820 3497 887 3540 non
911 3477 1018 3539 minas
1042 3473 1142 3539 fuisse

12 3641 19 3644 -
28 3637 226 3648 -..---.-—.--

82 3725 104 3791 ¹)
126 3723 161 3778 V.
181 3723 315 3791 Raynald.
336 3723 370 3776 ed
388 3739 414 3778 a.
437 3723 504 3778 1451
525 3739 549 3777 n.
572 3725 596 3778 2.

80 3816 102 3883 r)
125 3813 182 3868 Cir.
203 3805 345 3880 Pitzipios‚
365 3811 492 3888 L'Eglise
511 3811 608 3871 orient¹
628 3809 659 3866 P.
680 3809 716 3864 11.
736 3807 783 3864 ch.
804 3809 871 3878 VII3
892 3811 922 3864 P.
943 3809 993 3865 111.
1016 3811 1063 3867 Ch.
1083 3811 1105 3864 I.

78 3903 101 3968 ³)
122 3902 220 3968 Jonas,
240 3917 265 3970 p.
286 3903 338 3956 311
358 3917 428 3969 eqo:
457 3901 535 3969 „Ipse
554 3905 699 3968 conceptus
718 3899 874 3966 systematis
899 3900 1005 3969 papalis
1025 3899 1143 3954 Graecos

11 3985 128 4038 maxime
147 3981 310 4046 1111111111,
330 4023 336 4037 .
355 4022 362 4036 .
378 4021 384 4035 .
403 3995 514 4036 exosum
533 3980 587 4036 illis
607 3985 675 4044 erat,
691 3979 846 4047 juramento
866 3979 957 4047 Papae
982 3979 1143 4046 promittere

11 4063 202 4120 obedientiam.
231 4063 282 4118 Sed
301 4062 393 4116 attriti
407 4067 488 4116 erant
505 4075 596 4117 rerum
614 4075 724 4114 suarum
743 4059 899 4113 tristissimo
917 4067 1001 4126 statu,
1021 4065 1142 4128 tempore

9 4145 106 4210 synodi
128 4159 163 4198 ex
181 4143 357 4210 eleemosynis
376 4140 518 4197 Pontifiois
547 4140 692 4205 vivebant,
725 4153 822 4206 eosque
847 4139 961 4208 pigebat
984 4157 1013 4196 re
1038 4140 1143 4196 intecta

11 4224 122 4278 domum
144 4223 270 4278 reverti*

59 4343 210 4391 Jungmsun,
225 4342 414 4382 Dissertationcs.
432 4343 497 4380 'rom
515 4339 553 4380 Vt.
983 4337 1018 4390 25
