2858 4834
309 429 362 482 204
543 429 627 482 XXV.
649 429 686 481 De
706 443 787 481 carisa
805 443 825 481 a.
845 428 961 483 'Phaniae
981 429 1194 484 Cantuariensis.

310 573 482 637 eaorcazdo
506 572 666 659 proficiat.
715 573 764 634 Dc
787 583 908 635 caetero
933 596 986 634 aec
1009 595 1118 636 aevum
1152 597 1205 636 acc
1235 575 1345 636 mirum
1376 587 1421 636 ast

309 670 477 733 hamanum
501 672 639 733 ‹raimam
654 667 740 754 falli
764 669 812 732 cel
826 669 989 754 fallere.¹)

399 786 453 850 50.
500 783 607 850 Simili
645 787 772 849 ratione
813 787 913 849 etiam
955 783 1155 849 Guillelmus
1193 786 1423 872 Neubrigensia¹

232 941 251 969 ,Ι
309 906 454 948 coaevus
477 896 592 948 auctor
616 885 650 947 in
674 883 814 947 dubium
839 895 983 953 revocat,
1010 895 1119 946 utrum
1144 907 1168 949 s.
1187 884 1334 950 Thomas
1359 909 1423 971 pru

206 997 209 1008 ·
309 981 426 1045 denter
448 983 561 1064 egerit,
587 981 665 1046 dum
692 983 795 1046 inscio
821 1005 896 1066 rege
920 982 1091 1067 praemisit
1115 983 1150 1046 in
1167 983 1325 1066 Angliam
1349 983 1423 1048 litte·

309 1103 361 1143 ras
385 1079 582 1164 pontificias,
608 1078 729 1165 quibus
754 1081 901 1144 censuris
916 1081 999 1142 varii
1027 1081 1173 1164 episcopi
1192 1080 1423 1165 plectebantur

309 1176 432 1243 Scribit
456 1177 625 1242 videlicet:
667 1177 759 1260 „Has
790 1177 943 1264 (litteras)
976 1180 1009 1242 in
1035 1178 1191 1262 Angliam
1229 1179 1272 1244 ad
1297 1203 1423 1266 suspen

309 1277 435 1339 sionem
471 1277 700 1361 episcoporum
725 1279 923 1361 praemissas
955 1278 1025 1362 ipse
1057 1276 1256 1362 sequebatur
1284 1277 1353 1342 zelo
1380 1279 1395 1364 j
1421 1317 1423 1324 ,

310 1375 418 1436 stitiae
441 1373 600 1450 fervidus,
630 1386 740 1437 utrum
770 1385 881 1438 autem
905 1373 1002 1459 plene
1033 1374 1216 1438 secundum
1246 1377 1423 1456 seientiam²

309 1473 404 1536 novit
426 1473 525 1536 Deus.
562 1473 699 1536 Nostrae
724 1474 813 1536 enim
837 1473 993 1557 parvitati
1012 1495 1220 1558 nequaquam
1237 1475 1423 1539 conceditur

310 1568 457 1633 delanti
483 1572 546 1634 viri
570 1571 700 1634 actibus
723 1583 846 1634 temere
864 1570 1028 1656 judicare.
1075 1571 1159 1635 Puto
1184 1585 1306 1650 tamen,
1344 1571 1423 1658 quod

308 1666 519 1732 beatissimus
533 1669 624 1754 Papa
641 1667 820 1751 Gregorius
844 1671 878 1732 in
895 1668 984 1733 molli
1007 1668 1118 1732 adhuc
1142 1679 1322 1755 teneraque
1347 1673 1423 1754 regis

309 1765 486 1830 eoncordia
511 1769 622 1830 mitius
647 1769 779 1850 egisset3
805 1779 836 1830 et
859 1789 898 1830 ea
924 1789 1009 1851 quac
1032 1768 1103 1830 sine
1128 1767 1204 1831 fidei
1230 1768 1423 1833 christianae

308 1863 455 1949 periculo
490 1863 620 1929 tolerari
657 1867 849 1949 potuissent.
886 1867 1012 1929 ratione
1036 1847 1192 1949 temporis
1216 1877 1249 1929 et
1272 1869 1423 1952 composi·

308 1963 398 2026 tione
423 1963 513 2046 pacis
530 1962 769 2027 dissimulanda
787 1963 945 2044 duxisset,
966 1964 1064 2049 juxta
1082 1960 1163 2026 illud
1180 1963 1423 2049 propheticum:

310 2060 453 2123 Prudens
486 2063 521 2124 in
551 2071 687 2146 tempore
719 2059 776 2125 illo
809 2061 936 2138 tacebit,
975 2063 1050 2146 quin
1081 2073 1200 2148 tempus
1236 2060 1355 2126 molum
1389 2081 1423 2126 ιιι

310 2158 427 2236 (Amos
443 2157 489 2246 5).
520 2158 636 2244 Itaque
659 2159 747 2244 quod
772 2182 791 2222 a
816 2158 997 2224 venerabili
1016 2159 1176 2222 Pontifice
1199 2181 1288 2224 nunc
1304 2159 1423 2226 factum

310 2267 368 2334 est,
393 2278 455 2319 nec
471 2255 674 2320 laudandum
700 2279 769 2320 esse
789 2257 916 2342 judico,
941 2279 1003 2320 nec
1027 2259 1216 2342 vituperare
1240 2279 1413 2342 praesumo

310 2353 368 2417 sed
401 2353 486 2435 dico.
518 2355 544 2418 si
578 2353 629 2417 vel
662 2354 791 2418 modice
825 2357 858 2418 in
883 2354 1071 2440 hujusmodi
1097 2377 1116 2418 a
1141 2365 1254 2418 sancto
1280 2355 1353 2418 viro
1378 2373 1423 2439 per

310 2451 371 2516 zeli
400 2452 578 2516 laudabilis
610 2451 707 2538 paulo
740 2453 1040 2517 immoderatiorem
1066 2455 1225 2539 impetum
1251 2463 1300 2516 est
1325 2475 1422 2516 excas

310 2571 393 2628 sum,
425 2550 487 2614 hoc
518 2553 626 2637 ipsum
658 2563 707 2614 est
731 2573 843 2614 sacrae
875 2574 959 2637 quae
984 2561 1161 2615 consecuta
1185 2553 1335 2616 noscitur
1360 2555 1422 2634 igne

310 2649 473 2732 passionis
503 2660 687 2714 excoctum.
735 2649 786 2712 Ita
820 2650 943 2734 quippe
976 2652 1081 2713 sancti
1115 2651 1178 2713 viri
1210 2649 1262 2713 vel
1296 2647 1422 2714 amandi

311 2745 364 2810 vel
387 2747 547 2812 laudandi
571 2757 647 2811 sunt
670 2770 690 2811 a
714 2746 820 2828 nobis,
853 2759 889 2810 ut
912 2759 1040 2811 tautum
1072 2745 1250 2832 inquibus
1282 2746 1421 2811 humina

309 2844 363 2908 vel
387 2844 471 2909 forte
504 2847 645 2924 fuerunt,
686 2845 737 2909 vel
761 2846 863 2910 fuisse
902 2857 1091 2924 noscuntur,
1130 2866 1342 2930 nequaquam
1382 2841 1421 2918 rel

309 2965 459 3008 amemus
484 2945 535 3008 vel
560 2943 743 3024 laudemus,
768 2943 824 3008 sed
850 2967 889 3006 ea
913 2955 1051 3024 tantum,
1078 2944 1110 3006 in
1136 2940 1256 3027 quibus
1281 2965 1341 3006 eos
1365 2946 1421 3027 sint

309 3040 463 3126 scrupulo
489 3043 610 3106 imitari
636 3041 805 3106 debemus.
847 3041 930 3122 Quis
954 3043 1042 3106 enim
1068 3041 1167 3120 (licat,
1192 3061 1246 3104 cos
1271 3042 1304 3103 in
1334 3043 1420 3106 omni

310 3136 373 3203 bus
396 3162 481 3225 quae
505 3139 547 3203 ab
572 3141 652 3227 ipsis
676 3141 761 3205 fiunt
784 3163 853 3204 esse
878 3138 1076 3204 imitabiles?
1108 3139 1180 3203 Non
1205 3159 1282 3224 ergo
1309 3140 1345 3202 in
1370 3159 1420 3201 om

311 3236 410 3301 nibus
433 3261 518 3324 quae
541 3240 679 3320 faciunt,
704 3238 761 3304 sed
778 3241 946 3324 sapienter
969 3250 1001 3302 et
1025 3247 1121 3300 caute
1145 3234 1268 3301 debent
1292 3234 1416 3300 laudari

310 3347 348 3398 ut
371 3358 430 3400 sua
447 3335 518 3400 Deo
543 3338 775 3422 praerogativa
799 3346 957 3415 servetur,
983 3337 1016 3399 in
1038 3334 1133 3418 cujus
1156 3333 1313 3398 laudibus
1338 3353 1419 3397 nemo

311 3443 502 3518 potestesse
528 3437 650 3499 nimius
674 3444 980 3520 quantumcumque
1004 3433 1140 3497 laudare
1164 3433 1366 3511 conetur.“‘·')
1390 3463 1419 3476 -

386 3737 406 3806 ι)
425 3736 494 3805 Epp.
515 3735 640 3791 Gilberti
662 3736 735 3790 Gilcs
754 3736 791 3792 11.
811 3751 851 3804 cp.
870 3737 932 3791 448.
1069 3759 1079 3780 e

384 3817 407 3885 ²)
427 3817 466 3872 De
485 3817 565 3872 rebus
583 3816 707 3886 Anglicis
731 3815 762 3872 L.
782 3817 815 3870 ll
841 3833 862 3870 c
882 3817 924 3870 25.
954 3845 986 3853 —
1019 3813 1185 3880 „Guilelmus
1209 3813 1290 3876 Late,
1323 3813 1369 3866 boc
1389 3813 1418 3864 ea

311 3897 423 3964 Parma,
452 3897 656 3966 Neuburgensis
674 3911 722 3951 seu
741 3896 960 3964 Novoburgensis
979 3893 1139 3963 appellatus,
1170 3893 1240 3960 quod
1259 3893 1288 3947 in
1308 3891 1418 3976 coenatip

311 3977 502 4048 Ncuburgensi
522 3976 711 4031 canonicorum
724 3976 891 4044 regularium
902 3975 1048 4029 institutus
1067 3981 1095 4028 et
1107 3991 1127 4028 a
1142 3973 1292 4042 Augustini
1311 3973 1417 4041 regular

311 4056 447 4125 protessus
466 4055 559 4122 fuerit
590 4053 675 4125 vulgo
702 4057 749 4110 sed
776 4063 901 4122 corrupte
923 4055 1011 4109 dictus
1030 4053 1233 4123 Neubrigenais
1263 4067 1336 4106 anno
1356 4051 1417 4104 1135*

311 4136 443 4206 Stephani
457 4137 532 4206 regis
549 4137 644 4206 primo,
665 4144 745 4190 natus
759 4143 809 4191 cat.
829 4135 908 4190 Vixit
926 4135 960 4189 ad
975 4134 1055 4189 finem
1068 4149 1151 4201 usqne
1170 4133 1244 4188 illins
1256 4133 1363 4187 saeculi.
1382 4129 1417 4182 Hi«

311 4217 423 4272 storiam
442 4233 532 4272 rerum
545 4215 720 4285 Anglicarum
740 4217 774 4270 ab
793 4233 864 4270 anno
879 4216 955 4282 1066,
976 4213 1114 4269 Guillelmi
1128 4213 1321 4280 Conquestoris
1339 4212 1417 4280 priua
