2902 4848
301 429 357 480 350
429 427 542 481 XXXV.
562 427 894 482 praecucurrerant
914 444 946 482 sc
964 428 998 482 de
1015 427 1115 494 synod
1137 428 1299 482 Florentius

303 573 503 636 Dominicus
519 572 718 657 capranica,
743 573 920 656 episcopus
935 571 1125 654 Firmanus,
1149 572 1298 657 Eugenio
1320 571 1401 636 inlen-
1436 567 1437 662 l

302 692 368 735 sus.
399 669 565 734 Martinus
588 669 618 732 V
644 668 802 733 videlicet
826 669 1034 754 Capranicae
1058 670 1255 754 dignitatem
1279 670 1401 734 cardina·
1436 681 1437 706 ¹

302 766 408 831 litiam
449 767 632 833 destinarat
678 767 731 831 vel
771 778 999 847 concesserat3
1036 767 1195 857 nondum¹
1213 779 1319 832 tamen
1344 789 1402 832 eun

303 865 516 930 Cardinalem
541 865 675 952 publice
705 867 990 950 pronuntiaverat.
1037 866 1129 930 Hinc
1151 889 1172 930 a
1196 866 1310 951 majori
1331 875 1403 950 parte

302 962 534 1038 Cardinalium
567 963 610 1026 ad
643 962 802 1028 conclave
826 985 885 1048 pro
910 962 1064 1046 eligendo
1089 963 1252 1028 Pontifice
1283 985 1342 1028 non
1363 961 1403 1026 ad·

304 1062 423 1125 missus
446 1061 570 1139 fuerat,
602 1061 774 1144 Eugenius
797 1061 845 1124 IV
878 1081 956 1126 vero
986 1059 1127 1128 aliorum
1152 1063 1299 1126 consiliis
1320 1074 1404 1124 motus

303 1161 411 1245 ipsum
437 1158 651 1225 Cardinalem
682 1160 854 1246 publicare
877 1163 1000 1228 renuit.
1047 1161 1144 1226 Tunc
1168 1161 1350 1246 Capranioa
1370 1161 1403 1220 in·

298 1257 423 1342 juriam
447 1257 510 1323 sibi
536 1258 658 1322 laetam
682 1257 899 1322 vehementer
923 1273 1132 1346 conquestus,
1162 1261 1263 1323 etiam
1288 1257 1326 1322 de
1346 1255 1405 1340 legi·

303 1357 384 1420 tima
408 1355 552 1437 Eugenii
578 1354 738 1421 electione
761 1355 865 1420 dubia
890 1358 1043 1437 movit.¹)
1071 1394 1107 1404 -
1137 1358 1216 1421 Post
1253 1365 1403 1440 accepturu

303 1452 529 1518 dissolutionis
553 1457 719 1534 nuntium,
759 1455 843 1518 duos
866 1465 1011 1518 oratores
1036 1456 1196 1520 miserunt
1220 1453 1405 1518 Basileenses

303 1552 346 1616 ad
370 1552 558 1635 Eugenium
590 1552 633 1615 ad
662 1554 693 1616 ei
724 1551 992 1638 supplicandum,
1025 1563 1062 1616 ut
1096 1551 1344 1617 dissolutionem
1371 1573 1404 1610 re·

303 1661 447 1715 vocaret.
495 1649 561 1714 Sed
593 1671 659 1714 non
694 1661 885 1735 exspectato
917 1671 1086 1736 responso,
1116 1650 1242 1734 litteras
1266 1649 1404 1714 dederunt

304 1746 491 1830 encyclicas
529 1747 583 1812 die
614 1750 675 1811 21ο
697 1749 850 1814 Januarii
890 1771 920 1813 a.
954 1749 1038 1812 1432
1078 1749 1120 1812 ad
1158 1771 1272 1814 omnes
1306 1747 1404 1811 Christi

304 1843 428 1928 fideles,
453 1845 574 1930 quibus
597 1867 653 1910 eos
676 1846 821 1912 reddunt
836 1848 1001 1927 certiores,
1026 1869 1061 1910 se
1077 1849 1212 1911 omnino
1230 1846 1404 1910 decrevisse.

305 1943 497 2008 inchoatum
530 1943 629 2008 semel
656 1943 844 2008 Concilium
878 1946 1092 2020 continuare„
1129 1945 1294 2009 insistunt
1321 1946 1351 2008 in
1371 1963 1403 2004 eo⁴

304 2042 393 2128 quod
417 2043 612 2106 auctoritate
637 2043 771 2108 lllartini
798 2043 827 2103 V
861 2057 894 2108 et
923 2043 1067 2126 Eugenii
1093 2043 1143 2108 IV
1168 2041 1325 2126 Synodus
1351 2063 1404 2104 con·

304 2149 423 2204 vocata
453 2141 505 2218 sit,
538 2140 627 2224 quod
665 2140 853 2226 praesideat
875 2140 1004 2224 legatus
1027 2140 1199 2205 Pontificis
1230 2151 1261 2204 et
1287 2141 1404 2225 supponi

302 2246 455 2324 nequeat,
487 2236 688 2321 Eugenium,
722 2240 916 2323 praesertim
941 2237 1065 2302 auditis
1095 2260 1208 2302 eorum
1233 2237 1406 2302 oratoribus

303 2345 350 2399 tot
381 2334 543 2418 majorum
573 2344 605 2398 et
636 2337 704 2399 suis
737 2335 879 2401 decretis
910 2335 1047 2402 obviare
1072 2336 1166 2404 velle.
1215 2337 1287 2400 Has
1317 2349 1405 2400 tanen

299 2433 428 2497 litteras
460 2431 648 2498 Cardinalis
680 2432 851 2512 Julianus,
883 2436 939 2521 qui
970 2434 1015 2500 sd
1040 2435 1234 2500 mandatum
1259 2433 1408 2500 Pontificie

301 2530 401 2616 legati
434 2539 467 2594 et
499 2531 661 2616 praesidis
688 2532 826 2617 juribus
846 2532 1104 2610 renuntiaverat,
1138 2555 1197 2597 suo
1230 2531 1336 2616 sigillo
1358 2551 1406 2594 non

303 2631 466 2710 munivit3
497 2630 577 2694 fecit
607 2629 690 2694 illud
714 2629 918 2694 Plrilibertus
943 2633 1118 2715 episcopus
1143 2629 1355 2696 Constantiae
1383 2629 1406 2691 in

303 2727 519 2806 Normannia,
544 2729 601 2812 qui
626 2727 748 2792 exinde
774 2726 916 2793 Concilii
940 2738 1041 2813 eaput
1063 2728 1136 2793 fuit.

396 2825 446 2888 10.
494 2825 558 2890 Die
585 2826 643 2890 15⁰
668 2823 843 2889 Februarii
868 2824 984 2890 habita
1006 2837 1058 2890 est
1080 2826 1231 2890 Basilese
1255 2829 1353 2890 sessio
1374 2847 1407 2887 se·

304 2923 432 3004 cunda,
458 2934 492 2987 at
514 2923 703 3008 praesidere
729 2923 834 2988 noluit
849 2923 1005 2990 Julianus
1023 2924 1223 2990 Cardinalis.
1253 2925 1293 2990 ln
1309 2924 1405 2988 eaden

304 3023 448 3086 sessione
463 3021 619 3104 Synodus
643 3021 837 3102 declaravit,
861 3023 945 3106 qaod
960 3023 996 3086 ia
1009 3021 1136 3109 Spiritu
1158 3037 1268 3088 sancto
1292 3023 1406 3109 lepitirn

303 3129 501 3204 conprepata,
526 3117 671 3204 persar-ale
687 3117 862 3184 Concilium
872 3119 1004 3205 faciens
1020 3131 1050 3185 et
1063 3123 1243 3186 cadomum
1256 3120 1407 3186 Ecclesiam

302 3228 549 3302 repraesentaris
573 3221 682 3298 (erant
705 3229 830 3302 septem
855 3220 1017 3304 episcopi)
1036 3230 1226 3304 potestatam
1250 3219 1407 3282 tamarae

303 3339 325 3379 c
360 3311 486 3378 Christo
519 3315 654 3378 deberat.
715 3315 846 3380 Deinde
883 3327 1089 3396 renovarunt
1122 3329 1155 3381 ct
1190 3319 1407 3382 confirmarunt

303 3413 437 3478 decreta
461 3413 587 3478 famosa
611 3413 927 3497 Constantiensium,
960 3437 1000 3479 ea
1029 3415 1203 3480 manifeste
1234 3417 1407 3480 intentione.

304 3521 341 3575 ut
364 3532 422 3595 pro
448 3510 589 3576 decretis
613 3511 711 3596 plane
734 3511 945 3595 generalibus
969 3513 1085 3578 eadem
1118 3511 1288 3594 haberent,
1319 3523 1350 3576 et
1375 3509 1407 3576 ad

304 3609 430 3693 Papam
449 3630 580 3694 quoque
595 3607 772 3674 indubium
796 3619 830 3672 et
853 3612 943 3674 omni
958 3632 999 3674 ex
1016 3624 1110 3696 parte
1126 3609 1406 3677 cominendabilen

301 3705 531 3770 extenderent.
557 3743 599 3754 -
624 3707 761 3771 lnterim
788 3729 865 3771 vero
892 3707 1063 3792 Eugenius
1086 3709 1146 3790 IV,
1166 3711 1237 3794 jam
1260 3721 1336 3776 ante
1358 3729 1405 3772 sesv

302 3805 432 3868 sionem
456 3805 647 3884 secundam,
682 3827 741 3890 per
764 3804 931 3890 delegatos
955 3807 1091 3892 Imperii
1122 3808 1165 3872 ad
1194 3831 1228 3873 se
1251 3807 1407 3894 deputatos

305 3902 395 3966 misit
410 3901 453 3966 ad
465 3901 652 3968 Concilium
669 3904 807 3985 litteras,
821 3901 953 3988 quibus,
967 3925 1033 3968 non
1045 3905 1199 3970 obstante
1210 3905 1406 3972 dissolutione

303 3999 448 4064 Concilii
472 4001 514 4063 ab
540 4003 610 4086 ipso
624 4001 767 4083 decreta,
792 4001 834 4065 ob
849 4003 993 4066 rationes
1010 4025 1092 4090 quas
1109 4005 1226 4068 iterum
1243 4015 1406 4068 enumerat

381 4211 401 4278 ¹)
421 4211 474 4270 Cir,
496 4213 629 4279 Raynsld.
649 4229 672 4269 a.
695 4215 761 4268 1431
782 4230 807 4268 n.
828 4215 870 4268 34.
