2868 4844
341 449 381 503 Dc
398 449 551 504 schismatis
569 449 750 505 incremento.
1075 449 1128 504 ute

26 595 130 678 ‚icccpi
155 594 323 657 damarim
338 593 477 658 bumana
490 615 585 658 camec
601 594 730 656 indutos
747 615 810 656 non
826 593 954 681 elepisse
971 591 1129 658 Christum
1139 592 1300 695 Sbffffim

26 693 50 751 iu
76 691 183 770 terris,
213 689 271 754 ssd
299 693 453 755 smsitusse
486 691 703 755 antichristum
726 691 891 756 ademeram
916 701 944 755 ts
971 689 1129 757 Christum
1269 683 1274 694 ¹

26 789 50 850 ic
70 790 168 866 terris,
190 811 280 874 ostem
303 809 357 873 epo
374 789 529 875 profiteor
552 799 582 852 et
604 811 669 853 non
690 811 767 874 nepo
785 798 813 854 te
833 787 954 854 Cbristi
975 791 1128 853 ricarium

24 907 82 962 use,
112 887 168 971 qui
190 897 274 950 tenet
296 885 400 951 claues
422 883 548 950 cellarii
570 887 729 952 Ecclesiae
753 898 892 966 sanctae,
924 890 959 950 in
982 909 1041 973 quo
1066 909 1128 951 ser·

24 994 98 1046 ratur
118 986 251 1070 scupuis
272 983 470 1048 immaculati
493 987 585 1072 opni,
623 989 712 1074 cujus
743 987 887 1050 minister
908 1009 954 1062 es,
981 985 1129 1071 fremont

22 1081 129 1145 liutet
150 1094 341 1167 rumpantur
364 1083 583 1150 aduersarii¹i
629 1083 742 1148 Altero
766 1105 853 1148 auno
878 1103 951 1147 eam
975 1093 1128 1148 vocatam

22 1200 78 1242 esse
91 1180 133 1244 sd
149 1178 270 1244 Sedem
286 1179 524 1265 Apostolioem‚
547 1180 648 1244 refert
662 1181 701 1245 B.
714 1180 935 1266 Raymundus
948 1179 1129 1266 Capuanus

20 1276 78 1360 ejus
98 1277 321 1344 confessarius
343 1289 378 1341 et
399 1277 614 1364 biographus,
638 1278 834 1365 subditque:
860 1279 1004 1342 &minus
1021 1279 1128 1343 Ponti-

13 1373 65 1456 fes
85 1395 121 1438 ea
144 1377 216 1438 aisa
247 1375 375 1460 parisus
408 1387 464 1453 est,
497 1374 653 1461 voluitque
684 1399 790 1440 coram
817 1375 1045 1442 Gordinclibus
1075 1379 1130 1462 qui

19 1483 78 1534 tanc
107 1473 257 1552 aderant,
288 1474 371 1559 quod
401 1474 526 1537 uerbum
548 1474 678 1559 faceret
708 1476 938 1538 embomaticnis
964 1476 1128 1560 potissime

14 1583 135 1656 prepter
164 1573 315 1648 smmum,
349 1571 432 1655 quod
464 1582 536 1635 tunc
565 1572 748 1657 incipiebat.
808 1573 901 1644 Quod
931 1585 960 1636 et
986 1572 1129 1660 perfecte

10 1668 90 1750 fecit,
121 1669 297 1735 animando
320 1691 562 1754 unumquemque
586 1692 691 1732 eorum
715 1669 760 1734 od
783 1671 897 1746 fortem
920 1673 1129 1734 constantiam

18 1767 104 1828 serbis
126 1777 159 1830 et
182 1769 347 1832 sententiis
363 1767 526 1852 plurimis,
558 1791 596 1830 oc
619 1768 820 1846 ostendendo,
855 1769 996 1832 divinam
1021 1771 1128 1858 proui-

15 1863 144 1928 dentiam
168 1887 289 1950 seraper
312 1865 424 1928 edesse
446 1863 582 1944 cuilibet,
607 1877 637 1930 et
657 1867 821 1952 potissime
845 1889 912 1930 cum
936 1877 1047 1930 sancta
1070 1867 1127 1930 Ec·

15 1960 99 2025 rlesia
110 1964 251 2048 patitur,
268 1973 298 2026 et
312 1963 536 2040 concludendo,
561 1963 643 2048 quod
655 1973 790 2049 propter
804 1964 983 2028 inchoatum
997 1965 1128 2028 sobisma

14 2061 40 2122 in
68 2061 158 2124 nullo
191 2060 354 2146 trepidare
385 2060 545 2139 deberent,
585 2062 640 2125 scd
670 2085 762 2146 apere
794 2084 873 2146 quae
903 2063 967 2126 Dei
996 2057 1070 2126 sunl
1099 2073 1129 2124 et

15 2158 122 2222 'uelim
148 2159 267 2222 timere.
319 2157 454 2244 Cumque
477 2182 537 2224 suc
560 2159 654 2223 verba
677 2160 870 2245 complesset,
904 2159 1054 2244 Poutt'fm
1077 2181 1128 2222 es·

11 2255 172 2340 bilaratue,
202 2257 299 2320 uerba
329 2262 397 2346 ejus
419 2260 636 2343 reassumpsit,
667 2267 789 2321 vertens
812 2279 843 2320 se
868 2258 912 2320 od
938 2255 1130 2322 Cardinales

12 2353 128 2418 licata:
166 2356 245 2418 Ecce
259 2355 397 2440 fratres,
422 2379 487 2418 ecce
503 2355 641 2442 fratres,
665 2356 740 2420 dcun
764 2356 869 2420 timidi
892 2379 1006 2433 mmus,
1031 2379 1128 2440 quan·

11 2463 64 2514 bin
85 2456 122 2516 in
146 2464 315 2539 conspectu
332 2453 465 2517 Domini
486 2454 746 2539 reprehensibiles
769 2455 941 2518 reddimur.
967 2502 973 2516 .
1001 2501 1008 2516 .
1035 2509 1041 2518 .
1067 2453 1130 2516 His

11 2559 33 2610 rt
53 2549 131 2613 aliis
155 2551 350 2614 sermonibus
374 2550 526 2636 Pontifex
555 2573 588 2614 se
619 2575 656 2616 ac
672 2555 678 2568 '
679 2551 807 2636 fratres
836 2573 909 2616 suos
932 2550 1127 2636 confortans,

9 2651 153 2732 arpinem
178 2658 320 2712 sanctam
344 2647 628 2712 commendatitia
651 2649 800 2727 Domino,
830 2673 867 2713 ac
889 2651 1014 2734 potios
1035 2671 1129 2735 quom

10 2743 158 2828 plurimas
183 2745 370 2832 spirituales
393 2749 503 2832 cipro
527 2769 559 2809 se
582 2771 620 2810 cc
642 2748 709 2810 suis
731 2747 922 2828 concessit.¹)

87 2853 144 2916 27.
194 2849 334 2936 Scripsit
365 2875 388 2917 s.
416 2851 598 2917 Catharina
629 2853 728 2918 aliam
760 2851 934 2939 epistolam
963 2853 1006 2917 sd
1030 2853 1128 2918 Caro·

10 2947 65 3012 lam
83 2953 117 3012 V
146 2969 258 3032 regem
283 2948 424 3032 Galliae,
450 2949 631 3014 Clementis
654 2950 816 3014 fautorem
841 2951 1068 3036 praecipuum,
1093 2960 1130 3014 ut

10 3069 71 3111 eam
104 3071 125 3112 a
159 3047 339 3112 schismate
369 3048 514 3112 fovendo
546 3049 745 3130 dimoverem
786 3048 897 3134 plures
926 3069 1005 3112 vero
1039 3049 1130 3111 misit

15 3147 123 3210 itterae
161 3145 205 3208 ad
230 3145 397 3210 loannem
429 3147 579 3229 reginam
603 3145 757 3232 Apuliae,
789 3169 875 3232 quae
906 3168 1009 3232 quum
1034 3147 1128 3210 initio

11 3245 94 3310 iside
119 3243 262 3308 addicta
284 3245 402 3308 fuisset
425 3243 576 3325 Urbane,
602 3265 680 3308 mox
704 3265 780 3308 eum
805 3244 1035 3329 dereliquerat.
1071 3243 1129 3307 Iis·

11 3339 69 3406 iem
96 3343 222 3406 litteris
244 3353 315 3406 tum
340 3342 496 3427 precibus
520 3361 594 3406 eam
617 3363 753 3406 movere
775 3341 912 3424 studuit,
942 3341 1044 3406 atad
1069 3341 1129 3406 Ur-

12 3444 74 3504 ›aui
100 3439 333 3504 obedientiam
358 3439 492 3520 rediret,
517 3449 587 3503 tum
604 3441 703 3504 minis
728 3461 799 3504 eam
825 3441 1001 3526 perterruit
1025 3441 1129 3503 maxi·

12 3559 128 3604 aarum
163 3537 405 3618 calamitatum,
442 3558 527 3624 quae
559 3559 677 3602 revera
713 3537 802 3602 haud
838 3539 884 3603 ita
917 3538 1020 3603 multo
1055 3547 1130 3622 post

12 3638 251 3700 utelicissimae
273 3638 409 3720 reginae
433 3647 707 3721 supervenerunt,
740 3657 843 3722 quum
874 3647 906 3700 et
934 3655 1073 3718 reguum
1098 3635 1128 3698 ei

13 3748 27 3796 t
50 3738 124 3800 rita
150 3735 346 3819 eriperetur.
393 3735 572 3820 Postquam
599 3753 676 3827 vero
704 3733 859 3798 Urbanus
884 3733 932 3798 VI
960 3735 1128 3799 loannem

13 3833 318 3914 *xcommunicavit
343 3853 417 3896 eam
442 3853 563 3896 corona
587 3833 744 3916 privavit,
774 3853 814 3896 ac
838 3831 1011 3896 Ludovico
1036 3831 1129 3894 Hun-

13 3935 106 4000 ariae
131 3931 207 4015 regi
233 3939 266 3993 et
282 3929 401 3994 Carolo
416 3929 558 3994 Duratio
582 3951 721 4015 regnum
747 3929 828 3994 illud
853 3939 966 4016 utpote
990 3928 1128 3994 feudum

56 4075 216 4084 ..--.----

66 4155 87 4222 ¹)
109 4155 168 4222 Ap.
188 4149 322 4218 Bsyuald.
342 4167 366 4204 a.
387 4151 465 4207 iste.
485 4167 512 4208 u.
531 4153 574 4209 59.

63 4237 88 4306 Ἰ)
108 4233 251 4300 Rayuaid.
272 4247 296 4284 s.
318 4231 396 4288 1379.
416 4247 441 4285 u.
462 4232 504 4286 21.
