2836 4848
297 470 350 526 396
494 473 624 528 XXVIII.
644 475 684 528 De
701 481 779 531 statu
797 475 936 530 societatis
955 475 1047 531 christ.
1067 491 1137 536 saec.
1156 477 1232 532 xut.

297 625 395 700 pacta
407 617 491 698 iniit,
504 621 735 684 excusationes
746 617 859 684 attulit
868 618 956 704 quod
970 620 1114 703 primum
1134 643 1271 705 regnum
1283 623 1403 708 pacifice

297 711 542 799 disponendum
575 728 676 795 esset,
712 716 866 781 inducias
898 718 994 802 petiit
1028 727 1061 781 et
1096 718 1252 784 obtinuit.
1308 720 1402 799 Quum

296 810 594 896 Langobardorum
618 813 814 879 seditionem
836 815 1066 879 imminentem
1090 827 1308 901 praetexeret,
1330 819 1404 882 inde·

296 930 361 993 que
386 931 494 974 moras
518 931 621 976 novas
644 911 835 997 postularet,
860 912 1029 976 Honorius
1052 914 1083 977 ei
1107 913 1216 979 adfuit
1238 915 1282 980 ad
1305 939 1403 1001 pacem

297 1027 373 1070 cum
397 1007 490 1072 Italis
513 1009 723 1092 servandam,
748 1020 781 1075 et
803 1012 838 1074 in
853 1012 1075 1074 conventione
1096 1012 1141 1076 ad
1164 1013 1198 1082 S.
1214 1013 1403 1080 Germanum

296 1106 380 1169 inita
402 1126 489 1170 anno
508 1109 594 1174 1225
618 1109 772 1174 inducias
788 1108 902 1174 bienni
918 1110 948 1173 ei
966 1112 1139 1176 concessit.
1166 1110 1333 1177 Convenit
1348 1116 1402 1199 ipse

145 1207 272 1250 ⁰⁰¹²ve¹²²¹⁰
296 1202 487 1268 Fridericus
525 1214 623 1290 pacto
655 1205 808 1288 solemni,
841 1215 879 1270 ut
909 1207 972 1270 nisi
1005 1229 1119 1272 mense
1152 1209 1305 1295 Augusto
1341 1213 1403 1275 unni

133 1271 383 1364 ᾱΜΙἿιοὶιι“’1227
415 1302 477 1366 iter
500 1305 691 1389 susciperet,
724 1306 758 1368 in
789 1305 1170 1370 excommunicationem
1196 1309 1271 1393 jam
1301 1309 1404 1373 exinde

294 1400 396 1464 latam
413 1399 584 1484 incideret,
609 1413 710 1487 utque
734 1404 769 1466 iu
785 1405 893 1488 ipsum
918 1412 951 1466 et
974 1413 1206 1469 terremsuam
1221 1409 1404 1471 sententiare

294 1499 451 1565 Pontifex
473 1512 593 1586 posset.
642 1498 857 1566 Conditioncs
880 1501 980 1564 initas
1005 1509 1037 1564 et
1056 1501 1186 1586 juratae
1210 1502 1348 1569 solemni
1367 1527 1403 1566 re·

295 1599 416 1684 scripto
450 1600 521 1685 ipse
552 1597 743 1662 Fridericus
771 1601 924 1683 agnovit:
958 1598 1065 1676 „lata
1088 1623 1128 1663 etc
1151 1624 1249 1681 auae,
1281 1604 1336 1684 ait,
1365 1625 1403 1664 cr·

294 1699 585 1762 communicationis
608 1699 775 1775 scatentia,
798 1698 834 1760 ia
857 1719 951 1782 quam
972 1697 1156 1777 incidemus,
1179 1701 1210 1762 si
1231 1722 1299 1764 uou
1322 1713 1404 1764 uuae

286 1797 516 1884 frctauerimuc
542 1798 578 1859 iu
600 1795 754 1880 pueeaqio
779 1818 880 1881 supra
902 1795 988 1859 dicto
1014 1845 1022 1860 .
1047 1843 1055 1860 .
1081 1845 1088 1860 .
1115 1795 1153 1860 Si
1174 1809 1282 1861 autem
1304 1797 1403 1884 desacr-

293 1897 392 1960 rimus
414 1896 450 1957 iu
472 1893 641 1978 aliquibus,
666 1941 726 1958 ...
752 1891 883 1956 ecclesia
907 1896 1056 1958 Romana
1080 1894 1286 1959 senteutiabit
1307 1897 1341 1958 ia
1360 1915 1403 1957 uos

294 2005 323 2057 ct
345 1996 380 2057 ia
404 2003 522 2055 teu-am
550 2001 702 2067 uestram,
736 1991 775 2053 de
798 2001 974 2077 spontaneo
1005 2002 1035 2054 et
1059 1996 1132 2081 jam
1160 1994 1323 2078 praestito
1348 2014 1402 2054 coa·

293 2115 386 2156 seusu
408 2091 555 2169 uortro.¹)
602 2090 739 2153 Interim
755 2087 946 2154 Fridericus
969 2099 1044 2175 post
1067 2101 1232 2154 mortuam
1256 2090 1302 2176 (a.
1321 2091 1402 2154 trau

294 2211 430 2254 uxorem
456 2186 695 2264 Constantiam,
727 2189 762 2251 in
786 2188 1032 2252 matrimoniam
1058 2187 1156 2252 duxit
1177 2211 1208 2252 a.
1236 2188 1323 2252 1226
1352 2189 1401 2250 lsa·

292 2287 413 2354 bellam
438 2307 497 2350 seu
519 2283 722 2366 dolantham,
755 2284 856 2349 liliam
880 2284 1023 2351 loannis
1046 2285 1196 2350 Briennii
1231 2289 1319 2371 regia
1341 2285 1415 2349 Hie-t

291 2384 531 2470 rosolymarum
553 2384 715 2469 regnique
731 2382 918 2467 haeredem,
944 2392 1137 2470 patremque
1152 2382 1278 2469 adegit,
1296 2398 1332 2448 ut
1351 2383 1400 2448 sibi

287 2485 365 2570 jura
388 2506 447 2548 sua
470 2483 624 2566 regisque
657 2479 790 2544 titulum
815 2480 957 2548 cederet.
1013 2481 1083 2546 Nec
1107 2491 1218 2546 tamen
1244 2483 1280 2548 in
1304 2481 1401 2548 Orien·

291 2593 357 2646 tem
382 2581 547 2668 profectus
571 2587 629 2642 est.
1413 2581 1414 2592 ¹

382 2733 412 2798 7.
450 2731 502 2795 Ita
527 2729 693 2794 Honorius
718 2729 769 2791 111
800 2750 930 2793 summa
962 2728 1169 2814 indulgentia
1202 2753 1283 2794 usus
1311 2740 1356 2793 est
1375 2729 1413 2792 in,

291 2829 510 2909 Fridericum,
542 2828 695 2914 quamvis
719 2829 747 2890 is
765 2827 837 2912 jam
858 2825 971 2891 multis
995 2827 1138 2913 querelis
1163 2849 1302 2892 causam
1326 2849 1400 2912 pruc-

291 2923 393 2994 beret.
440 2925 598 2992 Subditos
621 2927 710 2990 enim
735 2924 831 2990 Sedis
855 2923 1078 3010 Apostolieae,
1102 2948 1142 2990 ec
1166 2927 1194 2988 si
1217 2923 1397 3012 Imperatori

291 3027 434 3113 subjecti
468 3025 601 3107 essent,
620 3022 802 3106 tractabat3
838 3021 972 3088 Siciliae
1002 3045 1142 3106 regnum
1178 3023 1412 3110 conservabat}

291 3124 415 3190 clerum
439 3121 573 3188 Siciliae
597 3121 823 3209 opprimebat;
854 3121 1077 3186 ecclesiastica
1103 3121 1191 3207 jura,
1219 3121 1397 3208 praesertim

285 3224 342 3308 jus
370 3220 514 3306 eligendi
539 3223 712 3306 episcopos
735 3222 768 3284 in
793 3219 891 3284 ltalia
914 3218 1098 3305 usurpabat
1121 3230 1154 3284 et
1168 3221 1330 3284 canonice
1350 3217 1411 3288 ele-i

290 3332 360 3384 etos
384 3317 548 3405 ejiciebat.
574 3317 749 3383 Caeterum
773 3317 957 3404 imperator
981 3319 1087 3402 magis
1111 3319 1283 3404 magisque
1306 3308 1411 3400 tyran-l

289 3416 361 3482 nidi
392 3427 426 3480 et
455 3415 588 3480 libidini
612 3415 761 3497 indulsit,
790 3437 893 3480 uxore
918 3427 1028 3501 spreta
1057 3415 1257 3502 injuriisque
1286 3417 1396 3479 affecta

291 3537 381 3580 more
411 3516 600 3600 principum
630 3512 871 3578 Saracenorum
900 3512 1127 3598 voluptatibus
1158 3513 1312 3599 turpibus
1342 3517 1410 3588 sescl

291 3613 392 3694 dedit,
423 3623 523 3699 atque
546 3612 697 3676 Lucerae
728 3613 762 3676 in
787 3611 885 3676 ltalia
916 3610 1125 3676 meridionali
1151 3609 1314 3676 coloniam
1337 3629 1396 3672 cou-

290 3714 396 3777 stituit
420 3710 563 3775 militum
580 3709 820 3775 Saracenorum
846 3711 908 3796 ipsi
933 3709 1153 3789 addictorum,
1177 3711 1235 3795 qui
1256 3707 1396 3774 Christia-

289 3811 341 3875 nis
365 3811 511 3874 maximo
536 3809 628 3874 fuere
652 3810 779 3873 terrori.

380 3963 410 4026 8.
437 3961 605 4026 Honorius
622 3961 683 4042 III,
708 3963 764 4047 qui
789 3962 922 4026 nonnisi
946 3961 1069 4044 insigni
1087 3961 1191 4025 animi
1213 3960 1378 4025 lenitater

288 4059 451 4146 patientia
473 4061 643 4143 graviores
667 4057 841 4124 conflictus
865 4079 940 4122 cum
967 4057 1135 4123 Friderico
1160 4057 1194 4122 11
1218 4059 1392 4129 evitaverat,

291 4195 500 4204 -.ω-...-

363 4263 384 4335 2)
403 4264 437 4321 V.
457 4263 599 4334 epistolem
618 4279 659 4331 ep.
682 4263 851 4332 Raynaldum
870 4263 905 4318 ad
924 4279 948 4320 n.
969 4263 1039 4318 tato
1057 4279 1084 4320 n.
1103 4264 1119 4316 t
1138 4277 1196 4330 sqq.
