2902 4848
374 497 414 552 De
432 498 654 552 condemnatione
672 497 773 552 Hussii.
1096 495 1151 552 335

44 651 141 706 contra
178 640 303 706 clerum
342 643 527 707 excitasset.
588 641 732 706 Praefati
769 641 900 705 articuli
935 639 1068 726 aliaque
1104 639 1149 704 ad

42 761 161 803 oausam
186 739 301 803 Hussii
326 740 527 824 pertinentia
550 737 729 822 diligenter
751 739 900 803 discussa
923 748 1010 802 aunt.
1057 737 1148 802 Post·

41 857 116 900 remo
140 860 159 900 e
181 834 323 901 Concilii
348 837 504 901 mandato
528 835 659 901 articuli
684 837 820 920 triginta
843 855 862 900 e
886 837 1017 922 scriptis
1035 835 1148 900 Hussii

40 937 174 1020 excerpti
199 955 310 999 eoram
329 955 373 997 co
397 932 472 998 lecti
498 945 585 999 sunt.
616 935 649 998 Is
673 933 809 1019 quidem
833 932 876 998 ad
900 930 1048 1017 singulos
1071 936 1148 998 arti-

41 1031 117 1096 culos
145 1032 326 1117 respondit,
357 1031 457 1096 nullis
486 1041 596 1096 tamen
628 1032 814 1096 rationibus
838 1030 892 1095 vel
915 1031 1071 1117 precibus
1094 1029 1149 1096 vel

40 1132 125 1194 minis
156 1129 279 1194 adduci
314 1131 434 1216 potuit,
469 1141 507 1193 ut
532 1151 608 1194 suos
639 1152 764 1193 errores
794 1129 976 1194 secuudum
1006 1129 1148 1194 Concilii

38 1230 266 1312 praescriptum
290 1238 471 1294 revocaret.
519 1229 636 1313 Itaque
660 1230 694 1291 in
719 1229 864 1292 sessione
888 1228 1146 1313 decimaquinta,
1165 1229 1304 1342 sffiffi,

38 1325 139 1388 habita
165 1325 220 1389 dic
244 1325 376 1390 6⁰Julii
400 1349 430 1390 a.
458 1326 552 1406 1415,
577 1325 709 1390 articuli
733 1325 874 1410 praefati
898 1325 1046 1390 damnati
1071 1335 1149 1389 sunt
1306 1321 1312 1331 '

37 1435 184 1508 tanquam
209 1425 347 1504 erronei,
373 1423 426 1488 vel
451 1422 647 1504 scandalosi,
672 1423 727 1487 vel
744 1425 874 1508 piorum
892 1424 1023 1488 aurium
1047 1423 1147 1488 offen·

35 1523 100 1603 siri,
124 1520 179 1584 vel
203 1523 369 1585 temerarii
386 1533 419 1585 et
435 1521 593 1606 seditiosi,
617 1532 676 1585 aut
691 1523 819 1585 notorie
836 1520 1005 1603 haeretici,
1031 1520 1147 1606 etjam

36 1618 152 1683 dudum
177 1643 197 1684 a
221 1622 344 1683 sanctis
368 1619 524 1685 Patribus
554 1629 586 1682 et
614 1619 825 1703 generalibus
850 1618 1008 1683 Consiliis
1040 1639 1147 1704 repro·

34 1715 93 1780 bati
116 1729 151 1781 et
176 1718 335 1782 damnati.
382 1715 514 1804 Scripta
539 1717 651 1782 Hussii
676 1717 718 1780 ad
743 1720 854 1801 iguem
880 1717 1037 1781 damnata
1060 1731 1147 1784 suut.

33 1814 99 1898 lpse
116 1815 260 1880 Hussius
284 1814 471 1880 declaratus
495 1825 544 1878 est
560 1837 659 1879 verus
683 1825 716 1880 et
739 1816 934 1879 manifestus
950 1815 1146 1899 hacreticus,

33 1915 180 1994 pertinax
204 1923 236 1976 ct
259 1912 513 1996 incorrigibilis3
545 1913 588 1978 ab
620 1913 737 1977 ordine
768 1911 963 1977 sacerdotali
993 1913 1069 1978 dein
1094 1914 1148 1978 de-

32 2013 148 2094 positus
174 2022 207 2074 et
229 2010 430 2095 degradatus
461 2011 596 2076 relictus
619 2012 683 2075 fuit
706 2013 818 2075 curiae
841 2010 1014 2092 saeculari,
1038 2035 1058 2075 a
1081 2033 1150 2098 qua

27 2109 117 2190 juxta
138 2108 232 2192 leges
255 2111 406 2192 vigentes
429 2109 472 2174 ad
496 2131 612 2194 rogum
638 2109 692 2173 die
715 2109 754 2173 6⁰
776 2109 858 2175 Julii
883 2131 912 2175 a.
940 2111 1025 2174 1415
1058 2111 1147 2175 dam·

31 2214 119 2269 natus
152 2216 212 2271 est.
266 2205 319 2270 Ad
348 2206 457 2270 locum
490 2206 646 2292 supplicii
679 2207 844 2272 adductus
874 2209 1060 2294 iterumque
1092 2209 1147 2272 ad·

31 2307 180 2384 monitus,
205 2313 241 2366 nt
264 2304 400 2368 tandem
423 2326 550 2369 errores
574 2327 650 2369 suos
672 2303 884 2391 relinqueret,
910 2307 1059 2370 etvitam
1084 2329 1147 2370 aer-

30 2413 124 2483 raret,
157 2401 192 2466 id
217 2401 326 2466 facere
357 2404 568 2487 pertinaciter
594 2403 771 2469 recusavit.
819 2403 1031 2489 Quapropter
1061 2407 1149 2488 ignis

29 2521 99 2582 rogo
123 2500 292 2581 admotus,
316 2512 358 2580 et,
384 2503 431 2565 uti
457 2501 574 2566 scribit
590 2501 706 2566 Petrus
731 2502 771 2566 de
797 2501 1026 2584 Mladonowic,
1053 2502 1146 2567 brevi

27 2599 205 2662 suffocatus
228 2598 299 2663 fuit.
310 2602 333 2678 ¹)

108 2696 166 2760 54.
214 2694 363 2760 Similem
405 2707 524 2762 sortem
563 2696 666 2761 subiit
697 2697 923 2782 Hieronymus
959 2699 1146 2784 Pragensis,

26 2795 72 2856 vir
91 2794 212 2877 laicus,
237 2793 357 2858 nobilis
380 2805 413 2858 et
437 2797 594 2880 magister
608 2797 739 2873 artium,
764 2797 1015 2860 ardentissimus
1032 2797 1145 2862 Hussii

26 2891 209 2978 discipulus
234 2901 267 2956 et
290 2895 418 2956 anricus
441 2891 664 2970 fidelissimus,
699 2915 894 2978 magnarum
918 2894 1090 2959 turbarum
1116 2909 1150 2961 et

26 2991 258 3056 violentiarum
299 3001 414 3054 contra
452 2989 576 3055 olerum
615 2990 817 3076 Pragcnsem
852 3002 977 3058 auctor.
1033 2991 1146 3072 Quum

24 3085 253 3153 Constantiam
288 3090 449 3169 venisset,
486 3100 522 3152 ut
558 3091 713 3174 magistro
746 3111 805 3154 suo
836 3091 1005 3174 suppetias
1036 3091 1145 3168 ferret,

23 3183 224 3265 Concilium,
254 3185 406 3250 absoluta
430 3208 530 3250 consa
554 3187 678 3266 Hussii,
710 3209 844 3252 causam
870 3187 957 3252 illius
980 3192 1145 3255 tractavit.

25 3284 250 3368 Hieronymus
265 3284 366 3348 semel
382 3295 414 3348 ct
427 3286 544 3350 iterum
563 3307 582 3350 a
600 3283 740 3350 Consilii
766 3287 931 3372 deputatis
945 3287 1145 3369 admonitus,

22 3393 54 3446 ut
67 3404 199 3448 errores
215 3381 385 3467 abjuraret
401 3391 434 3446 et
446 3383 543 3446 fidem
562 3383 760 3448 catholicam
776 3384 993 3469 profiteretur,
1009 3385 1144 3450 tandem

22 3481 51 3543 in
74 3483 227 3546 sessione
252 3481 383 3544 decima
397 3502 493 3561 nona,
510 3479 625 3547 habitu
643 3482 696 3547 die
713 3483 775 3546 ⁶23⁰
790 3481 986 3567 September
1001 3504 1030 3547 a.
1050 3485 1146 3564 1415,

21 3599 150 3643 omnem
187 3577 361 3658 baeresim,
396 3581 586 3663 praesertim
617 3578 848 3644 Wiclefianam
881 3592 914 3644 ot
942 3579 1145 3646 Hussitioam

22 3673 202 3760 abjuravit,
228 3675 394 3762 fidemque
411 3675 608 3742 catholicam
626 3678 790 3762 professus
806 3689 863 3744 est.
889 3677 1014 3743 Verum
1032 3689 1147 3764 postea

19 3795 149 3838 rursum
176 3775 212 3837 in
231 3772 398 3858 judicium
428 3787 575 3854 vocatus,
601 3785 800 3860 protestatus
814 3787 873 3854 est,
898 3797 932 3838 se
947 3775 1015 3840 solo
1031 3781 1147 3842 mortis

20 3883 106 3936 metu
141 3883 178 3935 et
208 3882 324 3936 contra
355 3875 592 3937 conscientiam
624 3895 717 3937 suam
750 3873 917 3938 doctrinas
946 3875 1083 3939 Wiclefi
1114 3889 1146 3940 et

89 4049 111 4118 ¹)
133 4047 238 4102 Scribit
256 4047 300 4102 bic
318 4056 414 4102 auctor
439 4050 484 4116 qni
510 4054 624 4104 venerat
643 4049 832 4104 Constantiam
858 4066 917 4104 curu
943 4051 1049 4118 Hussio,
1074 4053 1148 4108 hunc

19 4125 42 4180 in
57 4127 179 4182 flammis
198 4137 336 4184 mumma:
357 4127 464 4184 Christe
483 4127 522 4183 fili
537 4129 586 4184 Dei
600 4130 657 4184 vivi
677 4129 804 4184 miserere
816 4130 909 4200 nobis;
930 4138 958 4186 et
967 4149 1049 4199 quum
1061 4134 1149 4188 tertio

18 4207 42 4260 iri
60 4217 191 4276 repetere
215 4207 306 4274 vellet,
332 4207 491 4264 suffocatum
517 4223 582 4266 esse.
620 4209 701 4263 Haud
726 4209 772 4264 diu
800 4210 888 4279 igitur
912 4213 1073 4281 supplicium
1097 4214 1148 4268 hoe

18 4289 135 4346 durarit.
