2850 4834
412 503 453 556 De
469 502 580 572 justitia
599 501 763 559 abolitionis.
1101 501 1150 554 119

56 645 132 708 istam
161 645 379 709 narrationem
408 644 531 710 fabulis
564 646 806 711 accensendam
838 666 998 709 essenon
1021 654 1150 708 tantum

56 741 208 825 probabile,
245 742 304 807 sed
332 742 429 828 plane
454 753 579 809 certum
603 755 668 825 est3
708 743 797 808 unde
821 745 920 807 etiam
944 741 1151 828 praejudicia

54 853 114 904 sunt
133 840 327 926 abjicienda,
352 851 385 905 et
401 840 582 907 Clementis
606 852 698 926 gesta
721 863 827 928 aequa
851 839 945 904 lance
969 839 1149 926 pensanda.

53 939 113 1002 lain
135 961 207 1003 vero
240 938 343 1003 multe
374 941 453 1004 fecit
485 940 541 1004 hic
565 941 730 1023 Pontifex,
766 961 851 1025 quac
885 960 946 1003 nec
980 937 1149 1003 socordem

53 1059 101 1100 nac
129 1038 165 1102 de
188 1035 339 1101 Ecclesia
371 1038 481 1102 minus
512 1036 691 1102 sollicitum
724 1059 799 1101 eum
832 1037 1020 1102 ostendunt.
1069 1035 1152 1100 Con-

54 1137 169 1198 veniunt
205 1135 282 1198 dein
322 1146 488 1218 auctores,
525 1137 560 1200 in
597 1138 802 1221 promotione
834 1135 973 1199 Henrici
1005 1131 1072 1198 VII
1108 1132 1152 1197 cd

50 1233 222 1316 dignitatem
247 1231 451 1317 imperialem
478 1255 553 1298 eum
570 1233 853 1319 Philippipartes
870 1231 1058 1297 nullatenus
1082 1253 1152 1295 esse

51 1345 185 1414 secutum¹
218 1353 258 1394 ac
283 1330 483 1395 documenta
514 1333 613 1396 etiam
644 1355 751 1417 nuper
774 1331 873 1411 edita,
906 1329 1026 1416 quibus
1050 1329 1151 1393 conti·

50 1444 128 1492 uetur
161 1439 285 1493 secreta
320 1428 434 1493 relatio
467 1429 655 1514 'legatorum
689 1428 835 1514 Philippi
874 1429 916 1493 ad
947 1426 1152 1492 Clementem

50 1532 131 1590 launo
157 1528 264 1606 1310‚)
289 1527 477 1607 ostendunt,
502 1527 632 1592 virilem
656 1529 806 1592 animum
830 1526 985 1591 Pontifici
1010 1547 1074 1588 non
1100 1524 1152 1588 de·

49 1624 140 1704 l'uisse,
162 1647 314 1710 eumque,
339 1647 441 1711 quum
466 1635 619 1710 ageretur
636 1626 676 1691 de
690 1626 813 1690 honore
829 1624 924 1690 Sedis
941 1621 1152 1709 Apostolicae

50 1722 89 1785 uel
111 1723 148 1787 de
170 1722 386 1809 petitionibus
410 1725 544 1809 iniquis,
577 1725 646 1807 regi
678 1747 745 1788 non
774 1723 950 1803 cessisse.¹)
981 1757 1024 1767 -
1058 1719 1322 1827 Ωιιειεαωωᾱ

47 1821 144 1885 lecerit
175 1821 328 1886 Clemens
368 1823 402 1885 in
441 1824 573 1906 negotio
609 1821 873 1907 Templariorum
913 1819 1152 1883 enarravimus.
1165 1844 1221 1881 nam
1229 1841 1322 1892 prunos.

49 1921 140 2005 ‚itque
163 1943 205 1984 ex
230 1920 438 1984 documentis
474 1919 608 2006 prolatis
632 1919 806 2005 colligitur,
844 1917 1039 1983 Pontificem
1079 1939 1153 1980 con·

49 2020 183 2082 veniente
208 2018 363 2080 firmitate
380 2015 527 2102 Philippi
553 2018 697 2083 violento
722 2017 842 2102 agendi
861 2015 957 2080 modo
980 2016 1151 2092 restitisse,

46 2131 71 2176 et
96 2125 251 2201 quantum
283 2126 411 2200 poterat
442 2116 639 2201 providisse,
672 2127 709 2178 ut
732 2115 884 2179 ordinata
911 2115 1037 2178 ratione
1062 2111 1153 2176 inda·

45 2216 117 2295 patio
147 2215 178 2277 in
209 2216 438 2277 accusationes
471 2224 585 2277 contra
615 2211 777 2278 Ordinem
808 2211 939 2296 Templi
971 2211 1153 2296 propositas

47 2311 266 2377 institueretur.
297 2309 394 2390 Quod
420 2321 548 2396 spectat
571 2311 614 2374 ad
639 2310 864 2374 detentionem
888 2309 1152 2395 Templariorum

45 2423 70 2470 at
90 2408 269 2472 custodiam
300 2407 472 2488 bonorum,
508 2409 578 2492 regi
609 2408 746 2494 quidem
770 2410 864 2472 varia
896 2409 1067 2489 concessit,
1107 2407 1153 2469 ita

45 2521 149 2590 tamen,
182 2517 218 2570 ut
248 2507 414 2592 principia
437 2505 530 2569 salva
554 2515 671 2572 essent.
719 2505 933 2570 Manifestum
958 2517 1068 2569 autem
1093 2511 1153 2584 est,

46 2626 108 2669 niun
131 2608 232 2670 etiam
256 2605 453 2669 Pontificem
477 2603 710 2668 vehementem
742 2604 965 2689 suspicionem
996 2603 1037 2666 de
1061 2610 1153 2664 reatu

46 2701 128 2786 hujus
152 2702 290 2768 Ordinis
322 2703 523 2787 concepisse.
573 2701 671 2766 Unde
695 2701 774 2766 dum
800 2700 937 2765 ulterius
961 2703 994 2764 in
1020 2700 1153 2786 inquisi-

45 2802 118 2865 tione
134 2799 337 2866 instituenda
352 2821 545 2885 progressus
566 2811 624 2880 est,
650 2799 739 2863 baud
765 2799 842 2863 inde
866 2799 901 2863 id
925 2797 1152 2883 repetendum,

44 2899 117 2981 quod
131 2898 288 2984 Philippo
305 2898 446 2978 cederet,
471 2898 530 2962 sed
545 2898 635 2984 quod
651 2900 701 2962 sui
726 2900 872 2962 muneris
896 2919 966 2961 esse
985 2897 1154 2982 judicaret

45 2999 197 3081 negotium
230 3008 297 3060 tam
329 3018 431 3080 grave
463 2998 626 3083 prosequi.
675 2997 838 3061 Potuisset
867 2996 1013 3080 prolecto
1042 3015 1152 3079 regens

44 3099 176 3161 seuerius
207 3105 360 3176 tractare,
393 3105 425 3159 et
456 3097 603 3159 censuris
634 3118 674 3159 ac
705 3097 819 3180 poenis
847 3095 918 3181 ejus
941 3093 1152 3159 arbitrarium

43 3195 147 3276 agendi
174 3193 311 3258 modum
336 3195 516 3278 castigare3
557 3193 613 3256 sed
643 3192 714 3278 jam
746 3193 903 3274 diximus,
940 3215 1014 3256 eum
1044 3193 1153 3277 potius

44 3291 254 3355 conciliationi
279 3301 312 3354 et
335 3292 410 3376 paci
436 3291 684 3355 conservandae
708 3290 883 3355 studuisse.

117 3409 168 3473 35.
220 3406 404 3470 Veniamus
440 3406 483 3471 ed
517 3408 744 3492 quaestionem
776 3407 816 3470 de
840 3407 971 3496 justitia
1003 3427 1152 3490 suppres-

44 3507 132 3570 sionis
164 3505 302 3571 Ordinis
336 3503 612 3591 Templariorum.
667 3505 741 3569 Non
775 3504 966 3569 dubitamus
997 3525 1152 3581 asserere,

40 3601 148 3684 justam
174 3613 208 3667 et
231 3602 427 3688 prudentem
452 3603 553 3667 fuisse
577 3602 677 3688 hujus
701 3602 837 3668 Ordinis
860 3601 1084 3680 abolitionem,
1115 3622 1152 3666 eo

44 3703 223 3783 praesertim
259 3700 367 3776 modo,
408 3722 472 3786 quo
509 3724 529 3764 a
562 3701 732 3782 Pontifice,
772 3699 978 3787 approbante
1003 3699 1151 3764 Concilio

44 3802 247 3864 oecumenico
273 3797 466 3880 Viennensi,
492 3821 530 3863 ea
554 3809 689 3885 peracta
713 3811 771 3865 est.
820 3799 863 3864 Ut
888 3820 965 3862 vero
991 3799 1153 3882 imprimis

44 3909 225 3981 argumento
250 3897 395 3983 quodam
426 3900 600 3962 eatrimeeo
632 3908 775 3978 utamur,
809 3898 864 3961 hic
889 3918 953 3960 non
978 3898 1088 3992 agitur
1112 3895 1152 3959 de

60 4043 247 4051 -·-————.-

105 4119 123 4186 ¹)
141 4118 213 4173 Vide
226 4117 296 4172 hene
308 4118 466 4174 relationem
486 4135 567 4186 quarn
579 4117 728 4187 publicavit
740 4118 877 4183 Baeturia
896 4117 990 4172 Revue
1002 4116 1048 4171 des
1062 4116 1153 4184 Queat.

44 4195 123 4252 listm.
154 4199 187 4255 Τ.
212 4199 261 4253 XI.
293 4198 395 4268 (1872);
427 4216 469 4269 ap.
495 4199 611 4260 Wenck,
648 4199 769 4254 Clemens
797 4199 821 4251 V
852 4198 907 4252 und
938 4196 1068 4252 Heinrich
1091 4196 1154 4262 Vll,

43 4291 63 4342 p.
83 4279 135 4337 172.
