2852 4836
168 699 290 748 Deposltlo

157 760 223 799 testis
238 759 292 800 Ord.

172 823 209 861 Fr.
224 823 280 862 blin.

314 449 366 503 140
528 447 628 500 XXXI.
648 447 689 502 De
708 446 856 501 abolitione
875 445 984 500 Ordinis
1001 445 1214 514 Templariornm

314 591 463 655 Nereaco
488 591 723 674 Lugdunensis
747 590 918 672 dioecesis,
944 589 985 653 de
1009 588 1137 654 Ordine
1157 589 1303 652 Fratrum
1324 589 1397 650 nino·

314 689 430 775 rurn.¹)
481 689 612 766 ,Lectis
637 689 699 754 sibi
725 688 880 753 omnibus
897 699 936 752 'et
959 687 1099 773 singulis
1122 685 1278 766 articulis,
1301 707 1398 770 respou-

316 785 373 868 dit,
405 786 494 872 quod
526 797 602 850 sunt
625 786 728 872 elapsi
763 787 881 872 viginti
915 787 993 851 anni
1026 784 1080 849 vel
1105 785 1205 867 eirca,
1238 783 1400 848 cominatur

315 883 497 948 Anceliuus
514 883 613 962 Gora,
640 883 733 948 miles
750 881 886 948 Ordinis
903 881 1044 968 Templi,
1070 881 1111 945 de
1142 880 1306 967 parentela
1325 882 1409 964 ipsius

312 983 426 1061 testis„
447 993 532 1045 esset
554 983 679 1045 dictum
705 981 864 1046 Ordinem
890 983 1107 1065 ingressurae,
1141 991 1174 1044 et
1197 983 1267 1065 ipse
1288 981 1365 1042 testis
1382 971 1409 1038 or

312 1081 412 1144 irater
428 1081 572 1144 Peneius
603 1082 693 1165 prior
717 1079 758 1143 de
783 1078 933 1143 Mentula
958 1077 1120 1142 dioecesis
1144 1077 1343 1156 Viennensis,
1362 1074 1409 1139 Or·¹

312 1177 400 1243 dinis
417 1176 654 1257 Cluniaccnsis,
680 1178 781 1240 frater
795 1171 955 1262 ejusdem,
980 1189 1013 1240 et
1029 1175 1219 1262 Stephanus
1243 1175 1335 1238 frater
1346 1173 1409 1236 dicti

312 1275 477 1356 Ancelini,
511 1298 551 1340 ac
574 1274 631 1339 alii
658 1273 785 1338 nobiles
810 1273 851 1338 de
875 1295 988 1338 eorum
1013 1272 1194 1358 parentela,
1227 1271 1365 1337 trnfando
1383 1284 1409 1330 er

310 1373 450 1438 ridendo
476 1373 625 1437 dicerent
648 1371 757 1436 eidem
773 1371 938 1436 Anceliuo
962 1371 1017 1436 dic
1041 1371 1255 1457 praecedenti
1280 1369 1403 1454 receptio·

312 1493 387 1537 uem
407 1493 511 1552 suam,
536 1471 694 1555 Lugduni
709 1471 876 1548 existenti,
902 1470 990 1555 quorl
1017 1471 1051 1534 iu
1067 1472 1211 1534 crastino
1236 1465 1404 1550 (inhonesta

312 1569 514 1634 oscularetur
544 1568 636 1632 illum
669 1569 724 1653 qui
755 1569 917 1653 reciperet
940 1589 1026 1647 euur,
1061 1577 1094 1630 ct
1121 1567 1231 1630 dictus
1256 1563 1409 1630 Anceliuus:

311 1667 525 1753 responderet
548 1665 637 1752 quod
661 1665 723 1730 hoc
746 1687 813 1729 non
838 1665 972 1746 faceret,
997 1674 1030 1728 et
1046 1667 1073 1728 si
1092 1664 1261 1728 diceretur
1283 1665 1320 1743 ei,
1342 1659 1406 1746 quod

311 1787 387 1828 cum
411 1763 521 1849 gladio
546 1763 728 1850 perforaret
751 1812 759 1828 .
785 1816 790 1828 .
818 1812 836 1844 .,
869 1764 1019 1828 fecerunt
1042 1766 1072 1826 ei
1092 1763 1218 1848 jurare,
1251 1761 1334 1848 quod
1355 1761 1409 1848 posti

310 1865 533 1948 receptionem
568 1883 661 1926 suam
696 1861 859 1926 revelaret
890 1863 938 1926 eis
971 1860 1107 1924 modum
1139 1859 1250 1924 dietae
1281 1879 1351 1922 snae
1376 1859 1409 1940 re}

312 1962 473 2046 captionis
496 1972 530 2023 ct
552 1961 798 2045 professionis.“
850 1959 1003 2036 Enarrut,
1042 1957 1208 2044 quomodo
1243 1958 1341 2021 altera
1372 1947 1409 2042 did

311 2057 503 2139 rinceliuus,
539 2067 710 2142 praesente
738 2055 841 2120 nobili
876 2054 1045 2141 parentela
1079 2077 1139 2119 sua
1172 2054 1216 2119 ab
1238 2055 1355 2120 Anrieo
1381 2049 1409 2124 dd

312 2155 462 2220 Villariis
497 2153 758 2240 Archiepiscopo
795 2153 1011 2237 Lugdunensi
1057 2155 1203 2238 primum
1245 2155 1277 2216 iu
1316 2125 1409 2220 sarelld

311 2254 574 2340 Templariorum
588 2253 684 2318 rniles
697 2253 805 2316 factus
819 2254 871 2336 sit,
895 2274 935 2316 ac
948 2252 1025 2315 dein
1044 2251 1215 2316 induerint
1229 2272 1305 2314 eum
1328 2252 1357 2312 in
1370 2243 1409 2308 alil

311 2373 377 2438 qna
389 2373 520 2416 camera
534 2349 837 2416 vestibusOrdinis.
871 2349 949 2414 Post
972 2349 1055 2413 haec
1070 2349 1136 2412 duo
1156 2349 1277 2412 milites
1290 2323 1409 2426 Ordioid

311 2471 451 2536 quorum
475 2451 611 2514 nomina
634 2450 765 2532 ignorat
788 2449 915 2530 (testis),
952 2447 1142 2528 „duxeruut
1172 2447 1282 2532 ipsum
1306 2439 1402 2509 Aureli

311 2571 402 2630 num,
427 2563 599 2634 praesente
623 2549 694 2633 ipso
711 2559 804 2627 teste,
828 2546 871 2610 ad
889 2545 1067 2632 quemdam
1085 2544 1186 2608 alium
1202 2544 1311 2608 locum
1326 2542 1399 2604 dictu

312 2645 430 2710 donnus
463 2657 635 2726 secretum,
672 2658 704 2708 et
739 2644 849 2708 nullus
880 2643 921 2708 de
952 2645 1069 2708 amicis
1098 2644 1202 2727 ipsius
1226 2653 1354 2706 secutus
1378 2659 1403 2698 es

312 2765 388 2807 eum
421 2765 483 2807 nec
514 2746 636 2808 intrare
668 2745 784 2828 potuit,
824 2745 903 2828 quia
934 2741 1151 2806 firmaverunt
1183 2753 1303 2826 portas.
1348 2735 1409 2806 Cur

312 2851 421 2904 autem
446 2841 602 2906 fecissent
626 2861 844 2927 permagnum
869 2841 1024 2926 spatium,
1056 2849 1089 2903 et
1117 2841 1187 2924 ipee
1212 2841 1302 2902 testis
1324 2846 1353 2899 et
1373 2823 1409 2998 alp

312 2942 458 3004 exterius
481 2941 661 3004 existentes
684 2939 929 3004 admirarentur
953 2939 994 3003 de
1019 2949 1111 3002 tanta
1137 2956 1240 3018 mora,
1265 2935 1342 3000 dicti
1365 2931 1398 2994 du

313 3037 433 3102 rnilites
456 3040 579 3123 apertis
598 3038 712 3123 januis
737 3037 907 3101 redieruut
931 3057 1006 3100 cum
1033 3035 1119 3100 bono
1142 3033 1235 3098 vultu
1260 3033 1302 3100 ad
1325 3033 1407 3096 locun

312 3136 400 3200 uude
424 3148 621 3220 receperunt
646 3135 772 3199 dictum
797 3135 929 3198 fratrem
949 3133 1161 3214 Ancelinum,
1186 3146 1220 3196 ct
1243 3135 1313 3218 ipse
1334 3130 1409 3210 fratr

312 3234 505 3316 Anceliuus,
550 3255 639 3297 nunc
680 3231 807 3296 habens
846 3232 1051 3315 mantellum,
1085 3229 1349 3317 subsequebatur
1374 3213 1409 3322 eol

311 3333 394 3397 adeo
437 3332 593 3396 alteratus
630 3343 662 3395 et
693 3333 888 3394 immutatus
933 3333 965 3394 in
1007 3328 1100 3394 vultu
1138 3341 1172 3392 et
1210 3327 1358 3391 turbatus
1394 3327 1409 3390 a

311 3431 554 3494 intristissimus
577 3429 687 3506 corde,
719 3437 756 3492 ut
779 3427 966 3511 videbatur,
998 3427 1126 3492 babens
1156 3425 1268 3491 oculos
1290 3419 1409 3510 tumidol

311 3542 344 3594 et
375 3528 576 3610 lacrimosos,
609 3527 697 3613 quod
730 3527 801 3612 ejus
832 3537 986 3613 aspectus
1015 3525 1079 3590 fuit
1109 3526 1171 3610 ipsi
1208 3525 1281 3588 testi
1306 3535 1338 3586 et
1358 3520 1409 3600 aliirJ

310 3627 427 3690 amicis
451 3645 564 3688 eorum
589 3625 819 3689 assistentibus
843 3625 937 3710 quasi
959 3622 1127 3688 horribilis
1141 3621 1368 3686 atterribilis.·‘
1383 3617 1409 3668 4

311 3723 494 3788 Ancelinus
518 3732 632 3808 postea
656 3721 884 3808 interpellatus
909 3745 928 3786 a
952 3733 1034 3785 teste
1071 3720 1180 3806 „quod
1203 3719 1362 3784 revelaret
1382 3697 1409 3778 eil

311 3821 447 3886 modum
472 3822 671 3906 receptionis
694 3843 773 3885 suae
791 3819 991 3906 praedictae,
1017 3819 1126 3884 dictus
1143 3817 1325 3882 Ancelinus
1339 3817 1409 3886 toral

238 3989 241 3998 ,
311 3919 406 3985 oculo
434 3921 616 4004 respiciens
639 3919 748 4004 ipsum
773 3929 889 3982 testem
915 3917 1002 3982 dixit
1025 3920 1054 3982 ei
1080 3915 1170 4003 quod
1194 3939 1254 3982 nec
1278 3919 1347 4002 ipse
1369 3907 1409 3977 ud

313 4111 521 4121 ——-

384 4222 404 4288 ¹)
423 4220 528 4287 hocas,
548 4219 569 4277 Ι.
589 4236 614 4289 p.
633 4221 695 4276 tbi.
