<?xml version="1.0" encoding="UTF-8"?>
<!DOCTYPE html PUBLIC "-//W3C//DTD XHTML 1.0 Transitional//EN"
    "http://www.w3.org/TR/xhtml1/DTD/xhtml1-transitional.dtd">
<html xmlns="http://www.w3.org/1999/xhtml" xml:lang="en" lang="en">
 <head>
  <title>
</title>
<meta http-equiv="Content-Type" content="text/html;charset=utf-8" />
  <meta name='ocr-system' content='tesseract 3.04.00' />
  <meta name='ocr-capabilities' content='ocr_page ocr_carea ocr_par ocr_line ocrx_word'/>
</head>
<body>
  <div class='ocr_page' id='page_1' title='image "./dissertationess00junggoog_0834.png"; bbox 0 0 2868 4844; ppageno 0'>
   <div class='ocr_carea' id='block_1_1' title="bbox 364 466 1137 524">
    <p class='ocr_par' dir='ltr' id='par_1_1' title="bbox 364 466 1137 524">
     <span class='ocr_line' id='line_1_1' title="bbox 364 466 1137 524; baseline 0 -2"><span class='ocrx_word' id='word_1_1' title='bbox 364 467 405 523; x_wconf 89' lang='lat' dir='ltr'><strong>De</strong></span> <span class='ocrx_word' id='word_1_2' title='bbox 424 466 605 522; x_wconf 73' lang='lat' dir='ltr'><strong>exstinctione</strong></span> <span class='ocrx_word' id='word_1_3' title='bbox 623 467 787 523; x_wconf 76' lang='lat' dir='ltr'><strong>schismatis.</strong></span> <span class='ocrx_word' id='word_1_4' title='bbox 1086 469 1137 524; x_wconf 78' lang='lat'><strong>301</strong></span> 
     </span>
    </p>
   </div>
   <div class='ocr_carea' id='block_1_2' title="bbox 12 609 1311 4028">
    <p class='ocr_par' dir='ltr' id='par_1_2' title="bbox 19 609 1311 2460">
     <span class='ocr_line' id='line_1_2' title="bbox 26 609 1139 696; baseline 0.001 -22"><span class='ocrx_word' id='word_1_5' title='bbox 26 612 76 674; x_wconf 78' lang='lat'><strong>15⁰</strong></span> <span class='ocrx_word' id='word_1_6' title='bbox 98 611 191 675; x_wconf 90' lang='lat' dir='ltr'><strong>Junii</strong></span> <span class='ocrx_word' id='word_1_7' title='bbox 217 609 355 675; x_wconf 80' lang='lat' dir='ltr'><strong>Carolus</strong></span> <span class='ocrx_word' id='word_1_8' title='bbox 378 610 552 676; x_wconf 86' lang='lat' dir='ltr'><strong>Malatesta</strong></span> <span class='ocrx_word' id='word_1_9' title='bbox 586 633 706 696; x_wconf 90' lang='lat' dir='ltr'><strong>magna</strong></span> <span class='ocrx_word' id='word_1_10' title='bbox 730 632 806 675; x_wconf 90' lang='lat' dir='ltr'><strong>cum</strong></span> <span class='ocrx_word' id='word_1_11' title='bbox 831 633 953 696; x_wconf 90' lang='lat' dir='ltr'><strong>pompa</strong></span> <span class='ocrx_word' id='word_1_12' title='bbox 977 612 1139 677; x_wconf 90' lang='lat' dir='ltr'><strong>Constan-</strong></span> 
     </span>
     <span class='ocr_line' id='line_1_3' title="bbox 24 708 1138 795; baseline 0.002 -25"><span class='ocrx_word' id='word_1_13' title='bbox 24 710 95 771; x_wconf 82' lang='lat' dir='ltr'><strong>tiam</strong></span> <span class='ocrx_word' id='word_1_14' title='bbox 111 719 145 771; x_wconf 91' lang='lat' dir='ltr'><strong>et</strong></span> <span class='ocrx_word' id='word_1_15' title='bbox 160 708 375 792; x_wconf 77' lang='lat' dir='ltr'><strong>sigismundo</strong></span> <span class='ocrx_word' id='word_1_16' title='bbox 388 709 583 794; x_wconf 87' lang='lat' dir='ltr'><strong>Imperatori</strong></span> <span class='ocrx_word' id='word_1_17' title='bbox 601 709 795 789; x_wconf 71' lang='lat' dir='ltr'><strong>declaravit,</strong></span> <span class='ocrx_word' id='word_1_18' title='bbox 811 731 845 773; x_wconf 89' lang='lat' dir='ltr'><strong>se</strong></span> <span class='ocrx_word' id='word_1_19' title='bbox 862 732 881 773; x_wconf 89' lang='lat' dir='ltr'><strong>a</strong></span> <span class='ocrx_word' id='word_1_20' title='bbox 898 708 1057 795; x_wconf 78' lang='lat' dir='ltr'><strong>Gregorio</strong></span> <span class='ocrx_word' id='word_1_21' title='bbox 1070 708 1138 773; x_wconf 88' lang='lat' dir='ltr'><strong>XII</strong></span> 
     </span>
     <span class='ocr_line' id='line_1_4' title="bbox 23 805 1138 892; baseline 0.002 -24"><span class='ocrx_word' id='word_1_22' title='bbox 23 809 150 870; x_wconf 85' lang='lat' dir='ltr'><strong>missum</strong></span> <span class='ocrx_word' id='word_1_23' title='bbox 175 829 246 870; x_wconf 85' lang='lat' dir='ltr'><strong>esse</strong></span> <span class='ocrx_word' id='word_1_24' title='bbox 278 805 321 870; x_wconf 90' lang='lat' dir='ltr'><strong>ad</strong></span> <span class='ocrx_word' id='word_1_25' title='bbox 346 808 454 891; x_wconf 86' lang='lat' dir='ltr'><strong>ipsum</strong></span> <span class='ocrx_word' id='word_1_26' title='bbox 479 807 727 892; x_wconf 81' lang='lat' dir='ltr'><strong>Imperatorem,</strong></span> <span class='ocrx_word' id='word_1_27' title='bbox 761 806 850 871; x_wconf 83' lang='lat' dir='ltr'><strong>haud</strong></span> <span class='ocrx_word' id='word_1_28' title='bbox 875 828 953 870; x_wconf 88' lang='lat' dir='ltr'><strong>vero</strong></span> <span class='ocrx_word' id='word_1_29' title='bbox 987 807 1028 871; x_wconf 88' lang='lat' dir='ltr'><strong>ad</strong></span> <span class='ocrx_word' id='word_1_30' title='bbox 1055 808 1138 871; x_wconf 92' lang='lat' dir='ltr'><strong>Con·</strong></span> 
     </span>
     <span class='ocr_line' id='line_1_5' title="bbox 23 902 1140 990; baseline 0.001 -24"><span class='ocrx_word' id='word_1_31' title='bbox 23 903 138 986; x_wconf 83' lang='lat' dir='ltr'><strong>cilium,</strong></span> <span class='ocrx_word' id='word_1_32' title='bbox 170 904 259 990; x_wconf 92' lang='lat' dir='ltr'><strong>quod</strong></span> <span class='ocrx_word' id='word_1_33' title='bbox 285 903 465 988; x_wconf 84' lang='lat' dir='ltr'><strong>Gregorius</strong></span> <span class='ocrx_word' id='word_1_34' title='bbox 497 926 562 968; x_wconf 91' lang='lat' dir='ltr'><strong>non</strong></span> <span class='ocrx_word' id='word_1_35' title='bbox 588 903 790 990; x_wconf 88' lang='lat' dir='ltr'><strong>agnoscebat</strong></span> <span class='ocrx_word' id='word_1_36' title='bbox 813 915 850 968; x_wconf 90' lang='lat' dir='ltr'><strong>ut</strong></span> <span class='ocrx_word' id='word_1_37' title='bbox 872 902 1069 988; x_wconf 88' lang='lat' dir='ltr'><strong>legitimum,</strong></span> <span class='ocrx_word' id='word_1_38' title='bbox 1102 915 1140 967; x_wconf 91' lang='lat' dir='ltr'><strong>ut</strong></span> 
     </span>
     <span class='ocr_line' id='line_1_6' title="bbox 22 1000 1311 1106; baseline 0.002 -42"><span class='ocrx_word' id='word_1_39' title='bbox 22 1023 80 1086; x_wconf 86' lang='lat' dir='ltr'><strong>pax</strong></span> <span class='ocrx_word' id='word_1_40' title='bbox 96 1001 267 1066; x_wconf 80' lang='lat' dir='ltr'><strong>Ecclesiae</strong></span> <span class='ocrx_word' id='word_1_41' title='bbox 290 1000 493 1067; x_wconf 83' lang='lat' dir='ltr'><strong>redderetur.</strong></span> <span class='ocrx_word' id='word_1_42' title='bbox 525 1001 611 1065; x_wconf 83' lang='lat' dir='ltr'><strong>Tum</strong></span> <span class='ocrx_word' id='word_1_43' title='bbox 636 1001 851 1085; x_wconf 71' lang='lat' dir='ltr'><strong>sigismundo</strong></span> <span class='ocrx_word' id='word_1_44' title='bbox 876 1012 946 1066; x_wconf 90' lang='lat' dir='ltr'><strong>tum</strong></span> <span class='ocrx_word' id='word_1_45' title='bbox 972 1002 1311 1106; x_wconf 48' lang='lat' dir='ltr'><strong>deputatisG¹⁹⁸⁰ft¹¹¹¹¹</strong></span> 
     </span>
     <span class='ocr_line' id='line_1_7' title="bbox 22 1077 1267 1186; baseline 0.001 -25"><span class='ocrx_word' id='word_1_46' title='bbox 22 1100 185 1162; x_wconf 86' lang='lat' dir='ltr'><strong>nationum</strong></span> <span class='ocrx_word' id='word_1_47' title='bbox 211 1099 288 1162; x_wconf 91' lang='lat' dir='ltr'><strong>dein</strong></span> <span class='ocrx_word' id='word_1_48' title='bbox 313 1102 453 1186; x_wconf 87' lang='lat' dir='ltr'><strong>apernit,</strong></span> <span class='ocrx_word' id='word_1_49' title='bbox 478 1099 687 1184; x_wconf 83' lang='lat' dir='ltr'><strong>plenissimas</strong></span> <span class='ocrx_word' id='word_1_50' title='bbox 708 1121 742 1162; x_wconf 90' lang='lat' dir='ltr'><strong>se</strong></span> <span class='ocrx_word' id='word_1_51' title='bbox 756 1101 926 1184; x_wconf 87' lang='lat' dir='ltr'><strong>accepisse</strong></span> <span class='ocrx_word' id='word_1_52' title='bbox 942 1123 961 1162; x_wconf 89' lang='lat' dir='ltr'><strong>a</strong></span> <span class='ocrx_word' id='word_1_53' title='bbox 978 1101 1139 1164; x_wconf 88' lang='lat' dir='ltr'><strong>Pontifica</strong></span> <span class='ocrx_word' id='word_1_54' title='bbox 1196 1077 1267 1118; x_wconf 38' lang='grc' dir='ltr'><strong>μ’*</strong></span> 
     </span>
     <span class='ocr_line' id='line_1_8' title="bbox 21 1197 1138 1282; baseline 0.004 -24"><span class='ocrx_word' id='word_1_55' title='bbox 21 1199 171 1261; x_wconf 84' lang='lat' dir='ltr'><strong>cessionis</strong></span> <span class='ocrx_word' id='word_1_56' title='bbox 206 1197 394 1281; x_wconf 76' lang='lat' dir='ltr'><strong>facultates,</strong></span> <span class='ocrx_word' id='word_1_57' title='bbox 433 1197 613 1262; x_wconf 89' lang='lat' dir='ltr'><strong>dummodo</strong></span> <span class='ocrx_word' id='word_1_58' title='bbox 652 1197 900 1262; x_wconf 87' lang='lat' dir='ltr'><strong>conditionibus</strong></span> <span class='ocrx_word' id='word_1_59' title='bbox 937 1197 1138 1282; x_wconf 86' lang='lat' dir='ltr'><strong>quibusdam</strong></span> 
     </span>
     <span class='ocr_line' id='line_1_9' title="bbox 20 1291 1138 1381; baseline 0.002 -25"><span class='ocrx_word' id='word_1_60' title='bbox 20 1297 271 1380; x_wconf 84' lang='lat' dir='ltr'><strong>acquiescerent.</strong></span> <span class='ocrx_word' id='word_1_61' title='bbox 312 1295 528 1360; x_wconf 76' lang='lat' dir='ltr'><strong>Condiciones</strong></span> <span class='ocrx_word' id='word_1_62' title='bbox 553 1295 628 1360; x_wconf 87' lang='lat' dir='ltr'><strong>illae</strong></span> <span class='ocrx_word' id='word_1_63' title='bbox 648 1295 812 1360; x_wconf 78' lang='lat' dir='ltr'><strong>admissae</strong></span> <span class='ocrx_word' id='word_1_64' title='bbox 833 1305 919 1360; x_wconf 90' lang='lat' dir='ltr'><strong>sunt.</strong></span> <span class='ocrx_word' id='word_1_65' title='bbox 957 1291 1138 1381; x_wconf 84' lang='lat' dir='ltr'><strong>Gregorius</strong></span> 
     </span>
     <span class='ocr_line' id='line_1_10' title="bbox 20 1394 1138 1477; baseline 0.004 -23"><span class='ocrx_word' id='word_1_66' title='bbox 20 1402 242 1476; x_wconf 83' lang='lat' dir='ltr'><strong>procuratores</strong></span> <span class='ocrx_word' id='word_1_67' title='bbox 265 1417 341 1458; x_wconf 88' lang='lat' dir='ltr'><strong>snos</strong></span> <span class='ocrx_word' id='word_1_68' title='bbox 365 1396 597 1458; x_wconf 88' lang='lat' dir='ltr'><strong>nominaverat</strong></span> <span class='ocrx_word' id='word_1_69' title='bbox 612 1394 777 1460; x_wconf 82' lang='lat' dir='ltr'><strong>Ioannem</strong></span> <span class='ocrx_word' id='word_1_70' title='bbox 795 1394 1006 1458; x_wconf 85' lang='lat' dir='ltr'><strong>Cardinalem</strong></span> <span class='ocrx_word' id='word_1_71' title='bbox 1031 1395 1138 1477; x_wconf 88' lang='lat' dir='ltr'><strong>Ragn-</strong></span> 
     </span>
     <span class='ocr_line' id='line_1_11' title="bbox 19 1491 1139 1574; baseline 0.002 -22"><span class='ocrx_word' id='word_1_72' title='bbox 19 1492 120 1554; x_wconf 87' lang='lat' dir='ltr'><strong>sinum</strong></span> <span class='ocrx_word' id='word_1_73' title='bbox 147 1501 180 1554; x_wconf 89' lang='lat' dir='ltr'><strong>et</strong></span> <span class='ocrx_word' id='word_1_74' title='bbox 204 1491 360 1556; x_wconf 89' lang='lat' dir='ltr'><strong>Carolum</strong></span> <span class='ocrx_word' id='word_1_75' title='bbox 385 1491 604 1574; x_wconf 86' lang='lat' dir='ltr'><strong>Malateatam,</strong></span> <span class='ocrx_word' id='word_1_76' title='bbox 637 1514 676 1556; x_wconf 90' lang='lat' dir='ltr'><strong>ac</strong></span> <span class='ocrx_word' id='word_1_77' title='bbox 710 1492 901 1556; x_wconf 88' lang='lat' dir='ltr'><strong>facultatem</strong></span> <span class='ocrx_word' id='word_1_78' title='bbox 926 1491 1072 1572; x_wconf 84' lang='lat' dir='ltr'><strong>dederat,</strong></span> <span class='ocrx_word' id='word_1_79' title='bbox 1102 1501 1139 1555; x_wconf 90' lang='lat' dir='ltr'><strong>ut</strong></span> 
     </span>
     <span class='ocr_line' id='line_1_12' title="bbox 20 1587 1139 1674; baseline 0.004 -25"><span class='ocrx_word' id='word_1_80' title='bbox 20 1597 215 1652; x_wconf 82' lang='lat' dir='ltr'><strong>conventum</strong></span> <span class='ocrx_word' id='word_1_81' title='bbox 251 1590 538 1654; x_wconf 87' lang='lat' dir='ltr'><strong>Constantiensem</strong></span> <span class='ocrx_word' id='word_1_82' title='bbox 579 1613 598 1653; x_wconf 87' lang='lat' dir='ltr'><strong>a</strong></span> <span class='ocrx_word' id='word_1_83' title='bbox 632 1587 857 1674; x_wconf 74' lang='lat' dir='ltr'><strong>sigismundo,</strong></span> <span class='ocrx_word' id='word_1_84' title='bbox 897 1611 961 1654; x_wconf 90' lang='lat' dir='ltr'><strong>non</strong></span> <span class='ocrx_word' id='word_1_85' title='bbox 1001 1610 1081 1654; x_wconf 85' lang='lat' dir='ltr'><strong>vero</strong></span> <span class='ocrx_word' id='word_1_86' title='bbox 1118 1611 1139 1654; x_wconf 88' lang='lat' dir='ltr'><strong>a</strong></span> 
     </span>
     <span class='ocr_line' id='line_1_13' title="bbox 20 1687 1137 1770; baseline 0.001 -21"><span class='ocrx_word' id='word_1_87' title='bbox 20 1687 225 1750; x_wconf 84' lang='lat' dir='ltr'><strong>Baithassare</strong></span> <span class='ocrx_word' id='word_1_88' title='bbox 250 1688 352 1752; x_wconf 88' lang='lat' dir='ltr'><strong>Cossa</strong></span> <span class='ocrx_word' id='word_1_89' title='bbox 377 1689 521 1770; x_wconf 87' lang='lat' dir='ltr'><strong>(Joanne</strong></span> <span class='ocrx_word' id='word_1_90' title='bbox 544 1687 681 1769; x_wconf 88' lang='lat' dir='ltr'>XXIII)</span> <span class='ocrx_word' id='word_1_91' title='bbox 707 1697 937 1768; x_wconf 89' lang='lat' dir='ltr'><strong>convocatum,</strong></span> <span class='ocrx_word' id='word_1_92' title='bbox 969 1687 1078 1752; x_wconf 93' lang='lat' dir='ltr'><strong>denuo</strong></span> <span class='ocrx_word' id='word_1_93' title='bbox 1103 1689 1137 1750; x_wconf 92' lang='lat' dir='ltr'><strong>in</strong></span> 
     </span>
     <span class='ocr_line' id='line_1_14' title="bbox 20 1783 1139 1871; baseline 0.003 -26"><span class='ocrx_word' id='word_1_94' title='bbox 20 1783 111 1847; x_wconf 86' lang='lat' dir='ltr'><strong>tinem</strong></span> <span class='ocrx_word' id='word_1_95' title='bbox 137 1785 360 1850; x_wconf 86' lang='lat' dir='ltr'><strong>abdicationis</strong></span> <span class='ocrx_word' id='word_1_96' title='bbox 384 1808 463 1850; x_wconf 89' lang='lat' dir='ltr'><strong>suae</strong></span> <span class='ocrx_word' id='word_1_97' title='bbox 487 1798 722 1869; x_wconf 87' lang='lat' dir='ltr'><strong>convocarant,</strong></span> <span class='ocrx_word' id='word_1_98' title='bbox 747 1809 786 1850; x_wconf 87' lang='lat' dir='ltr'><strong>ac</strong></span> <span class='ocrx_word' id='word_1_99' title='bbox 811 1786 938 1871; x_wconf 88' lang='lat' dir='ltr'><strong>synodo</strong></span> <span class='ocrx_word' id='word_1_100' title='bbox 963 1787 1139 1849; x_wconf 90' lang='lat' dir='ltr'><strong>anctorita-</strong></span> 
     </span>
     <span class='ocr_line' id='line_1_15' title="bbox 19 1883 1138 1968; baseline 0.004 -24"><span class='ocrx_word' id='word_1_101' title='bbox 19 1893 78 1946; x_wconf 83' lang='lat' dir='ltr'><strong>tem</strong></span> <span class='ocrx_word' id='word_1_102' title='bbox 104 1883 247 1947; x_wconf 89' lang='lat' dir='ltr'><strong>Concilii</strong></span> <span class='ocrx_word' id='word_1_103' title='bbox 271 1885 434 1968; x_wconf 88' lang='lat' dir='ltr'><strong>generalis</strong></span> <span class='ocrx_word' id='word_1_104' title='bbox 457 1886 650 1962; x_wconf 88' lang='lat' dir='ltr'><strong>tribuerent,</strong></span> <span class='ocrx_word' id='word_1_105' title='bbox 684 1887 730 1948; x_wconf 88' lang='lat' dir='ltr'><strong>ita</strong></span> <span class='ocrx_word' id='word_1_106' title='bbox 754 1895 865 1948; x_wconf 88' lang='lat' dir='ltr'><strong>tamen</strong></span> <span class='ocrx_word' id='word_1_107' title='bbox 890 1895 927 1948; x_wconf 91' lang='lat' dir='ltr'><strong>ut</strong></span> <span class='ocrx_word' id='word_1_108' title='bbox 951 1885 1051 1948; x_wconf 84' lang='lat' dir='ltr'><strong>Cossa</strong></span> <span class='ocrx_word' id='word_1_109' title='bbox 1076 1907 1138 1948; x_wconf 91' lang='lat' dir='ltr'><strong>ncc</strong></span> 
     </span>
     <span class='ocr_line' id='line_1_16' title="bbox 19 1979 1142 2068; baseline 0.004 -27"><span class='ocrx_word' id='word_1_110' title='bbox 19 1979 121 2042; x_wconf 89' lang='lat' dir='ltr'><strong>eidem</strong></span> <span class='ocrx_word' id='word_1_111' title='bbox 146 1981 345 2065; x_wconf 87' lang='lat' dir='ltr'><strong>praesidere,</strong></span> <span class='ocrx_word' id='word_1_112' title='bbox 369 2003 432 2046; x_wconf 88' lang='lat' dir='ltr'><strong>nec</strong></span> <span class='ocrx_word' id='word_1_113' title='bbox 455 1985 485 2046; x_wconf 91' lang='lat' dir='ltr'><strong>ei</strong></span> <span class='ocrx_word' id='word_1_114' title='bbox 509 1983 626 2048; x_wconf 89' lang='lat' dir='ltr'><strong>adesse</strong></span> <span class='ocrx_word' id='word_1_115' title='bbox 651 1993 769 2068; x_wconf 87' lang='lat' dir='ltr'><strong>posset.</strong></span> <span class='ocrx_word' id='word_1_116' title='bbox 786 2021 829 2031; x_wconf 83' lang='lat'><strong>-</strong></span> <span class='ocrx_word' id='word_1_117' title='bbox 846 1981 990 2047; x_wconf 77' lang='lat' dir='ltr'><strong>sessIoni</strong></span> <span class='ocrx_word' id='word_1_118' title='bbox 1008 1983 1142 2047; x_wconf 85' lang='lat' dir='ltr'><strong>decimu</strong></span> 
     </span>
     <span class='ocr_line' id='line_1_17' title="bbox 19 2080 1221 2166; baseline 0.003 -26"><span class='ocrx_word' id='word_1_119' title='bbox 19 2087 129 2162; x_wconf 85' lang='lat' dir='ltr'><strong>quarta</strong></span> <span class='ocrx_word' id='word_1_120' title='bbox 161 2080 263 2161; x_wconf 78' lang='lat' dir='ltr'><strong>Igitur</strong></span> <span class='ocrx_word' id='word_1_121' title='bbox 292 2081 459 2166; x_wconf 89' lang='lat' dir='ltr'><strong>praesedit</strong></span> <span class='ocrx_word' id='word_1_122' title='bbox 482 2080 726 2164; x_wconf 86' lang='lat' dir='ltr'><strong>sigismundus,</strong></span> <span class='ocrx_word' id='word_1_123' title='bbox 760 2091 793 2144; x_wconf 90' lang='lat' dir='ltr'><strong>et</strong></span> <span class='ocrx_word' id='word_1_124' title='bbox 816 2081 1005 2145; x_wconf 89' lang='lat' dir='ltr'><strong>Cardinalis</strong></span> <span class='ocrx_word' id='word_1_125' title='bbox 1029 2082 1136 2165; x_wconf 88' lang='lat' dir='ltr'><strong>Raga-</strong></span> <span class='ocrx_word' id='word_1_126' title='bbox 1219 2109 1221 2112; x_wconf 94' lang='lat'>·</span> 
     </span>
     <span class='ocr_line' id='line_1_18' title="bbox 20 2176 1139 2264; baseline 0.004 -27"><span class='ocrx_word' id='word_1_127' title='bbox 20 2178 105 2239; x_wconf 91' lang='lat' dir='ltr'><strong>sinus</strong></span> <span class='ocrx_word' id='word_1_128' title='bbox 129 2176 317 2242; x_wconf 89' lang='lat' dir='ltr'><strong>Concilium</strong></span> <span class='ocrx_word' id='word_1_129' title='bbox 348 2181 482 2242; x_wconf 89' lang='lat' dir='ltr'><strong>nomine</strong></span> <span class='ocrx_word' id='word_1_130' title='bbox 506 2178 659 2264; x_wconf 88' lang='lat' dir='ltr'><strong>Gregorii</strong></span> <span class='ocrx_word' id='word_1_131' title='bbox 690 2179 827 2242; x_wconf 90' lang='lat' dir='ltr'><strong>solemni</strong></span> <span class='ocrx_word' id='word_1_132' title='bbox 861 2178 1003 2242; x_wconf 87' lang='lat' dir='ltr'><strong>formula</strong></span> <span class='ocrx_word' id='word_1_133' title='bbox 1026 2189 1063 2242; x_wconf 94' lang='lat' dir='ltr'><strong>ut</strong></span> <span class='ocrx_word' id='word_1_134' title='bbox 1085 2201 1139 2262; x_wconf 90' lang='lat' dir='ltr'><strong>ge·</strong></span> 
     </span>
     <span class='ocr_line' id='line_1_19' title="bbox 19 2273 1138 2360; baseline 0.004 -25"><span class='ocrx_word' id='word_1_135' title='bbox 19 2273 124 2337; x_wconf 90' lang='lat' dir='ltr'><strong>nerale</strong></span> <span class='ocrx_word' id='word_1_136' title='bbox 149 2278 350 2340; x_wconf 84' lang='lat' dir='ltr'><strong>convocavit</strong></span> <span class='ocrx_word' id='word_1_137' title='bbox 372 2287 406 2340; x_wconf 89' lang='lat' dir='ltr'><strong>et</strong></span> <span class='ocrx_word' id='word_1_138' title='bbox 428 2278 648 2342; x_wconf 88' lang='lat' dir='ltr'><strong>confirmavit.</strong></span> <span class='ocrx_word' id='word_1_139' title='bbox 683 2277 784 2340; x_wconf 74' lang='lat' dir='ltr'><strong>Edita</strong></span> <span class='ocrx_word' id='word_1_140' title='bbox 807 2285 888 2340; x_wconf 89' lang='lat' dir='ltr'><strong>tuuc</strong></span> <span class='ocrx_word' id='word_1_141' title='bbox 912 2278 1039 2340; x_wconf 84' lang='lat' dir='ltr'><strong>sanctio</strong></span> <span class='ocrx_word' id='word_1_142' title='bbox 1066 2277 1138 2360; x_wconf 91' lang='lat' dir='ltr'><strong>fuit,</strong></span> 
     </span>
     <span class='ocr_line' id='line_1_20' title="bbox 19 2371 1137 2460; baseline 0.004 -27"><span class='ocrx_word' id='word_1_143' title='bbox 19 2391 88 2454; x_wconf 84' lang='lat' dir='ltr'><strong>qua,</strong></span> <span class='ocrx_word' id='word_1_144' title='bbox 106 2371 254 2436; x_wconf 87' lang='lat' dir='ltr'><strong>fidelium</strong></span> <span class='ocrx_word' id='word_1_145' title='bbox 268 2374 516 2439; x_wconf 88' lang='lat' dir='ltr'><strong>multitudinem</strong></span> <span class='ocrx_word' id='word_1_146' title='bbox 530 2397 614 2460; x_wconf 88' lang='lat' dir='ltr'><strong>quae</strong></span> <span class='ocrx_word' id='word_1_147' title='bbox 627 2375 793 2440; x_wconf 81' lang='lat' dir='ltr'><strong>Ioannem</strong></span> <span class='ocrx_word' id='word_1_148' title='bbox 808 2374 929 2438; x_wconf 86' lang='lat' dir='ltr'>XXIII</span> <span class='ocrx_word' id='word_1_149' title='bbox 945 2385 1137 2458; x_wconf 85' lang='lat' dir='ltr'><strong>agnoverat,</strong></span> 
     </span>
    </p>

    <p class='ocr_par' dir='ltr' id='par_1_3' title="bbox 12 2467 1234 3639">
     <span class='ocr_line' id='line_1_21' title="bbox 19 2467 1141 2557; baseline 0.006 -28"><span class='ocrx_word' id='word_1_150' title='bbox 19 2481 46 2530; x_wconf 89' lang='lat' dir='ltr'><strong>et</strong></span> <span class='ocrx_word' id='word_1_151' title='bbox 69 2467 206 2534; x_wconf 87' lang='lat' dir='ltr'><strong>alteram</strong></span> <span class='ocrx_word' id='word_1_152' title='bbox 231 2493 317 2557; x_wconf 87' lang='lat' dir='ltr'><strong>quae</strong></span> <span class='ocrx_word' id='word_1_153' title='bbox 341 2472 538 2557; x_wconf 85' lang='lat' dir='ltr'><strong>Gregorium</strong></span> <span class='ocrx_word' id='word_1_154' title='bbox 564 2471 632 2537; x_wconf 91' lang='lat' dir='ltr'><strong>XII</strong></span> <span class='ocrx_word' id='word_1_155' title='bbox 667 2471 813 2536; x_wconf 91' lang='lat' dir='ltr'><strong>coluerat</strong></span> <span class='ocrx_word' id='word_1_156' title='bbox 845 2471 906 2536; x_wconf 91' lang='lat' dir='ltr'><strong>sub</strong></span> <span class='ocrx_word' id='word_1_157' title='bbox 931 2495 997 2536; x_wconf 91' lang='lat' dir='ltr'><strong>uno</strong></span> <span class='ocrx_word' id='word_1_158' title='bbox 1030 2474 1141 2556; x_wconf 88' lang='lat' dir='ltr'><strong>capite</strong></span> 
     </span>
     <span class='ocr_line' id='line_1_22' title="bbox 20 2566 1137 2655; baseline 0.006 -27"><span class='ocrx_word' id='word_1_159' title='bbox 20 2566 148 2630; x_wconf 85' lang='lat' dir='ltr'><strong>Christo</strong></span> <span class='ocrx_word' id='word_1_160' title='bbox 171 2580 287 2634; x_wconf 90' lang='lat' dir='ltr'><strong>mutuo</strong></span> <span class='ocrx_word' id='word_1_161' title='bbox 312 2571 443 2634; x_wconf 86' lang='lat' dir='ltr'><strong>foedere</strong></span> <span class='ocrx_word' id='word_1_162' title='bbox 460 2571 653 2652; x_wconf 88' lang='lat' dir='ltr'><strong>coalescere,</strong></span> <span class='ocrx_word' id='word_1_163' title='bbox 679 2569 935 2655; x_wconf 90' lang='lat' dir='ltr'><strong>promulgatum,</strong></span> <span class='ocrx_word' id='word_1_164' title='bbox 961 2581 993 2633; x_wconf 88' lang='lat' dir='ltr'><strong>et</strong></span> <span class='ocrx_word' id='word_1_165' title='bbox 1016 2593 1137 2635; x_wconf 89' lang='lat' dir='ltr'><strong>convo·</strong></span> 
     </span>
     <span class='ocr_line' id='line_1_23' title="bbox 19 2664 1139 2752; baseline 0.009 -28"><span class='ocrx_word' id='word_1_166' title='bbox 19 2666 100 2726; x_wconf 85' lang='lat' dir='ltr'><strong>catio</strong></span> <span class='ocrx_word' id='word_1_167' title='bbox 124 2688 144 2728; x_wconf 90' lang='lat' dir='ltr'><strong>a</strong></span> <span class='ocrx_word' id='word_1_168' title='bbox 168 2664 329 2751; x_wconf 88' lang='lat' dir='ltr'><strong>Gregorio</strong></span> <span class='ocrx_word' id='word_1_169' title='bbox 352 2669 440 2737; x_wconf 85' lang='lat' dir='ltr'><strong>sacta</strong></span> <span class='ocrx_word' id='word_1_170' title='bbox 464 2667 609 2732; x_wconf 88' lang='lat' dir='ltr'><strong>admissa</strong></span> <span class='ocrx_word' id='word_1_171' title='bbox 633 2677 691 2750; x_wconf 88' lang='lat' dir='ltr'><strong>est,</strong></span> <span class='ocrx_word' id='word_1_172' title='bbox 716 2667 890 2731; x_wconf 89' lang='lat' dir='ltr'><strong>formulam</strong></span> <span class='ocrx_word' id='word_1_173' title='bbox 916 2666 1044 2752; x_wconf 87' lang='lat' dir='ltr'><strong>legente</strong></span> <span class='ocrx_word' id='word_1_174' title='bbox 1061 2669 1139 2734; x_wconf 84' lang='lat' dir='ltr'><strong>Bar</strong></span> 
     </span>
     <span class='ocr_line' id='line_1_24' title="bbox 18 2755 1234 2851; baseline 0.007 -29"><span class='ocrx_word' id='word_1_175' title='bbox 18 2761 200 2827; x_wconf 87' lang='lat' dir='ltr'><strong>tholomaeo</strong></span> <span class='ocrx_word' id='word_1_176' title='bbox 224 2767 475 2851; x_wconf 87' lang='lat' dir='ltr'><strong>archiepiscopo</strong></span> <span class='ocrx_word' id='word_1_177' title='bbox 492 2765 746 2830; x_wconf 87' lang='lat' dir='ltr'><strong>Mediolanensi.</strong></span> <span class='ocrx_word' id='word_1_178' title='bbox 793 2765 833 2829; x_wconf 92' lang='lat' dir='ltr'><strong>In</strong></span> <span class='ocrx_word' id='word_1_179' title='bbox 857 2766 972 2830; x_wconf 88' lang='lat' dir='ltr'><strong>eadem</strong></span> <span class='ocrx_word' id='word_1_180' title='bbox 998 2767 1137 2832; x_wconf 89' lang='lat' dir='ltr'><strong>dicitur:</strong></span> <span class='ocrx_word' id='word_1_181' title='bbox 1231 2755 1234 2761; x_wconf 40' lang='lat'><em>¹</em></span> 
     </span>
     <span class='ocr_line' id='line_1_25' title="bbox 19 2857 1139 2951; baseline 0.006 -29"><span class='ocrx_word' id='word_1_182' title='bbox 19 2857 227 2926; x_wconf 70' lang='lat' dir='ltr'><strong>socrosancta</strong></span> <span class='ocrx_word' id='word_1_183' title='bbox 258 2864 416 2950; x_wconf 69' lang='lat' dir='ltr'><strong>generalis</strong></span> <span class='ocrx_word' id='word_1_184' title='bbox 440 2863 587 2951; x_wconf 72' lang='lat' dir='ltr'><strong>Synodm</strong></span> <span class='ocrx_word' id='word_1_185' title='bbox 615 2863 876 2944; x_wconf 67' lang='lat' dir='ltr'><strong>Constantiacas,</strong></span> <span class='ocrx_word' id='word_1_186' title='bbox 903 2913 910 2928; x_wconf 90' lang='lat'><strong>.</strong></span> <span class='ocrx_word' id='word_1_187' title='bbox 937 2918 942 2928; x_wconf 88' lang='lat'><strong>.</strong></span> <span class='ocrx_word' id='word_1_188' title='bbox 969 2913 977 2927; x_wconf 94' lang='lat'><strong>.</strong></span> <span class='ocrx_word' id='word_1_189' title='bbox 1001 2867 1139 2929; x_wconf 74' lang='lat' dir='ltr'><strong>aticiae</strong></span> 
     </span>
     <span class='ocr_line' id='line_1_26' title="bbox 19 2957 1146 3048; baseline 0.006 -29"><span class='ocrx_word' id='word_1_190' title='bbox 19 2957 96 3022; x_wconf 81' lang='lat' dir='ltr'><strong>duaa</strong></span> <span class='ocrx_word' id='word_1_191' title='bbox 111 2957 327 3040; x_wconf 77' lang='lat' dir='ltr'><strong>Obedientiae,</strong></span> <span class='ocrx_word' id='word_1_192' title='bbox 350 2962 497 3026; x_wconf 85' lang='lat' dir='ltr'><strong>videlicet</strong></span> <span class='ocrx_word' id='word_1_193' title='bbox 511 2961 572 3026; x_wconf 83' lang='lat' dir='ltr'><strong>iiia</strong></span> <span class='ocrx_word' id='word_1_194' title='bbox 585 2985 664 3048; x_wconf 82' lang='lat' dir='ltr'><strong>qnae</strong></span> <span class='ocrx_word' id='word_1_195' title='bbox 675 2961 846 3048; x_wconf 85' lang='lat' dir='ltr'><strong>profitetur</strong></span> <span class='ocrx_word' id='word_1_196' title='bbox 854 2961 1015 3026; x_wconf 85' lang='lat' dir='ltr'><strong>Joaancm</strong></span> <span class='ocrx_word' id='word_1_197' title='bbox 1024 2964 1146 3026; x_wconf 87' lang='lat' dir='ltr'>XXIII</span> 
     </span>
     <span class='ocr_line' id='line_1_27' title="bbox 19 3055 1137 3147; baseline 0.005 -31"><span class='ocrx_word' id='word_1_198' title='bbox 19 3055 90 3118; x_wconf 83' lang='lat' dir='ltr'><strong>olim</strong></span> <span class='ocrx_word' id='word_1_199' title='bbox 104 3057 214 3142; x_wconf 81' lang='lat' dir='ltr'><strong>faisse</strong></span> <span class='ocrx_word' id='word_1_200' title='bbox 238 3060 371 3145; x_wconf 82' lang='lat' dir='ltr'><strong>Papam,</strong></span> <span class='ocrx_word' id='word_1_201' title='bbox 400 3072 431 3124; x_wconf 88' lang='lat' dir='ltr'><strong>et</strong></span> <span class='ocrx_word' id='word_1_202' title='bbox 452 3059 514 3124; x_wconf 87' lang='lat' dir='ltr'><strong>illa</strong></span> <span class='ocrx_word' id='word_1_203' title='bbox 539 3083 619 3147; x_wconf 73' lang='lat' dir='ltr'><strong>quam</strong></span> <span class='ocrx_word' id='word_1_204' title='bbox 646 3059 813 3146; x_wconf 80' lang='lat' dir='ltr'><strong>profitetur</strong></span> <span class='ocrx_word' id='word_1_205' title='bbox 835 3059 994 3123; x_wconf 84' lang='lat' dir='ltr'><strong>dominum</strong></span> <span class='ocrx_word' id='word_1_206' title='bbox 1021 3059 1137 3146; x_wconf 78' lang='lat' dir='ltr'><strong>Grepo·</strong></span> 
     </span>
     <span class='ocr_line' id='line_1_28' title="bbox 19 3155 1144 3244; baseline 0.004 -28"><span class='ocrx_word' id='word_1_207' title='bbox 19 3157 96 3218; x_wconf 64' lang='lat' dir='ltr'><strong>num</strong></span> <span class='ocrx_word' id='word_1_208' title='bbox 118 3157 190 3220; x_wconf 86' lang='lat' dir='ltr'><strong>XII</strong></span> <span class='ocrx_word' id='word_1_209' title='bbox 208 3180 273 3222; x_wconf 85' lang='lat' dir='ltr'><strong>esse</strong></span> <span class='ocrx_word' id='word_1_210' title='bbox 296 3159 430 3244; x_wconf 88' lang='lat' dir='ltr'><strong>Papam,</strong></span> <span class='ocrx_word' id='word_1_211' title='bbox 461 3161 616 3222; x_wconf 75' lang='lat' dir='ltr'><strong>uitiantur</strong></span> <span class='ocrx_word' id='word_1_212' title='bbox 638 3182 704 3222; x_wconf 84' lang='lat' dir='ltr'><strong>nna</strong></span> <span class='ocrx_word' id='word_1_213' title='bbox 728 3159 832 3238; x_wconf 84' lang='lat' dir='ltr'><strong>alteri,</strong></span> <span class='ocrx_word' id='word_1_214' title='bbox 863 3167 892 3220; x_wconf 86' lang='lat' dir='ltr'><strong>et</strong></span> <span class='ocrx_word' id='word_1_215' title='bbox 916 3155 1019 3220; x_wconf 82' lang='lat' dir='ltr'><strong>altera</strong></span> <span class='ocrx_word' id='word_1_216' title='bbox 1043 3157 1144 3221; x_wconf 82' lang='lat' dir='ltr'><strong>alteri</strong></span> 
     </span>
     <span class='ocr_line' id='line_1_29' title="bbox 18 3253 1138 3343; baseline 0.004 -29"><span class='ocrx_word' id='word_1_217' title='bbox 18 3258 247 3342; x_wconf 72' lang='lat' dir='ltr'><strong>conjungantur</strong></span> <span class='ocrx_word' id='word_1_218' title='bbox 270 3256 325 3320; x_wconf 83' lang='lat' dir='ltr'><strong>aab</strong></span> <span class='ocrx_word' id='word_1_219' title='bbox 349 3258 452 3343; x_wconf 86' lang='lat' dir='ltr'><strong>capite</strong></span> <span class='ocrx_word' id='word_1_220' title='bbox 473 3253 606 3335; x_wconf 80' lang='lat' dir='ltr'><strong>Christo,</strong></span> <span class='ocrx_word' id='word_1_221' title='bbox 632 3257 735 3320; x_wconf 82' lang='lat' dir='ltr'><strong>dictas</strong></span> <span class='ocrx_word' id='word_1_222' title='bbox 751 3257 1010 3333; x_wconf 78' lang='lat' dir='ltr'><strong>convocationem,</strong></span> <span class='ocrx_word' id='word_1_223' title='bbox 1036 3266 1138 3318; x_wconf 87' lang='lat' dir='ltr'><strong>aucto-</strong></span> 
     </span>
     <span class='ocr_line' id='line_1_30' title="bbox 19 3351 1137 3441; baseline 0.005 -31"><span class='ocrx_word' id='word_1_224' title='bbox 19 3351 208 3430; x_wconf 82' lang='lat' dir='ltr'><strong>rizationem,</strong></span> <span class='ocrx_word' id='word_1_225' title='bbox 243 3355 515 3441; x_wconf 80' lang='lat' dir='ltr'><strong>approbationem,</strong></span> <span class='ocrx_word' id='word_1_226' title='bbox 548 3369 577 3420; x_wconf 86' lang='lat' dir='ltr'><strong>ct</strong></span> <span class='ocrx_word' id='word_1_227' title='bbox 610 3355 878 3440; x_wconf 78' lang='lat' dir='ltr'><strong>confirmationem</strong></span> <span class='ocrx_word' id='word_1_228' title='bbox 899 3355 1024 3418; x_wconf 87' lang='lat' dir='ltr'><strong>nomine</strong></span> <span class='ocrx_word' id='word_1_229' title='bbox 1047 3353 1137 3417; x_wconf 85' lang='lat' dir='ltr'><strong>illias</strong></span> 
     </span>
     <span class='ocr_line' id='line_1_31' title="bbox 19 3447 1138 3538; baseline 0.004 -29"><span class='ocrx_word' id='word_1_230' title='bbox 19 3447 137 3514; x_wconf 84' lang='lat' dir='ltr'><strong>dom-ini</strong></span> <span class='ocrx_word' id='word_1_231' title='bbox 164 3453 220 3536; x_wconf 86' lang='lat' dir='ltr'><strong>qni</strong></span> <span class='ocrx_word' id='word_1_232' title='bbox 248 3454 284 3517; x_wconf 84' lang='lat' dir='ltr'><strong>in</strong></span> <span class='ocrx_word' id='word_1_233' title='bbox 307 3478 366 3518; x_wconf 84' lang='lat' dir='ltr'><strong>aaa</strong></span> <span class='ocrx_word' id='word_1_234' title='bbox 394 3454 581 3520; x_wconf 77' lang='lat' dir='ltr'><strong>Otadientia</strong></span> <span class='ocrx_word' id='word_1_235' title='bbox 612 3455 729 3518; x_wconf 81' lang='lat' dir='ltr'><strong>dicitur</strong></span> <span class='ocrx_word' id='word_1_236' title='bbox 755 3453 928 3538; x_wconf 71' lang='lat' dir='ltr'><strong>Gregorius</strong></span> <span class='ocrx_word' id='word_1_237' title='bbox 960 3452 1030 3516; x_wconf 90' lang='lat' dir='ltr'>XII</span> <span class='ocrx_word' id='word_1_238' title='bbox 1054 3475 1138 3515; x_wconf 86' lang='lat' dir='ltr'><strong>nunc</strong></span> 
     </span>
     <span class='ocr_line' id='line_1_32' title="bbox 12 3546 1138 3639; baseline 0 -27"><span class='ocrx_word' id='word_1_239' title='bbox 12 3546 119 3630; x_wconf 82' lang='lat' dir='ltr'><strong>factas</strong></span> <span class='ocrx_word' id='word_1_240' title='bbox 153 3563 304 3634; x_wconf 80' lang='lat' dir='ltr'><strong>quantum</strong></span> <span class='ocrx_word' id='word_1_241' title='bbox 336 3553 381 3617; x_wconf 87' lang='lat' dir='ltr'><strong>ad</strong></span> <span class='ocrx_word' id='word_1_242' title='bbox 410 3555 513 3639; x_wconf 83' lang='lat' dir='ltr'><strong>ipsam</strong></span> <span class='ocrx_word' id='word_1_243' title='bbox 536 3562 680 3638; x_wconf 83' lang='lat' dir='ltr'><strong>spectare</strong></span> <span class='ocrx_word' id='word_1_244' title='bbox 702 3551 838 3630; x_wconf 80' lang='lat' dir='ltr'><strong>videtur,</strong></span> <span class='ocrx_word' id='word_1_245' title='bbox 871 3551 947 3635; x_wconf 76' lang='lat' dir='ltr'><strong>qaia</strong></span> <span class='ocrx_word' id='word_1_246' title='bbox 970 3549 1138 3613; x_wconf 78' lang='lat' dir='ltr'><strong>abundans</strong></span> 
     </span>
    </p>

    <p class='ocr_par' dir='ltr' id='par_1_4' title="bbox 14 3645 1144 4028">
     <span class='ocr_line' id='line_1_33' title="bbox 19 3645 1141 3737; baseline 0.002 -31"><span class='ocrx_word' id='word_1_247' title='bbox 19 3645 61 3706; x_wconf 88' lang='lat' dir='ltr'><strong>ad</strong></span> <span class='ocrx_word' id='word_1_248' title='bbox 82 3649 300 3715; x_wconf 78' lang='lat' dir='ltr'><strong>certitudinem</strong></span> <span class='ocrx_word' id='word_1_249' title='bbox 317 3673 381 3737; x_wconf 83' lang='lat' dir='ltr'><strong>pro</strong></span> <span class='ocrx_word' id='word_1_250' title='bbox 405 3653 484 3716; x_wconf 83' lang='lat' dir='ltr'><strong>hono</strong></span> <span class='ocrx_word' id='word_1_251' title='bbox 508 3650 633 3714; x_wconf 81' lang='lat' dir='ltr'><strong>cautela</strong></span> <span class='ocrx_word' id='word_1_252' title='bbox 655 3650 894 3726; x_wconf 72' lang='lat' dir='ltr'><strong>camisiamet,</strong></span> <span class='ocrx_word' id='word_1_253' title='bbox 917 3645 973 3710; x_wconf 84' lang='lat' dir='ltr'><strong>sed</strong></span> <span class='ocrx_word' id='word_1_254' title='bbox 996 3645 1141 3709; x_wconf 78' lang='lat' dir='ltr'><strong>omnibus</strong></span> 
     </span>
     <span class='ocr_line' id='line_1_34' title="bbox 14 3743 1144 3836; baseline 0.004 -33"><span class='ocrx_word' id='word_1_255' title='bbox 14 3743 154 3826; x_wconf 84' lang='lat' dir='ltr'><strong>prodest,</strong></span> <span class='ocrx_word' id='word_1_256' title='bbox 189 3748 222 3810; x_wconf 90' lang='lat' dir='ltr'><strong>in</strong></span> <span class='ocrx_word' id='word_1_257' title='bbox 256 3749 396 3812; x_wconf 82' lang='lat' dir='ltr'><strong>omnibns</strong></span> <span class='ocrx_word' id='word_1_258' title='bbox 425 3760 454 3813; x_wconf 88' lang='lat' dir='ltr'><strong>et</strong></span> <span class='ocrx_word' id='word_1_259' title='bbox 481 3772 542 3836; x_wconf 83' lang='lat' dir='ltr'><strong>per</strong></span> <span class='ocrx_word' id='word_1_260' title='bbox 572 3750 677 3812; x_wconf 86' lang='lat' dir='ltr'><strong>omnia</strong></span> <span class='ocrx_word' id='word_1_261' title='bbox 707 3748 856 3824; x_wconf 82' lang='lat' dir='ltr'><strong>admittit,</strong></span> <span class='ocrx_word' id='word_1_262' title='bbox 888 3757 918 3810; x_wconf 87' lang='lat' dir='ltr'><strong>et</strong></span> <span class='ocrx_word' id='word_1_263' title='bbox 945 3743 1057 3808; x_wconf 85' lang='lat' dir='ltr'><strong>amodo</strong></span> <span class='ocrx_word' id='word_1_264' title='bbox 1081 3745 1144 3808; x_wconf 81' lang='lat' dir='ltr'><strong>hae</strong></span> 
     </span>
     <span class='ocr_line' id='line_1_35' title="bbox 21 3843 1136 3935; baseline 0.004 -31"><span class='ocrx_word' id='word_1_265' title='bbox 21 3843 220 3926; x_wconf 74' lang='lat' dir='ltr'><strong>supradictas</strong></span> <span class='ocrx_word' id='word_1_266' title='bbox 248 3846 451 3912; x_wconf 82' lang='lat' dir='ltr'><strong>Odedientias</strong></span> <span class='ocrx_word' id='word_1_267' title='bbox 483 3851 668 3935; x_wconf 81' lang='lat' dir='ltr'><strong>conjunctos</strong></span> <span class='ocrx_word' id='word_1_268' title='bbox 699 3857 729 3910; x_wconf 84' lang='lat' dir='ltr'><strong>ot</strong></span> <span class='ocrx_word' id='word_1_269' title='bbox 755 3847 865 3908; x_wconf 82' lang='lat' dir='ltr'><strong>unitas</strong></span> <span class='ocrx_word' id='word_1_270' title='bbox 894 3865 959 3906; x_wconf 85' lang='lat' dir='ltr'><strong>asse</strong></span> <span class='ocrx_word' id='word_1_271' title='bbox 989 3843 1136 3909; x_wconf 80' lang='lat' dir='ltr'><strong>decern-it.</strong></span> 
     </span>
     <span class='ocr_line' id='line_1_36' title="bbox 23 3935 1136 4028; baseline 0.004 -30"><span class='ocrx_word' id='word_1_272' title='bbox 23 3935 80 4000; x_wconf 89' lang='lat' dir='ltr'><strong>His</strong></span> <span class='ocrx_word' id='word_1_273' title='bbox 101 3945 210 4023; x_wconf 85' lang='lat' dir='ltr'><strong>gestis,</strong></span> <span class='ocrx_word' id='word_1_274' title='bbox 238 3941 425 4010; x_wconf 83' lang='lat' dir='ltr'><strong>Cardinalis</strong></span> <span class='ocrx_word' id='word_1_275' title='bbox 449 3945 648 4028; x_wconf 87' lang='lat' dir='ltr'><strong>Ragusinus,</strong></span> <span class='ocrx_word' id='word_1_276' title='bbox 679 3943 907 4008; x_wconf 84' lang='lat' dir='ltr'><strong>Cardinalium</strong></span> <span class='ocrx_word' id='word_1_277' title='bbox 933 3952 1136 4004; x_wconf 88' lang='lat' dir='ltr'><strong>caeterorum</strong></span> 
     </span>
    </p>
   </div>
   <div class='ocr_carea' id='block_1_3' title="bbox 22 4037 1142 4322">
    <p class='ocr_par' dir='ltr' id='par_1_5' title="bbox 22 4037 1142 4322">
     <span class='ocr_line' id='line_1_37' title="bbox 22 4037 1136 4129; baseline 0.003 -33"><span class='ocrx_word' id='word_1_278' title='bbox 22 4037 126 4102; x_wconf 84' lang='lat' dir='ltr'><strong>osculo</strong></span> <span class='ocrx_word' id='word_1_279' title='bbox 157 4049 190 4103; x_wconf 89' lang='lat' dir='ltr'><strong>et</strong></span> <span class='ocrx_word' id='word_1_280' title='bbox 220 4043 377 4128; x_wconf 86' lang='lat' dir='ltr'><strong>amplexu</strong></span> <span class='ocrx_word' id='word_1_281' title='bbox 411 4053 580 4129; x_wconf 88' lang='lat' dir='ltr'><strong>exceptus,</strong></span> <span class='ocrx_word' id='word_1_282' title='bbox 613 4044 698 4106; x_wconf 85' lang='lat' dir='ltr'><strong>inter</strong></span> <span class='ocrx_word' id='word_1_283' title='bbox 730 4043 946 4105; x_wconf 83' lang='lat' dir='ltr'><strong>Franciscum</strong></span> <span class='ocrx_word' id='word_1_284' title='bbox 973 4037 1136 4101; x_wconf 87' lang='lat' dir='ltr'><strong>Venetam</strong></span> 
     </span>
     <span class='ocr_line' id='line_1_38' title="bbox 22 4133 1137 4228; baseline 0.001 -30"><span class='ocrx_word' id='word_1_285' title='bbox 22 4143 53 4192; x_wconf 79' lang='lat' dir='ltr'><strong>et</strong></span> <span class='ocrx_word' id='word_1_286' title='bbox 82 4133 263 4203; x_wconf 90' lang='lat' dir='ltr'><strong>Antonium</strong></span> <span class='ocrx_word' id='word_1_287' title='bbox 289 4141 535 4228; x_wconf 88' lang='lat' dir='ltr'><strong>Aquilejensem</strong></span> <span class='ocrx_word' id='word_1_288' title='bbox 567 4139 762 4204; x_wconf 88' lang='lat' dir='ltr'><strong>Cardinales</strong></span> <span class='ocrx_word' id='word_1_289' title='bbox 803 4137 1011 4224; x_wconf 88' lang='lat' dir='ltr'><strong>presbyteros</strong></span> <span class='ocrx_word' id='word_1_290' title='bbox 1042 4134 1137 4200; x_wconf 91' lang='lat' dir='ltr'><strong>collo-</strong></span> 
     </span>
     <span class='ocr_line' id='line_1_39' title="bbox 22 4233 1142 4322; baseline 0.001 -28"><span class='ocrx_word' id='word_1_291' title='bbox 22 4245 110 4298; x_wconf 90' lang='lat' dir='ltr'><strong>catus</strong></span> <span class='ocrx_word' id='word_1_292' title='bbox 121 4247 178 4304; x_wconf 89' lang='lat' dir='ltr'><strong>est.</strong></span> <span class='ocrx_word' id='word_1_293' title='bbox 204 4238 393 4304; x_wconf 88' lang='lat' dir='ltr'><strong>Cardinalis</strong></span> <span class='ocrx_word' id='word_1_294' title='bbox 408 4238 700 4303; x_wconf 89' lang='lat' dir='ltr'><strong>veroVivariensis</strong></span> <span class='ocrx_word' id='word_1_295' title='bbox 715 4247 795 4300; x_wconf 91' lang='lat' dir='ltr'><strong>tunc</strong></span> <span class='ocrx_word' id='word_1_296' title='bbox 808 4235 942 4322; x_wconf 84' lang='lat' dir='ltr'><strong>synodo</strong></span> <span class='ocrx_word' id='word_1_297' title='bbox 959 4233 1142 4319; x_wconf 87' lang='lat' dir='ltr'><strong>praesedit,</strong></span> 
     </span>
    </p>
   </div>
   <div class='ocr_carea' id='block_1_4' title="bbox 0 0 1438 4844">
    <p class='ocr_par' dir='ltr' id='par_1_6' title="bbox 0 0 1438 4844">
     <span class='ocr_line' id='line_1_40' title="bbox 0 0 1438 4844; baseline 0 2"><span class='ocrx_word' id='word_1_298' title='bbox 0 0 1438 4844; x_wconf 95' lang='lat' dir='ltr'><strong> </strong></span> 
     </span>
    </p>
   </div>
  </div>
 </body>
</html>
