2858 4834
359 461 398 515 De
417 461 507 516 initiis
526 461 733 517 controversiae.
1056 461 1106 515 171

36 603 146 668 lateam
165 603 334 670 Gilbortus
363 604 487 690 aliique
517 605 664 690 episcopi
695 626 768 668 eam
799 603 862 668 sibi
897 604 1017 668 cudere
1041 606 1108 690 opi-

35 705 134 784 nionem,
161 703 321 769 Thomam
347 702 424 767 duci
449 724 548 768 caeca
572 703 755 788 pertinacia
778 703 814 766 in
838 723 891 779 re,
919 723 1004 787 quae
1029 702 1110 787 ipsis

34 797 91 862 lad
115 803 188 866 tanti
211 800 583 883 videbaturmomenti,
615 811 648 864 et
673 799 790 864 melius
813 821 894 880 esse,
925 801 1108 864 amicitiam

32 896 102 961 colere
121 900 200 983 regis
215 909 248 964 et
264 921 396 963 servare
413 898 637 980 concordiam,
663 919 763 984 quam
787 898 880 983 sequi
897 897 1020 983 placita
1032 899 1109 982 viri,

31 996 66 1078 qni
83 1007 164 1060 antea
187 999 278 1060 vitae
302 997 547 1061 ecclesiasticae
580 997 746 1082 gravitate
777 997 857 1081 ipsis
888 995 995 1060 fuerat
1030 999 1110 1061 satis

29 1092 130 1156 inferior.
165 1093 338 1181 Quidquid
372 1097 415 1159 sit
447 1097 510 1160 ista
541 1094 583 1158 do
605 1115 654 1176 re,
684 1093 790 1174 vides,
819 1103 964 1178 quantae
986 1093 1112 1158 fuerint

28 1189 79 1252 inde
111 1190 147 1254 ab
179 1194 275 1258 initio
324 1192 454 1258 dissidii
495 1215 519 1258 s.
549 1191 697 1256 Thomas
740 1190 967 1274 difficultates,
1006 1214 1109 1279 quum

28 1307 112 1370 nagna
132 1312 202 1375 pars
225 1293 469 1377 episcoporum,
501 1292 591 1375 iique
615 1291 680 1353 viri
703 1311 822 1374 graves
849 1299 883 1353 et
903 1291 1035 1375 integri,
1065 1291 1109 1355 ab

28 1385 75 1467 ipso
92 1388 273 1452 recedentes
297 1390 366 1473 regi
391 1387 613 1454 adhaeserint.
622 1391 643 1464 ¹)

85 1547 128 1611 20.
172 1548 311 1612 Interim
345 1548 537 1613 Alexander
568 1547 785 1634 Ill-quidem
822 1551 947 1631 (mense
972 1548 1109 1614 Octobri

26 1661 45 1702 s.
63 1644 139 1726 1163)
161 1645 327 1711 Thomam
352 1645 469 1710 litteris
493 1646 680 1711 consolatus
711 1655 769 1725 est,
803 1656 845 1726 et,
879 1655 916 1709 ut
938 1645 1110 1711 Ecclesiae

26 1735 167 1808 libertatem
198 1754 358 1826 tueretur,
398 1745 538 1810 monuit.
592 1742 658 1809 Sed
691 1742 791 1807 exilio
829 1746 1022 1827 amicorum,
1060 1747 1109 1810 uti

23 1833 125 1903 loannis
139 1839 404 1924 sarisberiensis,
428 1842 568 1929 aliisque
586 1840 820 1906 vexationibus
842 1865 902 1907 rex
926 1842 1110 1928 praesulem

24 1937 167 2021 affligebat,
201 1941 327 2005 crebris
350 1963 429 2006 vero
454 1943 683 2028 episcoporum
715 1952 748 2004 et
777 1940 936 2006 abbatum
966 1941 1022 2006 hic
1052 1941 1110 2006 im-

23 2035 156 2114 probatur
179 2039 402 2120 suasionibus,
436 2061 478 2103 ne
504 2041 603 2103 unius
627 2039 721 2103 verbi
746 2041 918 2104 occasione
943 2061 977 2104 sc
1001 2042 1109 2126 ipsum

24 2149 64 2193 ma
83 2157 149 2199 cum
173 2139 331 2201 universa
355 2136 506 2202 Ecclesia
530 2138 565 2201 in
590 2138 768 2202 discrimen
799 2136 881 2201 adeo
906 2147 1022 2222 patens
1050 2139 1107 2202 im·

24 2241 123 2308 tenone
167 2235 358 2320 conjiceret.
421 2233 623 2320 Supervenit
669 2237 769 2298 etiam
815 2258 858 2299 ex
901 2235 1283 2309 Narmanniaenmppmne

25 2321 160 2415 Philippus
182 2331 290 2397 abbas
314 2332 355 2397 de
379 2332 611 2418 Eleemosynae,
647 2334 704 2419 qui
727 2334 904 2415 asserebat,
935 2356 968 2396 se
1001 2358 1022 2397 a
1045 2321 1278 2397 R0·¹³¹“¹³⁰'”'”

24 2447 83 2489 sono
104 2431 252 2514 Pontifice
276 2429 438 2508 directum,
473 2433 527 2515 qni
556 2434 640 2517 repis
669 2452 738 2494 cnm
759 2430 975 2495 voluntatibus
998 2432 1110 2495 obtem-

16 2529 336 2614 praeponendam,
372 2529 490 2606 dicens,
522 2529 682 2592 domimum
704 2551 805 2615 repom
821 2531 1035 2618 jurejarando
1060 2554 1109 2593 aa·

20 2623 81 2698 tiss,
101 2629 173 2710 qaia
195 2625 280 2690 sitit
304 2628 337 2690 in
358 2627 595 2716 praejudicium
619 2627 767 2690 ecclesiae
775 2627 966 2713 postularet,
992 2628 1046 2692 sed
1059 2629 1110 2692 lto·

18 2725 98 2782 aerari
125 2747 230 2788 coram
262 2723 467 2810 optimatibus
500 2726 567 2788 sois
591 2725 760 2789 damtoeot
783 2735 961 2811 eaeoptoret‚
994 2735 1030 2789 et
1046 2749 1111 2812 per

18 2813 54 2878 loe
81 2822 348 2905 postulationibus
385 2827 452 2912 ejas
485 2821 534 2886 ool
573 2821 773 2886 umbratilem
801 2833 830 2887 et
858 2821 1109 2910 qrtalemcriche

15 2934 160 2984 “retentam
187 2921 334 3007 sufficere
366 2921 409 2984 ad
439 2921 696 3007 reformationem
721 2922 826 3007 pacis.
882 2919 920 2985 Si
949 2921 1026 3006 qaid
1063 2923 1110 2984 sic

11 3031 212 3098 praecantatur,
245 3020 417 3083 Dominum
441 3020 566 3105 Papam
598 3019 660 3083 sibi
692 3019 787 3083 malle
818 3021 984 3106 imputari,
1015 3043 1110 3105 quom

14 3129 93 3188 parem
113 3139 174 3179 noa
197 3115 414 3204 reformari.')
460 3117 605 3182 Litteras
638 3119 738 3181 etiam
774 3116 971 3182 ostendebat
995 3116 1107 3182 Cardi-

19 3311 191 3334 *⁵⁸⁶¹*-

18 3457 106 3515 trtius
124 3465 156 3518 ab
174 3465 249 3520 omni
269 3464 441 3520 accusatione
461 3465 622 3529 Gilbertum,
642 3471 671 3519 et
689 3465 795 3530 asserit,
815 3463 985 3519 adversarios
1003 3463 1109 3517 invidia

17 3548 75 3593 tuas
91 3543 265 3600 calumniasse
285 3545 474 3615 (lacessirisse)
488 3545 641 3600 Gilbertnm
655 3545 743 3600 virum
761 3545 934 3614 integritatis
953 3544 1097 3598 eminentis

66 3656 80 3722 ¹]
98 3657 257 3716 perhibetur
274 3660 432 3728 Amulphns
460 3661 602 3728 episcopus
620 3661 810 3726 Lexoviensis,
839 3662 987 3716 Alexandri
1007 3661 1050 3714 111
1077 3662 1107 3715 in

15 3731 88 3800 logiis
104 3737 218 3808 legatus,
238 3741 285 3808 qui
304 3741 476 3808 caeteroquin
496 3743 601 3810 pariter
619 3741 673 3794 fnit
687 3741 731 3794 vir
743 3741 879 3796 Ecclesiae
898 3741 1107 3804 addictissimus,

15 3805 100 3869 Hennes
116 3819 142 3872 Il
160 3821 287 3886 suasisse
306 3827 339 3874 at
357 3821 520 3889 principium
538 3837 665 3888 sequens:
695 3821 798 3884 Dinide
818 3829 843 3875 et
863 3824 976 3890 impera,
1001 3825 1106 3890 partem

16 3895 132 3954 tmolum
149 3902 183 3954 ad
202 3918 232 3956 se
251 3901 360 3956 allicere
378 3902 507 3956 studeret.
556 3901 746 3969 lmpmdentar
768 3901 827 3970 regi
852 3902 919 3955 illud
943 3901 1019 3956 dedit
1045 3917 1107 3955 oon-

18 3971 86 4040 alim
102 3995 178 4045 quum
198 3981 258 4048 ejus
272 3983 393 4036 savorem
403 3989 552 4050 quaereret,
572 3981 678 4050 negotii
698 3997 762 4038 vero
781 3983 950 4051 gravitatem
968 3988 1034 4036 tunc
1051 3998 1106 4035 non

18 4057 149 4141 melioret.
178 4062 211 4118 V.
232 4061 300 4115 Vita
319 4061 412 4128 quadr.
432 4078 454 4118 c.
474 4061 543 4130 xx;
562 4063 610 4116 Ed.
631 4061 715 4128 Grim,
734 4061 802 4118 Vita
820 4062 977 4126 s.Thomae,
997 4078 1039 4129 ap.
1061 4061 1108 4116 Gi-

19 4143 46 4180 aa,
64 4137 110 4194 t'ol.
129 4141 149 4198 l.
168 4158 194 4211 p.
214 4145 257 4198 et.

64 4241 160 4310 avia
178 4249 271 4316 quaa.
293 4249 313 4302 r.
334 4248 392 4302 xx.
