2836 4848
308 451 348 505 De
366 449 504 505 Decretoli
524 449 578 502 Per
595 448 785 502 venerabilem.
1056 451 1108 504 365

32 615 80 658 uro
99 594 232 676 videtur,
255 603 290 657 nt
313 615 451 678 agamus
474 615 605 679 quoque
638 590 679 654 dc
713 590 843 656 duabus
882 591 956 656 aliis
987 594 1108 658 Decre-

30 691 115 754 alibns
136 691 317 756 innocentii
334 691 385 757 III
409 713 495 778 quae
516 690 750 755 celeberrimae
774 699 898 755 suntet
913 693 1027 775 magni
1042 711 1108 755 mo·

28 791 106 868 nenti,
134 810 234 875 quum
257 789 374 854 iisdem
402 788 559 853 Pontifex
591 788 757 873 principia
789 799 935 873 exponat
963 788 1008 852 ad
1037 789 1110 874 ejus

24 887 249 970 ,iurisdictionem
279 897 313 950 et
334 894 529 974 potestatem
561 887 595 950 in
619 906 671 949 res
694 884 891 970 temporales
914 889 1107 972 spectantia.

22 983 104 1048 ,lltera
117 984 297 1050 Decretalis
321 1007 360 1050 ea
379 996 428 1048 est
443 1006 528 1070 quae
545 984 664 1068 incipit
687 984 748 1047 Per
763 983 982 1063 venerabilem,
1006 983 1108 1048 altera

23 1103 76 1145 reru
96 1085 185 1169 eujus
211 1085 340 1148 initium
371 1093 422 1146 est
445 1083 555 1146 Novit.
610 1081 758 1166 Utraque
791 1083 825 1144 in
857 1079 985 1168 Corpus
1017 1083 1109 1150 Juris

20 1183 137 1245 unonici
160 1180 264 1246 relata
287 1179 376 1266 est¹),
409 1192 442 1244 et
471 1180 659 1262 argumenti
691 1176 780 1265 quod
810 1181 846 1244 in
877 1181 918 1244 iis
948 1191 1109 1245 tractatur·

17 1281 180 1360 mantem
212 1289 280 1343 tum
305 1280 434 1364 antiqui
458 1287 529 1341 tum
554 1278 754 1341 recentiores
781 1288 934 1342 auctores
957 1281 1107 1344 certatim

15 1375 228 1460 praedicavere.

79 1503 124 1568 60.
142 1501 282 1568 Occasio
297 1502 416 1587 prioris
432 1499 615 1564 Decretalis
628 1501 690 1564 Per
704 1500 914 1565 uenerabilem
929 1501 993 1564 fuit
1008 1500 1102 1566 haec.
1113 1511 1210 1552 0⁰⁰⁸·¹⁰
1225 1506 1269 1548 ⁰⁰·

16 1593 169 1664 Willelmus
199 1598 318 1664 Comes
342 1597 634 1683 Montispessulani
664 1600 744 1662 satis
778 1598 864 1662 bene
888 1598 929 1662 de
953 1599 1104 1664 Ecclesia
1147 1571 1247 1612 “⁰²¹¹''

14 1699 118 1760 uentus
146 1709 235 1778 erat,
267 1718 370 1783 quum
402 1697 472 1783 ipse
503 1705 536 1760 et
560 1698 786 1781 progenitores
816 1697 887 1782 ejus
917 1719 1047 1783 semper
1070 1699 1106 1762 in

12 1791 170 1860 obedientia
188 1795 284 1860 Sedis
300 1793 513 1880 Apostolicae
528 1795 758 1879 perstitissent,
774 1794 1023 1880 haereticosque
1041 1817 1107 1859 non

12 1891 192 1958 admisissent
222 1895 256 1958 in
286 1893 458 1958 territoriis
488 1894 568 1958 suis.
614 1892 760 1956 Facinus
793 1902 904 1958 tamen
929 1893 1110 1957 admiserat

11 1985 123 2073 ioelum,
148 2002 285 2082 propter
308 1989 396 2077 quod
414 1991 514 2054 etiam
531 1988 765 2054 ecclesiasticis
780 1993 895 2076 poenis
912 1993 1109 2055 constrictus

10 2082 97 2154 luerat.
142 2090 327 2176 Abjecerat
350 2088 508 2153 videlicet
530 2110 618 2153 anno
642 2089 727 2152 1187
752 2087 795 2152 ob
819 2088 997 2174 superbam
1021 2111 1110 2154 men·

10 2188 56 2250 bn
75 2188 264 2253 Eudoxiam
291 2208 440 2268 uxorem,
464 2184 695 2250 Emmanuelis
711 2183 873 2251 Comneni
897 2187 1110 2271 Imperatoris

9 2276 91 2367 preci
114 2287 231 2368 liliam,
258 2307 344 2370 quae
368 2286 432 2370 ipsi
449 2283 594 2370 puellam
614 2294 797 2370 pepererat,
821 2295 920 2371 atque
944 2307 1021 2349 cum
1045 2284 1110 2370 Ag·

8 2374 65 2446 lete
85 2383 297 2469 Aragonensi
328 2405 417 2448 nova
441 2384 516 2448 iniit
539 2383 717 2464 connubia,
748 2405 833 2469 quae
857 2407 964 2470 neque
987 2407 1007 2449 a
1032 2383 1111 2450 Coe·

9 2470 100 2544 latino
123 2483 177 2547 III
210 2503 319 2568 neque
342 2481 385 2546 ab
410 2483 604 2547 Innocentio
629 2483 680 2546 ΙΙΙ
714 2505 861 2569 unquam
886 2493 923 2548 ut
946 2485 1111 2548 matrimo-

9 2578 78 2641 sinm
100 2579 254 2645 validum
277 2581 392 2665 agnita
420 2580 561 2644 fuerant.
608 2579 662 2644 Ex
686 2581 816 2664 Agnete
846 2583 963 2666 genuit
986 2581 1111 2647 Willel·

8 2686 61 2736 nus
86 2677 197 2762 plures
235 2677 371 2760 liberos,
411 2680 497 2742 inter
527 2699 609 2764 quos
641 2677 845 2744 Willelmum
879 2690 912 2744 et
943 2680 1108 2744 Thomam

7 2767 78 2838 ilios.

75 2890 124 2955 61.
165 2891 282 2971 Quum
314 2893 530 2956 Innocentius
553 2891 604 2955 Ill
634 2912 721 2955 anno
749 2892 849 2976 1201,
880 2903 1013 2980 petente
1035 2893 1111 2958 Phi·

7 2978 76 3072 lippo
99 2990 131 3054 lI
155 3011 237 3075 rege
263 2989 404 3072 Galliae,
428 2990 532 3054 lilium
557 2991 660 3076 ipsius
684 2999 717 3053 et
739 2989 842 3055 liliam
866 3013 966 3078 quam
990 3014 1033 3057 ex
1047 2991 1113 3078 Ag·

9 3101 64 3148 nete
85 3089 294 3153 lleraniensi
319 3089 556 3175 superinducta
587 3089 728 3174 conjuge
750 3099 919 3174 genuerat,
951 3099 1025 3175 post
1047 3089 1114 3174 Ag-

8 3187 72 3247 netis
92 3199 236 3251 mortem
261 3185 486 3271 legitimasset,
511 3187 646 3251 videtur
668 3186 747 3251 inde
772 3189 963 3273 concepisse
988 3189 1112 3254 Willel·

2 3299 63 3376 nus
90 3283 210 3348 Comes
240 3284 533 3371 Montispessnlani
566 3284 767 3370 desiderium
801 3297 833 3350 et
863 3288 976 3352 iniisse
1009 3290 1112 3352 consi-

2 3375 78 3467 linm,
108 3393 145 3446 nt
178 3384 379 3447 auctoritate
408 3384 595 3449 Innocentii
619 3383 672 3447 III
703 3385 803 3448 etiam
834 3387 938 3471 ipsius
962 3385 1028 3450 duo
1052 3387 1111 3452 lilii

2 3470 175 3546 'willelmus
208 3491 243 3544 et
275 3479 420 3545 Thomas
447 3481 719 3567 legitimarentur.
775 3481 815 3548 ld
843 3485 944 3568 igitur
973 3485 1070 3570 petiit
1091 3507 1112 3550 a

2 3563 144 3644 laetifice
177 3601 240 3665 per
273 3578 561 3665 archiepiscopum
593 3581 840 3664 Arelatensem,
881 3583 938 3668 qui
973 3579 1111 3647 Comitis

8 3693 117 3740 causam
134 3678 343 3761 argumentis
360 3665 470 3741 variis'
485 3679 566 3743 scite
582 3680 727 3745 collectis
743 3679 937 3744 Innocentio
955 3680 1005 3744 III
1026 3701 1111 3746 com·

2 3775 166 3842 mandavit.
215 3775 383 3856 Pontifex,
407 3798 442 3839 re
465 3798 638 3863 perpensa,
663 3778 706 3842 ad
731 3777 894 3842 Comitem
918 3778 1112 3864 Montispes-

2 3869 93 3937 uulani
116 3874 243 3938 direxit
265 3871 448 3958 epistolam,
473 3896 538 3960 qua
561 3897 696 3940 causam
720 3876 849 3941 erudite
870 3885 999 3959 tractat,
1023 3879 1111 3962 prin·

67 4151 86 4207 ¹l
103 4151 135 4202 l'.
154 4149 266 4204 Decret.
285 4147 400 4219 Gregor.
419 4149 449 4202 L.
469 4149 516 4204 1v.
535 4150 589 4207 Tit.
609 4151 714 4206 xv111.
745 4151 773 4207 0.
793 4151 872 4210 XIII.
903 4151 955 4218 Qui
979 4151 1029 4206 tilii
1057 4151 1113 4207 sint

12 4221 118 4292 legitimi.
136 4237 164 4285 et
185 4230 214 4283 L,
236 4227 274 4285 11.
294 4229 348 4283 lit.
368 4229 390 4284 1.
410 4231 438 4284 O.
457 4229 535 4285 Xlll.
556 4231 594 4286 De
610 4231 729 4301 judiciis.
