2840 4840
313 475 346 527 18
586 473 671 528 XXX.
691 475 731 527 De
749 473 913 528 Pontificatu
931 473 1066 528 Bonifatii
1086 473 1164 527 VIII.

312 617 443 696 cebant,
481 617 568 702 quod
600 629 772 682 revocaret
806 617 940 682 decreta
974 616 1169 692 CaelestinI,
1206 619 1409 681 extensionem

311 713 444 800 regulae
476 714 527 778 vel
552 716 742 780 vestimenti
773 717 918 801 Ipsorum
944 715 986 779 ad
1020 715 1163 801 reliquos
1188 714 1405 778 Benedictinos.

312 825 345 878 et
366 812 542 899 privilegia
566 815 677 877 omnia
701 835 868 878 concessa.
919 812 1098 877 Multitudo
1123 835 1202 877 vcro
1228 811 1363 898 plebium
1382 813 1409 874 in

313 911 497 976 Caelestino
515 912 645 974 nonnisi
667 913 875 976 sanctitatem
899 913 1070 996 vitamque
1095 931 1246 976 severam
1270 910 1409 973 mirabar-1

312 1021 374 1090 tur,
399 1009 543 1072 rationes
558 1018 670 1072 autem
694 1007 766 1072 illas
788 1029 907 1092 graves
930 1007 1154 1073 abdicationis
1178 1030 1245 1072 non
1270 1007 1409 1090 intellige

313 1107 409 1188 bant3
434 1106 580 1191 dumque
604 1105 765 1170 videbant
786 1117 938 1170 sanctum
963 1127 1075 1170 senem
1105 1128 1172 1170 non
1196 1105 1334 1170 liberum
1357 1127 1409 1170 essa

312 1204 370 1268 sed
395 1203 544 1284 detineri,
569 1203 725 1267 facillime
749 1205 861 1268 omnia
877 1206 1021 1288 pessima
1044 1204 1086 1267 de
1101 1203 1270 1268 Bouliatio
1294 1205 1409 1280 adnisa

312 1313 397 1366 runt
446 1301 551 1364 Erant
574 1300 651 1366 dein
675 1302 791 1366 fratres
823 1301 958 1388 quidam
984 1301 1129 1365 Minores
1159 1303 1342 1385 rigIdiores,
1369 1297 1409 1386 qui

313 1400 521 1485 permittente
546 1397 731 1464 Caelestino
756 1398 955 1484 peculiarem
982 1398 1283 1483 Congregatiouem
1313 1421 1409 1484 paupe

312 1519 385 1560 rum
418 1497 640 1560 Eremitarum
674 1498 904 1577 efformarent3
942 1497 1000 1562 sed
1033 1509 1066 1562 et
1097 1497 1179 1562 haec
1210 1499 1409 1582 Congregatiu

313 1595 523 1659 aBonifatio
557 1594 716 1660 dissoluta
748 1605 806 1661 est.
861 1595 928 1660 Alii
952 1607 1032 1660 tunc
1063 1617 1103 1659 ex
1128 1595 1180 1660 bis
1207 1595 1251 1660 ab
1284 1595 1409 1660 Ecclesil

313 1692 513 1775 defecerunt,
542 1702 575 1757 et
599 1703 721 1758 sectam
746 1696 988 1758 constituerunt
1011 1693 1229 1774 (Fraticelli);
1262 1693 1318 1758 alii
1353 1705 1409 1756 vert

195 1776 210 1804 ⁸
228 1777 246 1804 ''
312 1811 346 1853 se
370 1792 488 1856 iterum
513 1791 648 1877 reliquis
672 1792 903 1856 Franciseauis
922 1792 1119 1877 junxerunt,
1144 1792 1201 1856 sed
1226 1792 1409 1870 Bonifatinri

312 1888 410 1953 valde
434 1911 572 1954 exosum
597 1887 752 1954 habuere.
803 1889 894 1954 Inter
924 1889 984 1953 hos
1016 1891 1079 1956 fuit
1109 1888 1345 1954 celeberrimus
1374 1889 1409 1952 Fa

310 1987 503 2072 Jacoponus
527 1986 689 2068 (lacobus
712 2009 731 2050 a
754 1987 970 2072 Benedictis),
1000 2011 1043 2053 ex
1065 1987 1224 2052 dissoluto
1244 1989 1335 2074 juris
1360 1981 1409 2076 cod

311 2085 394 2150 sulto
418 2084 640 2169 rigidissimus
659 2087 913 2168 Franciscanus,
938 2085 1036 2151 homo
1061 2085 1159 2150 valde
1183 2087 1259 2172 pius
1283 2085 1409 2180 quideua

311 2181 368 2247 sed
393 2183 497 2246 animi
520 2183 744 2248 ardentissimi
773 2194 806 2249 et
832 2183 1001 2269 popularis
1025 2193 1131 2269 potita.
1182 2184 1248 2248 Hic
1271 2187 1409 2280 acerum]

312 2282 474 2346 conviciis
503 2284 571 2346 suis
603 2292 797 2367 prosecutus
827 2293 876 2346 est
898 2281 1114 2362 Bonifatium,
1148 2282 1284 2368 ejusque
1320 2283 1409 2348 advei

311 2381 406 2443 sariis
436 2381 481 2442 ita
505 2378 665 2461 adhaesit,
690 2389 727 2444 ut
749 2403 769 2444 a
793 2379 958 2444 Bonifatio
987 2381 1297 2444 excommunicatus
1332 2383 1372 2446 sit
1398 2375 1409 2446 l

313 2499 443 2541 carcere
468 2477 631 2543 detentus.
684 2476 976 2558 Quemadmodum·
999 2499 1076 2541 vero
1101 2475 1263 2542 audacias
1286 2479 1333 2542 ad
1358 2476 1409 2560 Col

308 2575 462 2638 lestinum
478 2576 655 2661 scripserat
671 2577 846 2658 carmen,¹)
870 2596 934 2662 quo
959 2597 1034 2639 eum
1052 2585 1152 2639 terret
1174 2585 1207 2638 et
1230 2577 1296 2661 ipsi
1323 2579 1409 2650 curias]

308 2672 456 2758 pericula
480 2675 626 2759 exponit,
658 2675 705 2738 sic
729 2675 828 2738 etiam
861 2673 956 2759 plura
980 2672 1142 2738 habemus
1166 2675 1270 2758 ipsius
1305 2675 1349 2738 ad
1374 2667 1409 2752 Bi

308 2771 461 2834 alfatium
488 2773 645 2849 carmina,
671 2773 862 2857 praesertim
884 2773 1038 2856 satyrica,
1063 2773 1149 2836 inter
1172 2794 1258 2857 quae
1284 2767 1409 2856 satyral

309 2866 472 2932 celebrem
504 2880 537 2932 et
566 2869 774 2947 virulentam,
808 2871 842 2934 in
871 2891 936 2955 qua
961 2870 1164 2934 Bonifatium
1198 2883 1236 2934 ut
1259 2859 1409 2952 hominei

309 2963 406 3029 valde
434 2987 626 3051 perversum
661 2966 836 3046 exhibet.²)
867 3005 912 3015 —
943 2967 1018 3032 Non
1048 2971 1145 3052 pauci
1176 2969 1279 3051 igitur
1312 2961 1409 3055 impii

308 3063 424 3128 denter
447 3075 480 3128 et
498 3064 627 3150 judicio
652 3067 824 3129 temerario
850 3063 1006 3130 videntur
1032 3065 1191 3130 Bonifatii
1219 3069 1320 3132 varia
1349 3069 1409 3132 faci

308 3160 392 3225 male
417 3161 681 3248 interpretantes,
714 3174 747 3226 et
773 3162 856 3229 falsa
880 3163 1108 3249 conjicientes,
1142 3175 1298 3228 auctores
1334 3149 1409 3234 fuiss*

307 3279 477 3324 rumorum
509 3262 741 3345 pessimorum,
775 3261 832 3346 qui
865 3259 942 3326 dein
970 3260 1013 3325 ab
1037 3260 1126 3340 aliis,
1158 3261 1308 3326 utiliori
1344 3259 1409 3350 aelel

307 3356 406 3420 avide
429 3359 554 3442 recepti
580 3367 666 3439 sunt,
699 3359 746 3422 ita
770 3367 806 3422 ut
838 3357 997 3443 paulatim
1026 3379 1066 3422 ea
1089 3359 1230 3424 crimina
1253 3362 1351 3446 qu'se
1384 3355 1409 3440 rll

306 3465 454 3539 tempore
493 3455 644 3520 accidere
684 3454 850 3537 solebant,
889 3457 918 3519 ei
958 3456 1214 3541 imponerentur.
1272 3457 1397 3524 Pontii
1408 3453 1409 3478 l

308 3573 385 3616 vcro
411 3557 644 3638 magnanimus
668 3576 707 3618 ac
727 3553 895 3618 fortissimi
919 3555 1021 3618 animi
1047 3555 1108 3633 vir,
1133 3575 1253 3638 magno
1282 3579 1365 3621 cum
1392 3569 1409 3636 u

305 3672 384 3735 gone
407 3673 494 3737 quae
517 3673 575 3737 pro
590 3651 695 3716 salute
712 3652 882 3716 Ecclesiae
905 3653 1041 3738 ejusque
1056 3651 1191 3738 juribus
1207 3651 1409 3742 defendendi

306 3747 400 3812 utilia
431 3747 633 3813 addebantur
663 3749 939 3836 prosequebatur,
973 3751 1053 3835 quin
1085 3771 1199 3814 auram
1231 3753 1409 3837 popularei

307 3857 496 3929 sectaretur,
522 3847 618 3911 etde
642 3847 814 3912 hominum
838 3847 1045 3912 sermonibus
1068 3847 1228 3914 sollicitus
1251 3865 1359 3920 esset.
1408 3879 1409 3902 ³

379 4017 399 4081 ¹)
419 4018 497 4085 Apud
515 4015 591 4071 Tosti
611 4014 643 4067 V.
663 4015 686 4068 I.
705 4029 730 4083 p.
750 4016 810 4072 233.

380 4095 401 4166 ¹)
422 4097 472 4151 Est
499 4097 546 4152 illa
573 4102 681 4163 satyra:
709 4095 731 4150 Ο
760 4095 834 4164 Papa
860 4095 1010 4162 BonifatIo,
1038 4125 1069 4136 -
1099 4097 1183 4151 IIoIto
1210 4097 1256 4152 hai
1285 4099 1409 4168 jocatur

305 4177 400 4232 mondo
419 4184 470 4231 etc.
494 4175 527 4230 V.
547 4177 623 4232 Tosti
643 4175 663 4230 I.
682 4193 708 4244 p.
726 4176 787 4232 284.
808 4207 840 4216 -
858 4177 1012 4247 Jaoopcnns
1030 4177 1150 4233 ereditur
1168 4177 1254 4234 fnisse
1274 4193 1409 4254 sumere

305 4257 432 4325 quentiae
451 4257 551 4312 Stabat
572 4263 668 4311 rasator.
1408 4265 1409 4302 z
