2814 4848
202 459 206 466 ,
277 406 331 460 438
475 403 605 458 XXVIII
625 403 665 456 De
683 407 760 455 stetu
778 403 917 457 societatis
936 403 1027 462 christ.
1047 421 1115 460 saec.
1135 408 1213 463 XIII.

368 551 430 613 ΙΙΙ.
464 548 541 612 Item
566 547 718 610 simoniae
742 549 859 609 crimen
876 548 1065 634 pestiferum
1089 551 1252 616 ecclesiam
1288 555 1392 640 labefa-

278 658 377 726 ctans,
395 672 416 710 a
430 668 523 732 repno
538 655 646 707 nostro
660 645 787 728 penitus
803 644 1030 710 eliminandum
1047 648 1189 713 volumus
1211 662 1241 714 et
1248 651 1391 740 jubemus.

369 743 427 808 IV.
464 745 538 806 Item
558 744 782 828 promotiones,
807 740 1003 821 collationes,
1023 747 1225 829 provisiones
1249 761 1280 811 et
1304 749 1396 834 ‹lispo-¹

280 843 408 905 sitiones
428 841 698 926 pra-elaturarnm,
719 839 909 924 dipnitatum
925 839 973 906 vel
992 843 1128 907 aliorum
1150 868 1396 930 quorumcumque

280 939 497 1023 beneficiorum
513 948 542 1001 et
558 937 734 1023 officiorum
749 937 1029 1003 ecclesiasticorum
1052 945 1143 1028 repni
1163 947 1280 1027 nostri,
1306 969 1396 1008 serres-1

280 1037 355 1100 dnm
369 1037 618 1123 dispositionem,
644 1035 887 1116 ordinationem,
913 1037 1206 1105 determinationem
1222 1046 1314 1132 juris
1332 1067 1396 1106 ceree

280 1137 393 1213 munis,
418 1157 578 1198 sacrorum
601 1133 804 1198 conciliorum
822 1135 970 1200 ecclesiae
990 1138 1055 1200 Dei
1077 1149 1169 1224 atque
1191 1141 1396 1226 institutorem

282 1235 483 1317 antiquorum
506 1243 685 1296 sanctorum
698 1233 839 1312 Patrem,
859 1233 938 1314 fieri
960 1233 1100 1299 colurnus
1119 1240 1249 1322 pariter
1274 1251 1305 1302 et
1328 1239 1396 1318 eret

282 1354 402 1395 namne.
1395 1373 1396 1408 ι

371 1430 412 1494 V.
433 1431 515 1494 »ltem
539 1431 718 1492 exactiones
742 1441 772 1492 et
795 1453 892 1493 onera
907 1432 1330 1520 pravissimapecuniarnm,
1353 1453 1396 1526 pet

282 1529 402 1592 curiam
425 1531 604 1592 Romanam
628 1527 774 1590 ecclesiae
806 1530 897 1612 repne'
919 1531 1023 1592 nostri
1050 1531 1218 1616 impositas
1240 1531 1292 1594 vel
1317 1527 1396 1616 impol

281 1627 356 1708 sita,
381 1626 492 1712 quibus
514 1649 642 1712 repetem
665 1635 807 1689 nostram
836 1627 1060 1690 miserabiliter
1083 1629 1335 1714 depauperatum
1358 1649 1396 1688 em

282 1724 373 1800 stitit,
398 1725 461 1788 siue
485 1725 579 1787 ctiam
594 1721 802 1808 imponendas
822 1734 879 1786 aut
893 1725 1097 1810 imponenda,
1114 1726 1217 1790 levari
1233 1739 1291 1790 aut
1306 1725 1396 1808 callist

282 1821 464 1886 nullatenus
486 1821 637 1898 uolumus,
661 1823 727 1885 nisi
742 1823 911 1886 eontanas
921 1845 985 1908 pro
1001 1826 1200 1902 rationabili,
1222 1828 1285 1911 pia
1310 1837 1339 1888 et
1361 1847 1396 1890 un

282 1921 465 2005 peritissima
488 1943 585 1984 eausa
615 1919 795 1984 ineuitabili
824 1922 1018 1998 necessitate,
1050 1933 1079 1985 et
1111 1923 1150 1986 de
1174 1935 1350 2008 spontaneo
1380 1946 1391 1984 e

284 2041 433 2106 capresso
457 2041 609 2082 consensu
631 2029 749 2096 nostro,
774 2030 804 2082 et
827 2021 930 2105 ipsius
954 2020 1102 2084 eeclesiae
1125 2024 1216 2106 repni
1239 2025 1352 2086 nostri.
1395 2083 1396 2134 1

373 2117 433 2181 VI.
465 2117 542 2179 Item
566 2116 737 2192 libertates,
753 2115 967 2201 franchisias,
992 2121 1215 2196 immunitates,
1238 2141 1396 2222 praesopus

285 2218 361 2294 tiva,
377 2221 458 2304 jura
482 2226 512 2278 et
531 2214 703 2300 priuilepia
724 2237 784 2299 per
805 2212 944 2301 inclytae
967 2217 1200 2281 recordationis
1217 2187 1396 2280 Francorn

285 2338 380 2400 repes,
399 2315 661 2400 praedecessores
690 2323 824 2390 nostros,
858 2324 888 2376 et
911 2315 1079 2376 successive
1098 2339 1162 2401 per
1183 2338 1242 2378 nos
1266 2315 1385 2378 ecclesii

285 2413 488 2476 monasteriis
505 2423 596 2496 atque
621 2411 698 2475 locis
715 2412 795 2496 piis,
819 2409 987 2496 relipiosis,
1012 2435 1131 2476 necnon
1148 2416 1301 2499 personis
1325 2383 1396 2484 wall

287 2511 426 2575 siasticis
457 2511 547 2596 repni
568 2510 672 2572 nostri
695 2530 856 2572 concessas
880 2519 910 2571 et
941 2530 1086 2572 concessa
1115 2511 1316 2592 innovamus,
1349 2491 1396 2578 lei

288 2609 409 2688 damus,
435 2608 658 2722 approbamus,
683 2618 712 2670 et
736 2607 954 2690 confirmamus
972 2631 1034 2693 per
1051 2619 1248 2692 praesentes.
1290 2564 1396 2696 blanel

289 2717 393 2770 tenore
417 2727 574 2768 universes
590 2706 793 2794 justitiariis,
822 2704 992 2788 officiariis
1023 2717 1052 2768 et
1076 2705 1212 2769 subditis
1235 2709 1355 2770 nostris·
1380 2705 1396 2776 d

288 2803 357 2868 loca
392 2803 576 2881 tenentibus,
604 2803 829 2888 praesentibus
860 2813 890 2864 et
912 2801 1051 2887 futuris,
1082 2815 1113 2867 et
1142 2827 1249 2868 eorum
1276 2777 1396 2888 cuilibi

285 2913 382 2988 prout
370 2901 460 2966 tad
473 2925 541 2966 eum
562 2901 766 2988 pertinuerit,
798 2901 940 2963 districte
959 2901 1190 2986 praecipiendo
1215 2881 1396 2970 mandamni

288 3011 442 3086 quatenus
466 3000 572 3062 omnia
596 3010 625 3062 et
648 2999 774 3083 sinpnla
791 2999 966 3083 praedicta
981 2997 1149 3084 dilipenter
1165 3011 1194 3064 et
1209 3011 1326 3064 attente
1352 3021 1396 3063 ser

290 3110 369 3176 vent,
394 3108 521 3161 teneant
544 3108 574 3159 et
598 3097 787 3177 custodiant,
818 3108 910 3182 atque
935 3097 1057 3160 servari
1089 3109 1118 3160 et
1142 3099 1242 3162 teneri
1264 3109 1295 3160 et
1315 3089 1396 3162 creste

290 3197 356 3260 diri
378 3196 607 3260 inuiolabiliter
621 3195 764 3280 faciant,
796 3217 851 3257 nec
875 3192 999 3278 aliquid
1022 3197 1056 3258 in
1080 3197 1274 3260 contrarium
1306 3193 1396 3280 qemi

288 3295 380 3360 modo
396 3295 531 3380 faciant
555 3295 602 3359 sel
625 3303 785 3376 attentent,
811 3315 864 3356 seu
878 3292 957 3376 fleri
979 3292 1028 3355 vel
1043 3295 1198 3356 attentari
1212 3295 1396 3378 permittant

290 3409 538 3478 transpressores
573 3402 628 3455 ant
657 3401 767 3454 eontra
792 3391 953 3476 facientes
976 3395 1075 3480 joma
1106 3413 1198 3454 cassus
1225 3391 1396 3475 exigendas

291 3493 351 3557 tali
368 3515 477 3578 poena
495 3491 674 3576 plectendo,
703 3491 785 3576 qnod
809 3491 942 3553 caeteris
973 3490 1118 3574 deinceps
1142 3487 1234 3551 cedet
1256 3489 1289 3550 ιἰι
1315 3507 1396 3550 ecem

284 3591 386 3680 plum.
411 3629 455 3638 -
478 3591 517 3652 In
541 3613 671 3674 quorum
688 3590 825 3652 omnium
848 3599 877 3650 et
890 3587 1084 3672 sinpulorum
1100 3587 1305 3651 testimonium
1319 3607 1396 3671 pras

291 3701 390 3754 sentes
424 3689 549 3752 litteras
582 3687 683 3774 sipilli
709 3689 812 3750 nostri
842 3687 1035 3771 appensione
1058 3687 1177 3748 muniri
1198 3684 1345 3769 fecimus.
1371 3717 1396 3734 ἡ

290 3790 411 3852 Datum
435 3789 574 3851 Parisiis
597 3810 680 3849 anno
705 3786 837 3866 Domini
861 3786 958 3859 1268,
982 3805 1084 3846 neeesse
1109 3783 1274 3862 Martio.¹)

366 4037 387 4100 ¹)
406 4035 505 4098 Lebbc,
525 4035 573 4090 XI.
593 4036 653 4088 t'OI.
677 4065 707 4072 —
734 4033 758 4084 S.
778 4031 930 4086 Ludovicus
955 4031 982 4084 in
1002 4031 1058 4084 suis
1077 4029 1217 4096 rescriptis
1236 4029 1396 4096 publicisne

292 4131 355 4170 num
367 4115 514 4184 Incipiebst
526 4131 543 4169 s
556 4115 627 4168 festo
641 4114 789 4178 Pasehetis,
803 4113 872 4178 quod
887 4127 911 4166 s.
923 4112 992 4164 1‘268
1003 4109 1139 4163 incidebat
1153 4110 1179 4164 In
1191 4110 1261 4163 diem
1272 4111 1326 4161 Sum
1337 4105 1396 4171 ser}

291 4195 339 4263 lis;
359 4196 478 4262 adeoquo
497 4195 595 4249 mensis
614 4194 732 4248 Martius
757 4192 802 4258 qui
822 4191 865 4246 hic
884 4191 1020 4244 indicetur
1039 4189 1159 4258 pertiuet
1178 4189 1213 4242 sd
1232 4185 1396 4242 annunciet
