2850 4834
299 475 352 530 146
514 475 615 530 XXXI.
636 475 676 528 De
695 475 842 529 abolitione
861 474 970 529 Ordinis
988 475 1208 544 Temptabam,

299 621 526 707 Baphometum
557 616 775 703 probabiliter
804 616 1025 704 appellavere.
1081 619 1170 682 Dein
1205 613 1277 684 vero
1308 623 1405 706 potuit

300 717 382 782 illud
415 739 535 781 nornen
567 719 751 801 generatim
782 715 911 800 objecto
943 716 1050 780 cultus
1080 719 1290 803 superstitiosi
1314 719 1405 804 appli-

300 819 378 898 cari,
414 818 459 881 ita
483 826 520 879 ut
542 813 679 896 idolum,
704 813 885 878 amuletum
911 814 964 879 vel
990 815 1188 898 symbolum,
1218 817 1300 902 quod
1323 817 1406 880 Tem·

300 914 397 1000 piarii
428 913 530 998 aliqui
567 923 813 992 venerarentur,
846 933 959 976 eorum
990 913 1218 998 Baphometus
1247 914 1406 978 diceretur.

388 1013 443 1078 57.
484 1012 658 1092 Quomodo
673 1021 784 1074 autern
802 1011 1026 1094 ingredientes
1042 1011 1085 1076 ad
1103 1013 1223 1096 impios
1237 1015 1317 1076 ritus
1333 1011 1407 1078 dolo.

300 1111 334 1173 vi
365 1111 578 1194 persuasione
608 1108 863 1190 adducerentur,
896 1131 939 1172 ex
968 1131 1123 1194 processu
1154 1113 1233 1174 satis
1263 1111 1408 1178 clarescit.

299 1230 339 1272 ac
378 1207 600 1292 depositiones
639 1206 702 1271 hac
736 1210 770 1272 in
805 1229 840 1270 re
874 1207 1098 1272 characterem
1136 1231 1215 1294 prae
1249 1233 1281 1274 se
1312 1211 1409 1274 ferunt

301 1308 509 1372 sinceritatis.
535 1305 570 1370 Si
587 1306 857 1390 praevidebatur,
883 1305 1027 1391 aliquem
1052 1307 1174 1370 adduci
1201 1307 1243 1370 ad
1261 1307 1406 1394 ejusmodi

298 1407 399 1468 ritum
413 1427 478 1468 non
492 1426 597 1489 posse,
615 1402 833 1490 probabiliter
844 1425 919 1467 eum
935 1404 1141 1469 omittebant.
1166 1405 1188 1470 J
1191 1427 1243 1469 am
1258 1409 1408 1469 maximus

300 1513 370 1567 erat
401 1503 525 1566 abusus
561 1501 650 1587 apud
683 1501 900 1587 Templarios,
937 1502 1026 1588 quod
1058 1504 1128 1566 sine
1163 1501 1228 1566 ullo
1260 1507 1407 1567 novitiatu

300 1603 410 1665 statim
443 1621 502 1686 pro
535 1599 691 1684 professis
722 1598 942 1664 habebantur.
997 1598 1171 1664 Caeterum
1205 1623 1270 1664 non
1303 1601 1409 1664 debent

300 1700 485 1784 comparari
511 1696 567 1779 iili,
594 1699 648 1782 qui
675 1707 784 1761 nostro
810 1709 958 1782 tempore
982 1719 1023 1761 ex
1049 1701 1222 1762 vocatione
1247 1710 1279 1762 et
1303 1701 1408 1784 pietate

299 1797 493 1882 religionem
518 1795 762 1880 ingrediuntur,
788 1817 862 1858 cum
880 1797 930 1874 iis,
956 1797 1012 1881 qui
1030 1794 1085 1859 illo
1103 1807 1251 1880 tempore
1264 1795 1403 1863 Ordineu

298 1895 429 1980 Templi
470 1891 649 1957 intrabant.
703 1892 853 1957 Maxima
892 1915 932 1955 ex
967 1903 1060 1978 parte
1091 1905 1186 1957 eraut
1218 1893 1359 1958 illiterati
1386 1911 1408 1954 et

298 1994 397 2058 rudes
429 1991 593 2072 moribus3
628 2013 797 2076 quumque
828 1992 861 2054 in
888 1991 958 2076 ipso
984 1990 1112 2056 Ordine
1143 1999 1272 2055 tantum
1298 1991 1348 2054 bis
1370 1989 1408 2052 vel

298 2101 349 2154 ter
384 2113 443 2176 per
474 2110 599 2154 annum
633 2090 855 2174 poeniteutiae
890 2103 924 2152 et
959 2088 1178 2152 eucharistiae
1219 2106 1408 2153 sacramenta

299 2190 552 2273 susciperentur,
567 2187 656 2251 haud
669 2187 860 2272 frequenter
875 2199 973 2250 antea
988 2209 1043 2251 eos
1060 2186 1278 2252 Sacramenta
1294 2188 1408 2252 adiisse.

299 2288 415 2351 merito
441 2286 647 2371 conjicimus.
695 2285 793 2348 Tales
817 2294 928 2348 autem
959 2283 1091 2348 facilius
1123 2284 1165 2348 ad
1193 2287 1277 2349 ritus
1309 2288 1410 2370 impios

297 2385 503 2472 peragendos
528 2383 649 2447 adduci
674 2391 834 2468 poterant.

388 2483 441 2548 58.
490 2483 656 2566 Superest,
689 2490 726 2544 ut
753 2502 861 2566 pauca
893 2480 1044 2544 dicamus
1068 2480 1109 2544 de
1134 2483 1325 2544 narratione
1348 2483 1410 2543 satis

298 2578 445 2664 vulgata,
470 2601 536 2664 qua
560 2579 709 2659 refertur,
734 2577 899 2644 Jacobum
922 2577 1087 2642 Molaeum
1113 2577 1252 2644 Ordinis
1276 2577 1421 2663 Temple-1

298 2680 423 2742 riorum
441 2679 649 2761 Magistrum,
675 2698 777 2761 quum
803 2676 919 2741 ultimo
944 2679 1014 2760 rogi
1039 2675 1203 2762 supplicio
1228 2678 1409 2741 afficeretur.

298 2775 498 2840 allocutione
522 2775 565 2839 ad
589 2775 749 2861 populum
774 2774 889 2839 habita
913 2786 1132 2838 contestatum
1157 2797 1238 2856 esse,
1274 2799 1309 2839 se
1331 2790 1421 2860 antea

299 2896 367 2940 non
391 2875 454 2937 nisi
479 2875 650 2938 tormentis
674 2882 826 2936 coactum
845 2873 947 2936 variis
972 2873 1168 2936 criminibus
1193 2872 1355 2937 Ordinem
1377 2865 1421 2948 ini

300 2973 453 3053 famasse,
487 2971 584 3035 modo
609 2991 687 3035 vero
712 2973 824 3034 testari
850 2971 923 3055 ejus
952 2972 1177 3034 innocentiam
1203 2979 1237 3032 et
1262 2971 1409 3050 integrita-

300 3081 377 3136 tem.
408 3070 497 3134 Dein
522 3071 629 3154 ipsum
656 3071 775 3132 citasse
801 3067 1007 3132 Clementem
1026 3069 1056 3131 V
1081 3067 1282 3132 Pontificem
1308 3081 1339 3131 et
1352 3067 1409 3131 Phi·

299 3169 428 3255 lippum
453 3189 564 3251 regem
589 3167 630 3231 ed
655 3167 801 3231 tribunal
827 3167 981 3231 divinum
1006 3165 1141 3244 Christi,
1172 3164 1270 3230 illum
1295 3165 1408 3253 quiden

300 3269 388 3332 intra
421 3265 491 3330 dies
524 3265 756 3351 quadraginta,
788 3265 877 3329 hunc
901 3287 980 3329 vero
1012 3267 1098 3328 intra
1128 3287 1268 3332 annum.
1318 3265 1420 3345 anrn.

300 3387 379 3428 vero
396 3364 552 3427 Pontifex
577 3372 609 3426 et
632 3386 691 3427 rex
714 3385 832 3426 revera
854 3361 949 3426 brevi
974 3374 1048 3449 post
1064 3373 1168 3426 morte
1183 3361 1406 3449 abriperentur.

300 3463 486 3527 vindictam
513 3461 663 3526 divinam
688 3463 721 3524 in
747 3461 974 3524 testimonium
999 3462 1210 3524 innocentiae
1225 3460 1408 3546 Templario-

300 3583 374 3624 rum
396 3581 438 3623 ex
455 3558 631 3623 eventibus
648 3562 795 3643 agnitam
812 3559 923 3624 luisse.
949 3597 990 3606 —
1016 3558 1188 3643 Ejusmodi
1206 3557 1324 3623 relatio
1338 3553 1406 3642 apud

300 3669 616 3730 auctorescoaevos
639 3680 706 3720 non
732 3657 910 3722 invenitur.
959 3655 1130 3741 Supplicio
1156 3655 1310 3740 Magistri
1333 3656 1408 3718 Tem·

301 3756 482 3842 plariorum
499 3753 747 3819 multitudinem
758 3753 915 3835 adfuisse,
940 3776 1082 3840 eumque
1097 3764 1176 3818 tnnc
1191 3753 1407 3818 allocutionem

301 3853 342 3917 ad
369 3875 441 3917 eam
467 3851 632 3934 habuisse,
665 3851 762 3938 plane
787 3850 1005 3936 improbabile
1037 3863 1096 3916 est.
1143 3851 1305 3916 Vidimus
1327 3853 1407 3914 enirn.

302 3951 503 4038 supplicium
539 3950 610 4036 ejus
641 3961 673 4014 et
704 3951 932 4034 Praeceptoris
962 3949 1186 4014 Normanniae
1221 3972 1355 4037 vespere
1384 3947 1406 4008 iu

302 4047 411 4113 insula
442 4047 616 4133 Sequanae
644 4047 785 4134 jubente
816 4047 972 4132 Philippo
1008 4049 1073 4112 cito
1106 4057 1281 4133 peractum
1310 4049 1405 4111 fuisse:

300 4149 389 4230 regis
420 4149 586 4212 intererat.
620 4158 657 4208 ut
687 4148 758 4209 sine
790 4147 976 4208 animorum
1002 4147 1223 4209 commotione
1257 4147 1326 4233 ejus
1352 4165 1405 4206 sen·

302 4247 405 4308 tentia
435 4253 485 4308 sat
516 4244 691 4308 arbitraria
724 4245 914 4308 executioni
950 4243 1172 4308 mandaretur.
1230 4245 1282 4308 Ac
1312 4243 1405 4308 meriti
