2964 4838
475 433 540 490 Pius
559 432 602 488 111
621 438 650 488 et
667 432 758 490 Julius
777 433 813 492 11.
1155 435 1209 489 455

88 589 181 645 etex
203 579 274 666 ipso
298 575 512 657 Burchardo,
537 575 616 642 inde
639 601 659 642 a
683 576 738 642 die
763 577 822 644 12⁰
845 577 989 661 Augusti
1012 576 1210 642 Pontificem

88 675 168 744 male
191 673 346 740 habuisse
370 684 403 740 et
425 675 517 740 febre
540 673 718 758 laborasse,
742 698 782 742 ac
806 676 1023 742 sacramentis
1038 674 1210 740 Ecclesiae

87 775 145 838 rite
169 773 348 855 munitum,
374 771 489 840 morbo
514 774 783 858 ingravescente,
814 784 889 860 post
910 772 1037 860 aliquot
1060 773 1131 838 dies
1154 795 1209 837 ex-

86 871 267 956 spirasse.¹)
541 935 548 946 ,

170 969 225 1036 58.
259 968 360 1032 Pius
384 968 436 1034 ΠΙ
459 992 489 1036 a.
515 969 612 1034 1503.
637 1006 680 1016 —
704 968 784 1034 Post
806 979 945 1034 mortem
958 967 1143 1034 Alexandri
1159 967 1208 1032 VI

86 1065 207 1130 Caesar
229 1064 351 1150 Borgia
375 1066 536 1132 tumultus
557 1065 719 1152 quosdam
743 1067 914 1140 excitavit,
939 1064 997 1130 sed
1021 1086 1100 1130 mox
1123 1086 1209 1131 sece-

86 1163 161 1228 dere
185 1174 320 1230 coactus
345 1166 402 1232 est.
443 1165 591 1230 Remotis
614 1165 717 1249 igitur
739 1166 797 1250 qui
817 1165 886 1228 vim
904 1163 1024 1230 inferre
1046 1172 1210 1250 poterant,

86 1260 278 1330 Cardinales
303 1260 471 1328 Conclave
502 1263 659 1347 ingressi,
695 1284 798 1347 quum
822 1260 1034 1346 disciplinam
1058 1260 1210 1328 ecclesia-

85 1360 200 1426 sticam
223 1358 459 1442 labefactatam
483 1359 662 1426 admodum
688 1358 948 1445 perpenderent,
985 1369 1211 1446 vexatumque

84 1456 225 1522 assiduis
260 1457 445 1524 infidelium
482 1457 729 1523 incursionibus
763 1455 981 1522 christianum
1017 1457 1209 1544 Imperium,

85 1554 242 1622 nonnulla
273 1558 393 1620 iterum
417 1558 609 1641 pactionum
635 1557 763 1644 capita,
781 1635 784 1640 1
799 1553 921 1641 quibus
950 1576 1074 1619 novum
1098 1555 1209 1619 Ponti·

85 1652 179 1716 ficem
225 1652 471 1738 obstringerent
521 1652 756 1738 designarunt,
806 1674 944 1740 quorum
992 1654 1210 1739 praecipuum

84 1749 155 1830 fuit,
181 1760 217 1814 ut
241 1764 437 1816 excurrente
460 1750 612 1838 proximo
636 1750 772 1814 biennio
792 1749 955 1816 solemnes
979 1751 1210 1837 episcoporum

83 1850 183 1912 totius
216 1845 305 1912 orbis
338 1859 450 1914 coetus
484 1847 745 1930 celebrarentur,
782 1870 821 1912 ac
854 1857 1043 1912 recurrente
1078 1869 1210 1934 quoquo

83 1946 226 2012 triennio
258 1947 531 2012 instaurarentur.
578 1945 671 2010 Haec
701 1944 839 2034 polliciti
864 1947 979 2011 Patres
1010 1944 1149 2032 singuli,
1182 1947 1210 2010 si

82 2041 124 2106 ad
149 2043 382 2128 pontificatum
406 2042 503 2108 evehi
529 2045 749 2128 contingeret,
774 2055 891 2108 octavo
916 2043 970 2109 die
995 2043 1210 2108 Franciscum

84 2139 298 2206 Cardinalem
334 2139 636 2222 Piccolomineum,
670 2142 723 2206 Pii
755 2141 787 2206 Π
823 2165 865 2207 ex
901 2164 1011 2206 sorore
1045 2151 1209 2229 nepotem,

81 2237 278 2303 Pontificem
304 2249 460 2304 crearunt
476 2239 568 2304 It’um
584 2239 641 2303 ΙΙΙ
658 2237 872 2325 appellatum,
897 2240 991 2326 cujus
1014 2240 1105 2304 fania
1119 2239 1211 2304 boni·

82 2338 159 2400 tatis
184 2337 288 2402 animi
305 2338 455 2402 omnium
480 2335 522 2402 ad
547 2335 632 2400 bene
651 2335 723 2423 jam
748 2335 790 2401 de
808 2336 967 2421 religione
990 2335 1097 2424 deque
1113 2336 1212 2401 rebus

82 2433 239 2500 humanis
272 2433 473 2520 sperandum
508 2435 644 2500 excitati
678 2435 781 2500 suere.
829 2435 894 2500 Sed
919 2435 999 2500 Pius
1030 2457 1073 2498 ex
1102 2433 1211 2499 ulcere

82 2534 206 2614 cruris,
248 2555 313 2618 quo
345 2533 404 2597 diu
437 2529 664 2612 laboraverat,
698 2531 866 2616 trigesimo
902 2543 976 2620 post
1011 2533 1210 2598 creationem

81 2629 137 2694 die
169 2629 311 2696 decessit
344 2631 412 2714 (die
439 2631 496 2696 18⁰
520 2630 676 2696 Octobris
702 2629 818 2718 1503),
854 2630 959 2696 nihilo
993 2653 1101 2694 rerum
1133 2653 1211 2695 ase

80 2737 173 2808 gesto
199 2751 281 2813 quas
305 2731 452 2796 maximo
476 2730 587 2794 animo
617 2738 824 2814 conceperat.
871 2729 957 2795 Nam
982 2743 1015 2793 et
1037 2728 1211 2795 ecclesiam

80 2825 267 2892 Romanam
301 2827 497 2909 reformare,
533 2823 722 2892 Concilium
745 2825 929 2910 celebrare,
964 2837 998 2890 et
1025 2827 1057 2891 in
1083 2827 1212 2892 Tuscus

81 2921 248 3010 proficisci
272 2925 430 2992 avunculi
455 2925 639 2990 imitatione
663 2926 863 3007 statuerat.²)

172 3021 227 3086 59.
263 3021 411 3088 Julius
435 3021 469 3088 ΙΙ
502 3023 773 3110 (1503-1513).
804 3061 846 3070 -
877 3022 944 3088 cfr.
969 3021 1123 3108 Raynald
1147 3021 1211 3088 Aa·

81 3119 175 3186 aulea
210 3144 241 3184 a.
278 3123 366 3187 1503
381 3159 424 3168 -
442 3123 539 3186 1513.
576 3160 619 3168 -
655 3119 780 3204 Balan,
817 3119 925 3186 Storia
964 3121 995 3183 d’
1011 3119 1112 3186 Italia
1146 3121 1211 3185 LL.

82 3217 234 3282 XXXIX.
258 3217 326 3282 XL.

172 3313 280 3380 Justis
310 3315 484 3382 funeribus
508 3315 567 3380 Pio
591 3317 643 3381 111
679 3313 872 3403 persolutis,
908 3315 1104 3381 Cardinales
1129 3315 1211 3382 Con·

82 3411 179 3476 clave
204 3413 343 3497 ingressi
359 3413 517 3480 Calendis
530 3413 730 3479 Novembris
754 3436 888 3479 erexere
913 3417 947 3478 in
963 3423 1211 3480 sacrosanctum

81 3559 298 3568 ——--—-———-—-

158 3645 179 3712 ¹)
198 3644 254 3700 Gir.
275 3643 408 3712 Raynald
428 3661 453 3701 a.
473 3647 551 3702 1503.
571 3661 597 3700 u.
618 3647 649 3700 ll
681 3673 711 3686 -
734 3645 773 3700 De
791 3643 855 3700 tiliis
874 3644 1022 3700 Alexandri
1044 3645 1083 3700 VI
1100 3645 1149 3703 cir.
1169 3645 1211 3700 ci-

82 3726 157 3782 viles
174 3725 303 3782 cettolica
321 3740 346 3781 a.
367 3724 446 3782 1873.
465 3741 491 3782 v.
513 3727 537 3781 1.
556 3742 582 3792 p.
602 3725 661 3780 718.
701 3725 743 3780 Ex
761 3725 930 3780 documentis
949 3740 981 3780 ee
1000 3741 1069 3792 qnae
1087 3727 1211 3794 superius

81 3805 201 3859 diximus
219 3803 318 3858 ibidem
337 3803 537 3869 confirmantur,
558 3809 640 3870 atque
659 3805 743 3859 etiam
761 3803 924 3869 ostenditur,
944 3805 1041 3874 negari
1060 3821 1210 3874 nonposse‚

81 3893 206 3952 tempore
224 3883 407 3952 pontificatus,
426 3899 520 3938 versus
534 3899 634 3938 annium
647 3885 725 3949 1491,
745 3883 827 3938 alium
841 3883 927 3939 lilium
938 3885 1071 3940 Joannam
1084 3891 1210 3941 vocatum

81 3963 269 4018 Alexandrum
289 3979 321 4018 ex
341 3963 424 4018 vidua
443 3964 566 4018 Romana
584 3965 719 4033 genuisse¹
758 3965 790 4019 In
816 3963 912 4019 arbore
937 3965 1115 4036 genealogice
1138 3967 1211 4021 bita·

81 4043 172 4098 dellae
190 4044 278 4098 adhuc
296 4043 434 4099 indicatur
452 4043 591 4100 Girolaros
609 4050 639 4100 et
657 4045 712 4099 sliu
730 4043 818 4111 proles
837 4044 896 4100 NN.
916 4045 968 4113 (Cf.
988 4046 1087 4101 Nemee
1106 4046 1122 4100 1.
1143 4062 1164 4100 c.
1183 4047 1212 4100 in

80 4123 157 4190 fine.)
193 4123 244 4178 Sed
263 4121 295 4180 de
313 4123 355 4178 his
374 4123 484 4178 videtur
503 4140 546 4180 res
567 4125 672 4180 incerta
690 4141 756 4180 ease.
1154 4154 1157 4162 ·

157 4211 180 4284 ²)
199 4212 344 4267 Volaterra
362 4230 404 4282 ap¹
426 4213 559 4281 Raynald.
579 4231 603 4272 a.
625 4216 705 4270 1503.
728 4230 773 4268 nn.
795 4215 907 4267 13-15.
