3000 4838
132 2151 181 2193 con
165 2153 284 2202 ngregstlo

296 439 331 494 66
491 439 595 494 xxm.
615 440 655 494 De
673 446 749 494 statu
768 438 867 494 Euclea.
886 439 970 510 priori
988 441 1076 496 medio
1094 459 1164 500 saec.
1184 444 1246 498 XII.

297 580 519 664 Cardinalem,
555 584 647 670 isque
671 583 829 669 adjuncto
853 582 916 646 sibi
941 585 1159 669 Lugdunensi
1184 589 1324 674 primate
1349 589 1419 655 Hu-

295 681 409 763 baldo,
442 682 596 745 Pontium
620 681 757 767 ejusque
781 702 938 766 sequaces
961 683 1142 748 Pontianus
1171 688 1227 772 qni
1252 687 1418 752 vocaban-

294 789 364 862 tur,
409 778 619 843 anathemate
656 780 829 863 percussit.
883 779 1040 845 Pontium
1078 784 1228 867 protinus
1265 787 1421 850 accersiit

295 878 463 943 Honorius
477 875 512 940 11
535 876 633 940 etad
657 898 798 942 examen
814 875 1027 961 Apostolicae
1052 877 1148 944 Sedis
1171 881 1302 946 adstare
1325 905 1419 970 prae·

295 979 383 1063 cepit
397 977 558 1039 rationem
574 975 793 1040 redditurum.
827 975 874 1038 At
897 974 951 1040 ille
974 977 1114 1064 Romam
1139 1001 1277 1045 vemens
1289 981 1419 1067 Papam

294 1074 386 1138 adire
412 1071 548 1154 distulit,
574 1071 694 1159 dieque
718 1072 930 1136 denominato
955 1074 998 1138 ad
1014 1073 1173 1159 placitum
1198 1083 1420 1145 summonitus

293 1174 409 1236 venire
441 1172 561 1252 renuit,
601 1180 633 1234 et
670 1172 1048 1236 excommunicationem
1079 1173 1250 1240 Pontificio
1280 1180 1420 1262 sprevit.

297 1269 362 1351 Qui
389 1279 499 1332 tamen
524 1288 600 1332 cum
625 1269 695 1352 ipso
713 1277 874 1332 venerant
889 1268 1060 1334 humiliter
1075 1293 1110 1335 se
1128 1271 1267 1337 Honorii
1285 1275 1420 1360 judicio

293 1368 528 1434 submiserunt.
574 1365 730 1430 Pontifex
762 1367 864 1451 igitur
896 1369 1121 1452 quaestionem
1159 1372 1237 1434 satis
1267 1381 1418 1456 apertam

293 1489 352 1531 sua
376 1465 540 1529 sententia
564 1465 764 1546 terminavit,
789 1485 829 1528 ac
844 1464 941 1528 Petro
959 1463 1152 1531 Venerabili
1172 1468 1245 1553 jam
1269 1469 1311 1534 ab
1328 1492 1419 1535 anno

295 1564 381 1629 1122
417 1562 530 1627 abbati
555 1583 669 1626 omnes
690 1561 926 1626 Cluniacenses
950 1563 1085 1629 obedire
1104 1565 1215 1651 jussit.
1265 1565 1419 1632 Contem-

294 1673 420 1748 ptorem
451 1683 529 1724 vero
553 1660 708 1723 Pontium
733 1659 901 1724 Honorius
936 1661 1173 1746 comprehendi
1206 1661 1294 1747 fecit,
1327 1688 1420 1731 man-

292 1761 451 1845 davitque
467 1759 591 1824 Romae
615 1757 795 1843 custodiae,
820 1757 877 1822 ubi
902 1759 996 1824 brevi
1020 1772 1094 1846 poet
1117 1783 1230 1826 mense
1252 1763 1417 1828 Januario

293 1882 323 1925 a.
345 1859 438 1940 1126,
462 1867 631 1942 grassante
643 1855 758 1920 morbo
771 1857 936 1942 pestifero,
948 1858 1086 1924 Pontius
1103 1858 1261 1925 occubuit
1277 1871 1310 1926 et
1325 1864 1419 1926 viam

294 1958 468 2021 universae
493 1955 602 2018 carnis
626 1955 793 2038 ingressus
816 1953 906 2040 ost.¹)

386 2088 437 2153 70.
491 2087 616 2154 Similis
662 2097 742 2152 tunc
788 2089 888 2152 etiam
934 2090 968 2152 in
1016 2087 1231 2155 celeberrima
1280 2090 1420 2156 abbatia

131 2213 175 2256 cn
177 2215 283 2256 ιιιιιιιιιι
295 2188 483 2253 Cassinensi
509 2185 712 2273 perturbatio
738 2187 874 2250 exstitit.
908 2187 1075 2252 Honorius
1091 2189 1142 2252 sui
1166 2188 1303 2253 exordio
1328 2188 1420 2254 sedis

294 2291 337 2369 (a.
364 2287 462 2366 1125)
486 2293 642 2370 expertus
666 2283 890 2350 Oderisium
875 2287 1041 2370 juniorem
1067 2285 1224 2350 abbatem
1240 2285 1419 2352 Caseinen-

292 2406 362 2448 sem
392 2383 561 2448 hominem
594 2382 774 2468 superbum
812 2392 845 2446 et
879 2381 1082 2464 bellicosum,
1121 2395 1349 2451 contumacem
1383 2397 1419 2451 et

293 2484 424 2568 penitus
447 2482 687 2562 refractariurn,
712 2480 784 2565 eius
808 2479 997 2565 superbiam
1022 2481 1121 2565 fregit
1144 2484 1318 2570 ipsumque
1340 2483 1418 2550 loco

293 2581 455 2667 deposuit,
479 2589 512 2644 et
536 2581 570 2644 in
595 2581 800 2664 oppositione
823 2580 1027 2664 pertinacem
1051 2589 1150 2666 atque
1166 2579 1263 2645 Sedis
1276 2581 1419 2667 Aposto-

294 2679 378 2744 licae
402 2687 662 2764 contemptorem
686 2676 821 2742 demum
845 2679 1159 2744 excommunicavit.
1206 2679 1418 2745 Auctoritate

291 2777 484 2863 Apostolica
522 2785 633 2840 autem
672 2777 795 2856 statuit,
835 2785 873 2838 ut
905 2774 1095 2840 Senioretus
1126 2774 1230 2840 abbas
1262 2775 1418 2861 Capuani

292 2876 481 2940 monasterii
506 2877 541 2938 in
561 2873 715 2938 abbatem
740 2871 1032 2938 aOassinensibus
1055 2875 1285 2960 susciperetur,
1310 2895 1417 2960 quum

292 2975 319 3038 is
351 2995 412 3058 par
435 2971 604 3036 videretur
634 2971 831 3057 disciplinae
862 2969 1025 3056 collapsae
1053 2970 1299 3038 restaurandae.
1347 2972 1417 3040 Sed

292 3069 540 3135 Cassinensium
581 3091 666 3155 pars,
705 3068 856 3155 pluribus
891 3069 1204 3151 contradicentibus,
1235 3080 1418 3156 antequam

290 3168 461 3233 Pontificio
491 3166 685 3233 mandatum
709 3167 753 3231 ad
777 3188 832 3231 eos
862 3169 1076 3252 pervenisset,
1108 3167 1285 3232 Nicolaum
1318 3168 1417 3234 deca-

290 3288 371 3332 num
396 3266 596 3331 monachum
621 3267 654 3331 in
679 3285 902 3330 successorem
926 3262 1070 3330 Oderisii
1093 3264 1246 3350 elegerat,
1271 3288 1311 3330 ac
1334 3265 1416 3332 dein

290 3364 445 3429 Pontifici
480 3365 632 3450 obsequi,
664 3373 700 3427 ut
734 3362 942 3429 Senioretum
985 3364 1180 3448 susciperet,
1220 3363 1415 3430 declinavit.

291 3462 403 3544 Quum
427 3484 506 3527 vero
531 3485 592 3526 nec
616 3459 788 3528 Oderisius
821 3483 940 3524 munus
976 3483 1073 3526 suum
1106 3461 1271 3526 dimittere
1303 3459 1416 3546 vellet,

292 3562 510 3646 interipsum
535 3571 568 3624 et
589 3558 766 3624 Nicolaum
798 3557 960 3624 militibus
984 3559 1108 3623 coactis
1140 3559 1310 3645 aliquanto
1334 3568 1417 3624 tem-

289 3681 368 3745 pore
405 3657 600 3723 dimicatum
647 3667 708 3738 est,
763 3668 796 3721 et
840 3655 996 3721 abbatiae
1045 3657 1132 3721 bona
1182 3657 1342 3742 dissipata
1382 3667 1417 3722 et

289 3765 419 3821 vastata
457 3767 542 3822 sunt.
593 3757 739 3821 Demum
778 3765 889 3819 tamen
923 3753 1096 3821 Oderisius
1126 3754 1275 3820 Honorio
1305 3754 1339 3818 11
1379 3779 1416 3821 se

290 3853 452 3936 submisit,
477 3865 510 3918 et
532 3854 671 3919 Romam
695 3855 834 3918 veniens
858 3854 1098 3938 poenitentiam
1123 3854 1213 3937 egit3
1237 3851 1414 3918 Nicolaum

290 3974 367 4016 vero
381 3974 484 4039 quum
509 3953 619 4017 minus
642 3952 799 4017 idoneum
824 3951 932 4015 ordini
949 3950 1152 4015 restituendo
1169 3949 1331 4034 viderent,
1348 3951 1414 4037 ipsi

362 4225 383 4294 ¹)
401 4225 504 4281 Ibidem
523 4243 545 4282 c.
567 4228 612 4292 13;
632 4231 661 4279 et
679 4225 761 4294 Pagii
779 4225 949 4280 Breviarium
968 4224 1018 4280 sub
1036 4226 1165 4280 Houom'o
1184 4190 1233 4279 Il.⁸
