2814 4840
306 427 359 480 474
503 427 632 482 XVVHI.
651 427 691 480 Ile
709 433 786 481 statu
804 427 945 482 societatis
963 429 1054 484 christ.
1073 445 1141 485 saec.
1161 431 1238 487 xm.

305 569 506 653 aedificavit,
531 571 696 657 cistasque
719 572 752 636 in
778 570 926 636 ecclesiis
950 571 1102 640 collocari
1127 575 1213 640 feeit.
1228 577 1269 642 ad
1285 575 1390 640 oblatio·

305 690 363 734 nes
387 670 604 754 pecuniarum
628 669 872 754 suscipiendas,
905 669 963 733 sed
987 693 1043 736 eas
1073 675 1251 738 strictiores
1272 675 1391 738 francis·

305 767 380 828 cani
412 787 490 830 mox
520 775 741 830 semoverunt.
788 765 820 832 S.
847 766 1012 832 Antonius
1035 768 1215 836 Paduenus
1247 783 1277 838 et
1301 771 1400 836 Caesa-2

303 864 372 927 rius
396 861 561 949 Spirensis
585 865 772 949 praecipue,
805 874 841 926 ut
873 864 974 930 duces
997 869 1102 950 partis
1131 870 1297 934 strictioris
1317 870 1400 946 Fran-3

304 963 521 1046 aiscanorum,
546 966 581 1028 in
605 964 790 1048 mitiganda
812 973 1006 1049 paupertate
1022 964 1118 1030 Elias
1133 989 1167 1032 se
1184 961 1400 1053 opposueruntl

303 1059 422 1125 ambae
445 1061 605 1126 factiones
627 1073 739 1126 autem
764 1063 850 1126 inter
873 1084 907 1126 se
931 1074 1119 1146 pugnantes
1142 1065 1184 1130 ad
1204 1065 1346 1150 Gregorii
1359 1061 1400 1126 tt

303 1161 501 1224 sententiam
525 1159 789 1245 appellaverunt.
836 1158 1016 1242 Gregorius
1032 1161 1084 1226 IX
1108 1186 1195 1228 anno
1215 1165 1299 1230 1230
1312 1161 1395 1226 Elian

303 1279 439 1322 munere
463 1279 521 1321 suo
546 1259 693 1342 privavit
715 1280 755 1321 ao
779 1256 942 1342 deposuit,
967 1258 1027 1322 sed
1049 1261 1084 1324 in
1099 1261 1249 1328 favorem
1272 1261 1395 1326 factionis

301 1356 442 1420 mitioris
471 1354 664 1437 declaravit,
696 1365 950 1420 testamentus.
975 1356 1003 1420 F
1004 1360 1156 1440 rancisoi,
1189 1383 1231 1424 ne
1265 1377 1398 1424 consensu

301 1452 437 1538 quidem
461 1453 626 1530 Fratrum,
660 1454 729 1517 vim
753 1451 924 1536 obligandi
954 1452 1047 1518 haud
1070 1456 1228 1537 adfuisse,
1259 1481 1297 1522 ac
1319 1453 1397 1520 multo

301 1552 412 1615 minus
439 1553 469 1615 ei
502 1550 698 1616 adstrictum
720 1550 830 1632 fuisse,
855 1573 1077 1616 successorem
1101 1554 1292 1619 Ministrum
1327 1573 1392 1638 gene

300 1647 413 1713 ralem.
460 1648 701 1714 Additamenta
738 1669 834 1733 porro
867 1649 1024 1714 Pontifex
1062 1651 1141 1714 fecit
1176 1653 1220 1718 ad
1258 1652 1398 1716 Minerua

300 1745 460 1830 regulam.

391 1844 466 1910 104.
511 1844 615 1909 Paulo
639 1856 721 1929 post,
752 1865 840 1907 anno
866 1843 963 1926 1236,
992 1844 1095 1924 Elias,
1128 1846 1218 1911 baud
1249 1843 1389 1912 mediocri

275 1938 426 2026 'ingenii
450 1945 512 2026 vir,
545 1945 664 2006 iterum
689 1945 722 2006 in
747 1941 937 2007 Ministrum
960 1943 1149 2027 generalem
1177 1944 1312 2024 electus,
1341 1956 1368 2006 et

299 2039 461 2104 Pontifice
485 2041 699 2106 confirmatus
722 2041 796 2105 fuit.
843 2039 909 2106 Sed
933 2050 1013 2104 tunc
1037 2043 1107 2126 ipse
1131 2044 1328 2107 strictiorem
1350 2061 1396 2125 par

298 2147 365 2202 tem
388 2136 560 2204 zelatorum
583 2159 640 2202 seu
665 2136 883 2225 spiritualium
905 2150 1097 2223 persecutus
1121 2150 1184 2221 est3
1209 2141 1300 2206 unde
1316 2139 1391 2202 denu

298 2257 385 2299 anno
413 2236 499 2300 1239
523 2236 692 2322 depositus
716 2237 787 2302 fuit.
836 2235 949 2317 Quum
964 2258 1043 2300 vero
1060 2237 1221 2302 saeculari
1246 2237 1388 2324 prudenti

299 2333 439 2398 nimium
465 2334 543 2398 fisus
566 2334 716 2420 partibus
740 2333 903 2399 Friderici
926 2333 962 2399 II
984 2334 1158 2399 addictum
1180 2358 1216 2401 se
1239 2337 1398 2423 praeberet

298 2453 468 2516 quumque
492 2433 563 2516 ejus
586 2453 744 2517 sequaces
768 2431 877 2496 denuo
892 2431 935 2496 ad
952 2454 1115 2497 summam
1134 2433 1331 2519 dignitatem
1346 2455 1380 2496 eu

299 2528 441 2594 evehere
464 2531 643 2612 studerent,
668 2552 755 2595 anno
775 2531 861 2594 1244
885 2553 927 2595 ex
944 2529 1071 2597 Ordine
1095 2533 1220 2618 ejectus
1245 2544 1281 2597 et
1295 2553 1373 2596 exce

299 2629 488 2692 manicatus
504 2639 561 2694 est.
587 2627 745 2694 Attamen
760 2639 836 2694 ante
862 2640 1004 2694 mortem
1020 2629 1062 2694 ab
1076 2631 1394 2696 excommunication

299 2723 439 2806 solutus,
477 2749 565 2791 auno
598 2727 684 2792 1253
722 2729 756 2792 in
790 2749 871 2812 pace
908 2726 999 2790 obiit
1048 2725 1143 2790 Elias
1172 2729 1207 2791 in
1241 2727 1396 2793 ministcri

298 2822 444 2906 generali
469 2847 673 2890 successores
703 2835 798 2888 erant
826 2825 961 2909 quidem
987 2847 1029 2888 ex
1056 2836 1149 2911 parte
1172 2829 1343 2906 strictiori,
1366 2845 1395 2888 se

298 2922 467 2986 mitiorum
492 2925 591 2988 etiam
616 2923 716 2987 factio
740 2922 944 3009 perduravit,
968 2945 1008 2986 ao
1032 2946 1057 2988 s.
1074 2923 1317 2989 Beneventum
1340 2947 1398 2987 ann

302 3020 386 3086 1256
425 3023 458 3086 in
483 3021 671 3087 Ministrum
700 3020 889 3107 generalem
920 3020 1054 3102 electus,
1096 3043 1215 3106 magna
1247 3021 1398 3109 prudenti

298 3121 347 3182 uti
381 3118 511 3201 debuit,
549 3129 587 3183 ut
619 3121 795 3184 scissiones
832 3121 1042 3184 imminentes
1073 3120 1202 3186 vitaret.
1253 3120 1386 3206 Agebat

294 3217 366 3302 jaus
383 3220 562 3303 praecipue
586 3217 627 3281 de
642 3217 912 3302 interpretatione
929 3219 1047 3303 capitis
1064 3219 1149 3280 sexti
1165 3219 1304 3302 regulae
1322 3239 1395 3282 sane

212 3343 217 3356 *
299 3316 489 3384 Francisci:
516 3317 644 3382 Fratres
668 3313 749 3380 ailril
772 3317 992 3401 appropriant,
1016 3339 1074 3378 aec
1096 3315 1220 3380 domum
1244 3339 1305 3379 acc
1330 3317 1394 3378 loru

297 3435 354 3477 aec
377 3411 517 3498 aliquam
540 3437 614 3492 rem,
649 3413 705 3478 sed
728 3423 878 3498 tauquam
895 3413 1062 3499 peregrini
1086 3423 1114 3476 et
1139 3413 1284 3478 ademtae
1317 3413 1390 3476 iali

297 3511 423 3576 saeculo
453 3514 488 3576 ia
510 3521 702 3599 paupertate
725 3521 756 3574 ct
778 3510 955 3574 bumilitate
977 3511 1054 3573 Dea
1067 3509 1281 3597 faraalaatcs,
1309 3511 1400 3600 radul

291 3633 356 3697 pro
394 3607 588 3697 eleemosyna
627 3609 826 3693 confidenter.
874 3609 1089 3672 Innocentius
1120 3607 1167 3672 lV
1207 3631 1299 3674 anno
1333 3610 1400 3694 1251

297 3706 455 3772 Nicolaus
470 3707 522 3771 Ill
546 3730 633 3771 anno
659 3707 756 3788 1279,
780 3705 903 3791 aliique
927 3705 1116 3790 Pontifices,
1142 3707 1236 3770 varia
1251 3707 1400 3800 Rescripl

298 3816 331 3869 et
362 3805 621 3870 Constitutioues
656 3804 721 3868 hec
753 3805 788 3868 in
821 3825 855 3868 re
895 3804 1081 3886 ediderunt,
1121 3826 1161 3868 ac
1200 3805 1400 3892 mitigationl

298 3903 460 3990 quasdam
500 3902 680 3990 prudenter
717 3900 932 3966 admiserunt
980 3901 1045 3967 Sed
1086 3900 1311 3966 dissensiones
1354 3893 1400 3982 inl

298 4023 364 4066 non
389 4011 467 4064 sunt
489 4001 637 4082 sedatae,
663 4000 788 4085 duplex
811 4001 901 4064 enim
922 4000 1022 4064 factio
1048 4001 1082 4064 iu
1099 3997 1227 4065 Ordine
1251 4022 1335 4064 mox
1360 4001 1400 4090 sel

299 4101 479 4166 constituit.
528 4098 606 4178 illii,
639 4099 695 4184 qui
732 4097 931 4162 dicebantur
959 4098 1091 4162 Fratres
1123 4097 1161 4160 de
1194 4101 1400 4186 communiret

298 4207 516 4282 acceptarunt
539 4198 763 4280 mitigationes
787 4198 875 4278 istas,
905 4195 961 4260 alii
986 4218 1064 4260 vero
1089 4198 1145 4282 qui
1170 4195 1400 4282 appellabanu
