2832 4844
200 473 240 528 De
259 475 411 528 selectione
431 476 612 547 l’ropmalica
631 492 650 530 s.
671 475 801 530 Ludovici
818 475 868 530 IX.
1047 475 1100 528 447
1149 524 1155 536 ,

21 639 62 701 qna
81 617 214 702 emphasi
240 619 304 681 ista
327 617 383 681 hic
407 620 515 704 posita
540 641 620 683 ease.
668 619 746 684 Jam
762 640 841 682 vero
866 641 889 684 s.
906 618 1100 682 Ludovicus

20 737 62 776 nen
81 715 249 800 ignorabat,
285 715 396 780 adhuc
421 718 524 802 ipsius
555 728 702 802 tempore
732 729 782 782 ter
813 716 929 780 saltem
960 738 1099 800 regnum

19 811 142 876 franciae
178 813 238 878 sub
279 813 375 879 Sedis
414 813 625 900 Apostolicae
669 817 872 902 protectione
910 822 1099 898 susceptum

17 909 95 975 luisse.
137 911 284 977 Primum
313 913 494 998 Gregorius
517 915 574 978 IX
604 927 680 1000 post
713 915 959 980 coronationem
990 913 1100 976 Ludo-

18 1008 124 1090 rieilx,
147 1010 269 1074 Blanca
293 1014 409 1096 regina
433 1015 596 1076 instanter
618 1023 759 1098 petente,
785 1012 827 1077 ob
844 1013 961 1075 merita
983 1032 1099 1096 regum

15 1103 142 1171 Franciae
165 1110 197 1172 in
218 1107 338 1174 Sedem
355 1110 551 1193 Romanam,
577 1113 693 1196 ipsam,
718 1112 789 1197 ejus
803 1110 935 1190 liberos,
960 1130 1099 1192 regnum

13 1218 33 1262 er
55 1225 153 1270 omnes
183 1209 406 1291 possessiones
442 1210 476 1272 in
506 1211 743 1293 protectionem
768 1207 864 1274 Sedis
887 1205 1098 1294 Apostolicae

11 1315 174 1386 susceperat.
221 1305 308 1369 Dein
340 1307 556 1370 innocentius
578 1305 638 1388 lv,
672 1329 759 1372 anno
788 1307 882 1389 1248,
921 1315 1099 1390 antequam

11 1397 210 1467 sLudovicus
234 1404 481 1488 expeditionem
506 1407 688 1468 cruciatam
712 1407 903 1491 susciperet,
927 1403 1099 1488 protectio·

9 1517 61 1558 nen
88 1498 244 1564 l'ranciae
276 1514 390 1566 contra
420 1501 547 1587 Anglos
589 1513 788 1589 susceperat.
842 1503 988 1567 Demum
1030 1499 1100 1564 Cle-

9 1611 76 1656 mens
95 1595 144 1658 IV
175 1621 205 1663 a.
234 1599 316 1663 1267
350 1603 469 1664 iterum
494 1623 552 1686 pro
576 1612 723 1687 tempore
747 1623 854 1666 novae
878 1599 1100 1686 expeditionis

8 1694 151 1775 cruciatae,
174 1707 300 1780 petente
317 1698 486 1777 Iasdoaieo,
512 1700 690 1763 Franciam
706 1701 740 1762 in
756 1700 979 1784 patrocinium
1003 1717 1098 1760 suum

8 1795 130 1876 suscepit.
193 1794 484 1874 Quemadmodum
524 1799 625 1882 igitur
660 1821 679 1862 a
710 1799 833 1883 pietate
877 1820 901 1860 s.
934 1795 1100 1859 Ludovici

8 1887 55 1968 {um
74 1912 129 1973 per
151 1915 186 1956 se
211 1893 358 1958 alienum
383 1905 463 1976 erat,
488 1905 525 1958 ut
548 1894 606 1958 illa
628 1896 809 1959 assertione
825 1893 944 1958 Sedem
960 1893 1099 1978 Aposto-

8 1979 78 2048 leam
100 2003 260 2076 carperet,
286 1993 331 2055 ita
356 2003 429 2077 post
453 2015 492 2056 ea
516 2014 611 2078 quae,
635 1995 707 2078 ipso
731 2003 764 2056 et
781 2002 883 2056 matre
900 1990 1099 2076 petentibus,

8 2099 163 2168 uenerant,
190 2092 324 2153 omnino
349 2092 461 2176 inepta
483 2092 601 2155 fuisset
624 2091 786 2176 ejusmodi
810 2091 987 2154 affirmatio
1012 2111 1100 2152 men·

8 2175 58 2242 lti-
69 2181 89 2266 ¹)
119 2223 163 2232 -
200 2187 409 2272 Argumenta
440 2188 522 2252 haec
555 2190 685 2253 interna
715 2191 761 2253 ita
800 2198 991 2273 comparata
1029 2209 1099 2250 esse

8 2295 157 2364 censemus,
194 2295 230 2347 ut
260 2287 519 2370 suppositionem
546 2286 727 2351 Sanctionie
751 2289 980 2372 preqmate'coa
1010 2307 1099 2370 prae-

8 2380 86 2442 euim
110 2383 232 2446 sicum
257 2396 451 2468 argumento
476 2387 628 2470 superius
652 2384 751 2449 allato
776 2386 873 2449 simul
897 2392 1098 2472 spectantur,

8 2480 106 2542 tnnino
130 2480 370 2547 demonstrent.

68 2576 113 2645 75.
162 2579 267 2644 Hisce
300 2581 477 2666 adjicimus
501 2581 663 2668 quaedam
690 2592 895 2666 argumenta,
919 2601 1096 2665 quaeram

8 2671 141 2746 rabaam
184 2677 392 2746 confirmant.
440 2681 470 2744 A
508 2681 632 2765 pietate
669 2682 841 2744 notissima
876 2703 899 2746 s.
929 2678 1095 2742 Ludovici

8 2783 69 2856 qu,
88 2777 143 2860 qui
162 2797 296 2861 semper
314 2799 469 2860 magnam
486 2781 707 2843 reverentiam
722 2781 755 2842 in
773 2778 956 2842 Ecclesiam
981 2788 1014 2840 et
1037 2776 1098 2840 Ro-

8 2885 87 2934 nanos
108 2873 293 2938 Pontifices
324 2875 490 2961 professus
514 2887 572 2958 est,
606 2878 739 2963 penitus
768 2875 906 2956 abludit,
939 2886 975 2939 ut
998 2876 1261 2942 talemcuflrmurt

8 2959 172 3036 essedariam
192 2976 428 3060 propinaticom
452 2973 597 3039 edidisse
621 2975 762 3041 dicatur.
809 2975 943 3039 Etenim
966 2965 1138 3038 articuli
1129 2951 1191 2986 '¹¹⁶²
1192 2948 1248 2986 ”Q

8 3061 56 3144 ins
77 3069 227 3134 secundo
251 3071 335 3134 forte
359 3082 509 3157 excepto,
535 3073 724 3156 diriguntur
738 3083 851 3136 contra
867 3075 1098 3158 usurpationes

8 3168 226 3233 texactiones
257 3191 342 3254 quae
377 3170 536 3235 Romanis
558 3171 778 3236 Pontificibus
812 3173 1027 3255 imputantur,
1067 3181 1099 3234 et

8 3281 44 3344 pec
65 3277 173 3332 textus
198 3269 308 3353 quinti
333 3267 466 3332 articuli
491 3269 590 3334 valde
614 3270 754 3334 acerbus
778 3281 836 3333 est.
884 3267 1097 3333 Sanctionem

8 3355 71 3442 gitur
92 3374 159 3429 tam
185 3387 298 3428 acrem
312 3375 345 3429 et
360 3366 553 3452 injuriosam
571 3369 604 3431 in
617 3367 843 3480 Apostolicam
852 3367 971 3431 Sedem
985 3388 1097 3450 regem

8 3452 64 3522 lum
91 3463 251 3542 edidisse,
289 3461 419 3527 admitti
458 3467 582 3551 nequit,
622 3468 686 3530 nisi
720 3469 818 3530 certis
855 3465 1099 3530 demonstretur

8 3563 182 3638 rgumentis.
233 3561 349 3646 Neque
380 3559 436 3626 illo
468 3573 616 3648 tempore
641 3566 767 3628 motiva
799 3565 943 3643 fuerunt,
977 3573 1013 3626 ut
1036 3563 1097 3627 Ro·

8 3658 76 3718 unis
97 3658 322 3723 Pontificibus
345 3669 438 3724 tanta
461 3683 536 3724 cum
561 3663 744 3727 acrimonia
768 3662 886 3726 modus
908 3671 1096 3748 poneretur,

8 3755 248 3822 teonferendis
286 3756 456 3822 beneficiis
495 3767 528 3822 et
564 3761 737 3845 exigendis
768 3762 928 3846 pecuniis
978 3759 1097 3839 Quoad

8 3867 54 3913 sno
88 3877 157 3919 rem
199 3855 348 3919 sufficiat
384 3877 423 3920 ea
454 3857 555 3920 citare
591 3880 676 3944 quae
713 3857 815 3922 habet
847 3857 1095 3922 Thomassinus.

8 3937 107 4032 irritat,
140 3953 315 4034 scribit'
301 3977 337 4017 aa
358 3954 454 4039 pestis
478 3957 671 4019 sanctissima
694 3961 761 4045 ejus
783 3959 865 4043 repis
889 3953 970 4020 citit
993 3978 1097 4018 occur-
1178 3973 1184 3985 ·

8 4065 49 4119 πε,
69 4051 149 4134 quod
168 4053 280 4137 possit
303 4073 416 4166 queam
439 4052 563 4117 dedisse
587 4075 616 4118 ee
611 4055 849 4142 'l'ropmate'coe
869 4053 1095 4141 publicandae,

25 4193 69 4202 ...-

49 4263 55 4290 ¹
82 4265 133 4319 tlr.
154 4263 246 4319 Gerin
265 4261 283 4318 l.
304 4278 325 4316 c.
344 4279 370 4332 p.
391 4265 508 4332 leosqq.
