3000 4838
295 439 330 495 64
491 436 595 492 xxm.
615 437 655 490 De
673 441 749 490 statu
768 435 868 490 Eccles.
887 436 970 504 priori
989 437 1075 492 media
1093 453 1163 493 saec.
1182 438 1243 493 XII.

294 582 466 647 Ecclesiae
480 580 639 665 urbisque
653 579 822 644 Romanae
839 578 1065 645 defensionem
1091 591 1206 646 contra
1230 582 1420 667 perduelles

294 679 524 744 schismaticos
547 677 696 742 hortatus
720 687 782 758 est,
814 677 911 763 eique
935 699 1090 742 somnam
1115 679 1321 764 imperialem
1346 703 1421 767 pro-

294 779 394 842 misit.

132 887 243 934 omno
257 888 285 928 de
386 874 439 938 80.
486 873 537 937 Ee
565 874 739 938 occasione
767 873 867 936 etiam
898 871 940 936 de
972 875 1176 938 investituris
1209 886 1319 940 actum
1358 887 1420 943 est.

133 950 276 1062 ’Ἲζῖἓξώ
294 972 474 1037 Letharius
488 969 645 1035 videlicet
667 968 794 1034 ibidem
818 969 870 1034 vel
896 971 991 1055 petiit
1014 980 1051 1035 ut
1074 971 1103 1034 ei
1128 973 1326 1038 investitura
1347 997 1421 1060 per·

295 1072 489 1151 mitteretur,
514 1067 577 1150 vel,
602 1066 691 1154 quod
715 1067 754 1133 ol.
774 1065 889 1131 Hefele
912 1066 1117 1152 probabilius
1141 1089 1212 1134 esse
1236 1071 1419 1154 existimat,

294 1167 483 1253 postulavit,
509 1175 546 1229 ut
569 1164 752 1230 solveretur
775 1167 816 1230 iis
839 1186 925 1250 quae
949 1163 1035 1229 ultra
1060 1163 1304 1233 Concordatum
1322 1167 1422 1232 War-

294 1268 454 1331 matiensc
478 1266 549 1350 ipse
573 1285 676 1350 quum
700 1265 735 1327 in
759 1285 870 1348 regem
888 1261 1066 1348 eligeretur
1087 1267 1323 1349 promiserat.¹)
1350 1265 1421 1331 Sed

293 1363 457 1451 quidquid
473 1362 604 1448 petierit
620 1363 813 1447 Imperator,
837 1360 994 1424 Pontifex
1017 1361 1088 1447 ejus
1111 1362 1327 1448 postulationi
1348 1387 1421 1430 non

294 1463 400 1542 cessit,
432 1482 471 1524 ac
495 1459 576 1523 falso
601 1458 698 1545 plane
721 1458 839 1523 Petrus
863 1459 1034 1523 Diaconus
1058 1462 1092 1523 iu
1118 1458 1283 1525 Chronico
1308 1461 1420 1526 Cassi·

293 1561 387 1624 nensi
412 1557 535 1638 scribit,
561 1559 595 1621 in
619 1558 766 1643 praefato
790 1557 917 1641 synodo
941 1556 1174 1623 Innocentium
1197 1557 1233 1623 II
1255 1559 1420 1624 Lotharia

293 1660 524 1723 investituram
577 1677 635 1740 per
687 1654 843 1718 baculum
899 1665 932 1718 et
977 1654 1136 1719 annulum
1163 1658 1377 1723 restituisse.
1393 1659 1420 1740 ²)

293 1755 361 1819 Alii
386 1756 474 1818 enim
498 1763 649 1817 auctores
673 1755 790 1818 coaevi
815 1752 899 1816 nihil
923 1775 962 1816 ea
986 1752 1028 1817 de
1051 1753 1262 1835 rescribunt,
1288 1756 1355 1818 imo
1373 1778 1420 1819 ex

293 1855 333 1917 iis
356 1852 469 1937 liquet,
502 1852 734 1916 Innocentium
766 1849 939 1935 postulatis
977 1849 1189 1936 Imperatoris
1224 1861 1421 1917 constanter

291 1952 459 2018 restitisse.
506 1949 583 2015 Otto
615 1949 836 2034 Frisingensis
873 1949 935 2012 ista
970 1948 1011 2012 de
1046 1971 1080 2012 re
1110 1948 1245 2013 scribit:
1276 1950 1420 2035 Indeque

288 2049 453 2138 profectus
476 2045 715 2130 (Innocentius)
752 2047 840 2132 apud
864 2046 1015 2110 hodium
1038 2047 1169 2132 Belpiae
1192 2046 1300 2110 urbem
1322 2071 1419 2134 syno-

292 2147 366 2211 dum
389 2147 606 2232 episcoporum
620 2167 803 2222 convocans,
826 2166 927 2227 repam
941 2144 1125 2207 Lotitarium
1140 2144 1185 2208 ad
1199 2144 1420 2230 defensionem

291 2254 419 2308 sanctae
452 2245 615 2307 Romanae
646 2241 794 2305 ecclesiae
827 2242 985 2306 invitavit.
1035 2239 1099 2313 Qui
1127 2242 1208 2306 nibil
1237 2254 1418 2323 cunctatus,

292 2343 435 2428 exposito
459 2351 562 2404 tamen
586 2341 683 2426 prins
716 2340 866 2418 modeste,
902 2341 937 2403 in
968 2349 1119 2424 quantum
1148 2363 1276 2426 repnum
1307 2363 1419 2406 amore
1485 2339 1486 2342 '

292 2441 492 2505 ecclesiarum
516 2447 721 2516 attenuatum,
752 2439 971 2501 investituram
995 2460 1102 2500 earum
1124 2449 1240 2522 quanto
1265 2437 1328 2502 sibi
1352 2439 1422 2502 dis·

285 2539 408 2626 pendio
438 2536 606 2613 remiserit,
646 2533 805 2599 auxilinm
836 2536 1001 2598 Romanae
1034 2534 1182 2598 ecclesiae
1211 2537 1421 2621 promittit.³)

292 2635 325 2702 S.
350 2632 540 2700 Bernardus
572 2654 649 2697 vero
687 2631 827 2718 epistola
853 2631 916 2696 150
947 2633 1134 2696 Innocentii
1171 2631 1278 2696 zelum
1314 2644 1421 2720 atque

292 2733 512 2799 constantiam
537 2729 696 2795 laudans:
737 2728 801 2794 Sed
830 2754 885 2793 nea
917 2729 1046 2808 Leodii,
1079 2728 1211 2810 scribit,
1244 2731 1421 2796 cervicibus

291 2833 456 2897 imminens
479 2852 584 2893 macro
608 2828 794 2892 barbaricus
817 2827 967 2915 compulit
1003 2829 1197 2912 acquiescere
1224 2831 1421 2914 importunis

291 2929 502 3018 improbisque
530 2924 801 3013 postulationibus
832 2925 982 2989 iracundi
1011 2935 1102 3010 atqsm
1129 2927 1297 2990 irascentis
1319 2929 1418 3012 repis.

292 3029 405 3114 Ipsum
431 3049 454 3091 s.
472 3023 679 3088 Bernardum
704 3023 883 3109 praecipue
907 3023 1065 3086 restitisse
1082 3022 1287 3107 Imperatori,
1313 3025 1421 3089 tradit

292 3123 460 3189 Arnoldus
483 3121 587 3186 abbas
610 3120 821 3185 Bonaevallis
852 3122 885 3183 in
917 3120 991 3183 Vita
1020 3141 1045 3184 s.
1070 3119 1250 3185 Bernardi:
1282 3123 1324 3185 Et
1350 3124 1418 3204 (In-

292 3224 488 3304 nocentius),
513 3219 637 3300 scribit,
661 3219 829 3302 honorifice
853 3218 977 3303 quidem
1000 3229 1161 3304 susceptus
1185 3229 1239 3296 est,
1264 3220 1319 3283 sed
1335 3219 1419 3284 oela-

292 3322 369 3384 citer
392 3315 577 3383 obnubilata
600 3328 646 3381 est
667 3315 728 3380 illa
744 3319 913 3381 serenitas:
936 3317 1090 3400 siqnidem
1106 3318 1282 3402 importune
1297 3315 1420 3382 ibidem

291 3441 349 3482 rea
371 3419 499 3494 institit,
536 3427 655 3500 tempus
678 3415 790 3478 babere
814 3438 845 3478 se
868 3425 1020 3500 reputans
1044 3426 1264 3499 opportunum,
1296 3417 1418 3500 episco-

285 3539 403 3604 porum
425 3515 489 3579 sibi
510 3516 637 3578 restitui
660 3501 877 3590 investituras,
911 3534 990 3598 quas
1020 3510 1060 3574 ab
1084 3515 1151 3600 ejus
1170 3512 1418 3597 praedecessore

292 3615 485 3699 Imperatore
510 3613 661 3676 Heinrica
689 3634 752 3698 per
780 3612 934 3674 maximos
964 3608 1089 3694 quidam
1112 3608 1237 3673 iabores
1261 3619 1291 3674 et
1313 3610 1418 3674 multa

286 3711 434 3797 pericula
459 3713 606 3775 Romana
639 3709 770 3773 ecclesia
792 3708 982 3772 vindicarat.
1029 3706 1083 3771 Ad
1106 3707 1190 3794 quod
1212 3707 1338 3771 verbum
1363 3730 1417 3772 exc-

286 3831 406 3896 paaere
437 3817 467 3871 et
497 3806 679 3893 ecpaliucre
710 3807 859 3885 Rotnani,
889 3805 1017 3890 qraoim
1046 3827 1112 3869 sese
1144 3804 1232 3891 apud
1263 3805 1418 3870 monum

293 3971 498 3984 μυ...-

367 4055 386 4126 ¹)
405 4056 439 4112 V.
458 4055 561 4121 Hercle,
582 4053 611 4112 0.
631 4055 672 4122 G,
691 4055 723 4110 B.
737 4054 770 4108 V.
791 4053 807 4125 ἓ
826 4053 886 4108 614.

364 4137 607 4206 bhfflcffl

364 4215 386 4288 ⁸)
406 4216 527 4273 chronic.
547 4217 578 4272 L.
598 4215 661 4271 v11.
680 4231 702 4271 c.
724 4217 768 4272 18.
