2858 4834
418 441 504 498 Gesta
522 442 610 510 quoad
628 442 782 510 Imperium.
1116 440 1168 495 237

64 586 237 673 Apostolica
259 586 458 671 dignitatem
482 585 688 672 imperialem
712 585 755 650 ab
780 584 916 651 Oriente
940 584 983 649 ad
1008 582 1170 649 Occiden-

63 700 119 749 tem
142 683 348 766 transtulerit,
366 683 515 769 finaliter
538 705 628 766 vero,
658 705 696 774 eo
721 682 810 770 quod
834 685 907 770 ipsa
931 703 1087 747 coronam
1111 683 1169 745 im-

60 783 200 868 perialem
216 783 372 848 conferat.
397 819 439 831 -
462 780 638 868 Principes
660 781 816 868 Philippo
840 780 1060 846 adhaerentes
1083 778 1167 842 haec

60 905 146 967 aegre
165 881 317 964 tulerunt,
346 889 379 944 et
403 879 457 944 die
481 881 542 944 28⁰
565 879 646 966 Maji
671 881 753 946 anni
780 880 864 945 1199
888 901 906 944 e
930 879 1073 944 comitiis
1096 876 1168 963 Spi-

58 1002 106 1042 rae
128 979 243 1044 habitis
265 979 390 1044 litteras
414 980 557 1043 acriores
574 978 738 1043 dederunt
753 978 796 1043 ad
812 976 1021 1056 Pontificem,
1047 974 1168 1061 quibus

59 1087 158 1142 contra
187 1078 258 1164 ejus
290 1077 534 1141 immixtionem
563 1077 596 1140 in
626 1099 677 1140 res
708 1079 801 1161 regni
826 1075 1027 1142 Germaniae
1062 1082 1168 1160 prote·

58 1185 179 1242 stanter.
226 1174 293 1240 Sed
317 1173 474 1239 Pontifex
505 1176 671 1260 Responsa
703 1175 821 1259 legatis
844 1173 992 1259 Philippi
1025 1174 1059 1236 in
1094 1193 1168 1236 con·

57 1275 169 1338 sisteris
193 1273 282 1354 dato,
317 1283 435 1358 pacato
459 1273 571 1336 animo
596 1274 759 1357 exposuit,
791 1294 916 1337 senon
941 1271 1067 1337 violare
1090 1269 1169 1355 jura

56 1373 147 1456 regni,
174 1371 233 1438 sed
257 1370 431 1436 vindicare
462 1369 526 1434 sibi
544 1371 623 1456 jura
647 1370 882 1454 ecclesiastica,
916 1369 960 1434 ad
992 1390 1078 1455 quac
1102 1388 1167 1430 ma-

57 1472 135 1534 xime
160 1471 327 1556 pertineat
359 1467 490 1532 collatio
520 1490 660 1532 coronae
693 1468 883 1554 imperialis.
930 1467 1070 1552 Propter
1093 1486 1166 1530 oon-

56 1571 219 1632 nexionem
249 1588 330 1631 vero
361 1565 460 1653 hujus
492 1587 633 1630 coronae
665 1587 741 1630 cum
773 1588 875 1652 regno
901 1565 1104 1630 Germaniae
1135 1574 1168 1627 et

54 1689 128 1750 rege,
159 1665 223 1730 sibi
253 1665 407 1730 vindicat
432 1665 488 1751 jus
523 1665 769 1730 interveniendi
802 1668 835 1730 iu
861 1664 998 1730 dissidio
1026 1663 1166 1728 duorum

56 1765 304 1850 competitorum,
328 1772 366 1827 ut
389 1763 533 1843 dirimet,
559 1785 658 1849 quem
684 1765 863 1828 conveniat
885 1771 922 1826 ut
936 1782 1047 1846 regem
1068 1781 1165 1845 agno·

54 1884 133 1926 scere
162 1871 194 1926 et
223 1883 345 1926 corona
372 1860 536 1946 imperiali
568 1863 769 1947 insignire.¹)
816 1862 987 1946 Principia
1017 1860 1089 1945 ejus
1120 1859 1167 1922 in·

53 1959 143 2024 serius
165 1981 390 2045 exponemus,
415 1959 532 2024 eadem
556 1960 715 2024 videlicet
737 1960 835 2047 paulo
859 1968 934 2046 post
948 1959 982 2022 in
996 1955 1166 2022 Decretali

60 2051 261 2122 l'enercbs'lem
283 2056 442 2121 Pontifex
465 2053 553 2121 clare
577 2055 712 2124 evolvit.

1196 2153 1316 2194 Pontlilolu

965 2128 972 2154 Ι

131 2175 182 2240 13.
228 2172 445 2238 lnnooentins
468 2173 519 2238 III
550 2172 627 2238 dein
652 2173 793 2238 sollicite
824 2173 991 2258 inquirere
1028 2169 1164 2252 studuit,
1175 2215 1326 2257 „mmm

11 2321 12 2332 ,
52 2273 116 2356 quis
138 2294 181 2336 ex
205 2271 477 2357 competitoribus
509 2280 545 2335 ut
567 2293 628 2335 rex
651 2269 881 2356 agnoscendus
905 2279 938 2333 et
961 2270 996 2333 in
1019 2268 1165 2353 Impera·

52 2378 143 2434 torem
166 2367 415 2456 promovendus
445 2371 496 2452 sit,
530 2378 564 2434 et
586 2371 621 2434 in
644 2369 894 2448 Deliberotiooe,
934 2388 1019 2453 quae
1053 2365 1165 2431 adhuc

52 2479 157 2550 exstat,
187 2467 315 2532 motiva
344 2465 458 2531 sedulo
489 2467 676 2553 perpendit,
712 2477 823 2531 utrum
853 2465 979 2532 scilicet
1008 2465 1163 2551 Philippo

50 2563 93 2628 vel
130 2564 244 2631 Ottoni
292 2585 433 2649 regnum
472 2564 666 2651 adjudicare
706 2566 893 2629 conveniat.
940 2562 1060 2644 Quoad
1089 2562 1164 2626 Phi-

50 2659 164 2748 lippum
204 2661 365 2744 advertit,
409 2664 439 2726 ei
479 2661 593 2727 favere
635 2664 793 2749 majorem
833 2663 1066 2748 suffragiorum
1106 2683 1163 2726 nu·

51 2760 271 2847 merum-ejus
295 2761 488 2846 potentiam,
513 2768 545 2824 et
568 2763 655 2845 regis
672 2760 802 2826 Galliae
826 2771 952 2826 votum.
1000 2759 1066 2826 Sed
1087 2781 1162 2824 con-

50 2869 90 2920 tra
111 2880 185 2923 eurn
210 2859 327 2922 merito
352 2858 476 2939 afferri,
511 2859 757 2923 coronationem
781 2867 856 2944 post
878 2859 1162 2923 consecrationem

51 2951 167 3022 Ottonis
191 2977 283 3020 more
313 2955 444 3020 insolito
476 2954 607 3037 factam,
642 2955 824 3041 perjurium
856 2957 927 3042 ejus
957 2957 992 3020 in
1017 2955 1161 3020 Frideri-

50 3073 112 3118 cum
134 3062 301 3140 nepotem,
324 3055 468 3118 offensas
490 3075 510 3117 a
532 3063 625 3139 patre
650 3055 721 3140 ejus
744 3064 777 3118 et
799 3055 899 3119 fratre
922 3055 958 3118 in
975 3051 1160 3118 Ecclesiam

51 3155 241 3233 commissas,
267 3150 474 3216 tendentiam
485 3150 556 3237 ejus
570 3151 727 3235 familiae,
752 3162 789 3217 ut
803 3175 942 3237 regnum
959 3151 1161 3217 Germaniae

49 3247 212 3316 electivum
243 3261 277 3314 et
300 3250 481 3335 Imperium
513 3271 592 3316 suae
616 3251 711 3336 stirpi
736 3259 772 3315 ut
794 3249 1052 3315 haereditarium
1085 3271 1160 3314 con·

49 3357 220 3431 necterent3
245 3345 381 3412 hostiles
405 3347 476 3433 ejus
499 3348 534 3412 in
554 3349 757 3412 territorium
781 3371 805 3412 s.
823 3347 920 3414 Sedis
943 3349 1159 3432 incursiones,

50 3447 413 3512 excommunicationem
446 3443 623 3511 Coelestini
657 3446 724 3529 111,
763 3470 783 3510 a
813 3470 879 3534 qua
911 3446 1008 3512 modo
1040 3469 1159 3533 parum

50 3537 129 3626 legali
152 3545 281 3610 solutus
296 3543 414 3624 fuerat,
438 3545 484 3608 ita
500 3553 537 3608 ut
550 3542 712 3609 absolutio
729 3543 879 3610 invalida
895 3544 1040 3610 dicenda
1064 3555 1158 3610 esset.

51 3637 156 3708 Contra
179 3641 348 3722 Ottonem,
373 3641 526 3722 advertit,
551 3663 646 3727 posse
670 3643 791 3725 afferri,
817 3643 905 3729 quod
929 3645 1037 3708 minor
1058 3642 1160 3706 fuerit

50 3739 263 3826 suffragiorum
290 3761 457 3822 numeros,
482 3740 656 3826 minorque
683 3741 755 3826 ejus
782 3743 942 3826 potentia.
989 3740 1054 3807 Sed
1080 3741 1158 3806 dein

51 3833 76 3896 iu
96 3839 161 3922 ejus
185 3837 338 3902 favorem
362 3837 467 3920 affert,
492 3837 581 3923 quod
594 3837 772 3904 multorum
787 3839 945 3924 suffragia
962 3841 1062 3904 etism
1087 3841 1158 3926 ipse

50 3927 196 4015 hebuerit,
220 3933 394 4000 Ecclesiae
416 3934 569 4000 addictus
591 3937 644 4018 sit,
669 3944 703 4000 et
717 3936 815 4001 valde
840 3937 978 4002 idoneus
1003 3937 1159 4002 videntur

53 4096 245 4113 *-

107 4208 126 4276 ¹)
141 4209 265 4279 Begistr.
285 4206 397 4276 Imperii
415 4225 441 4264 u.
463 4210 511 4278 183
531 4225 573 4278 sp.
592 4209 684 4265 Balut.
703 4210 722 4267 1.
742 4227 763 4266 c.
782 4211 892 4282 ρ1ἶ692.
