3000 4838
305 459 341 511 50
500 453 604 509 xxm.
623 455 664 509 Ds
681 459 759 508 statu
776 454 878 508 Eccles.
897 453 980 522 priori
998 453 1085 508 medio
1104 467 1171 508 saec.
1192 453 1252 508 ΧΠ.

305 607 493 663 sanctarum
526 597 683 662 videlicet
714 597 943 677 ecclesiarum,
977 646 985 661 .
1010 646 1018 661 .
1044 647 1052 662 .
1082 619 1167 683 quae
1196 621 1259 684 por
1291 597 1434 681 legatum

305 697 409 760 acturi
435 717 565 777 sumus,
596 717 655 782 per
679 706 823 760 vestram
853 695 1045 759 industrium
1068 695 1210 760 exbiberi
1239 693 1431 760 volumus.“

304 793 349 858 Et
365 791 552 858 Pascbalis:
581 793 647 874 „Ut
669 795 699 857 si
721 793 848 880 quoodo
872 791 950 856 illuc
974 815 1016 856 ex
1039 791 1141 866 latere
1156 802 1275 856 nostro
1299 791 1434 876 legatus

306 891 469 976 dirigitur,
494 913 592 976 quem
616 891 761 976 profecto
787 892 950 955 vicarium
975 890 1199 976 intelligimus,
1225 911 1309 976 quas
1334 889 1375 954 ab
1394 913 1433 954 eo
1496 923 1497 934 κ

304 989 442 1076 peranda
458 999 530 1053 aunt
546 1010 605 1074 per
620 998 711 1052 tuam
735 989 933 1054 industriam
957 985 1081 1074 effectui
1103 989 1347 1073 mancipentur.
1372 987 1435 1054 Sic

263 1143 271 1162 ,
305 1088 394 1150 enim
418 1088 453 1150 in
477 1086 624 1150 ecclesiis
648 1086 833 1152 saeculares
864 1096 1042 1173 potestates
1075 1086 1251 1171 dispositas
1274 1084 1433 1169 legimns,

305 1193 343 1248 ut
365 1183 453 1270 quod
477 1182 701 1249 ecclesiastica
723 1185 893 1249 humilitas
918 1187 1026 1249 minus
1047 1183 1146 1267 valet,
1160 1183 1349 1248 ¹saecularis
1373 1206 1436 1270 po·
1496 1245 1497 1248 ,

305 1291 406 1346 testas
429 1304 508 1347 suae
531 1282 718 1364 formidinis
741 1285 850 1367 rigore
873 1282 1054 1368 perficiat.“
1080 1320 1124 1329 —-
1148 1281 1186 1346 3⁰
1210 1279 1315 1346 Cavet
1330 1303 1435 1366 porro
1496 1311 1497 1318 ¹

305 1379 476 1446 Pascbalis
501 1390 677 1466 monetque
691 1381 926 1466 RogeriumII,
952 1403 993 1444 ne
1017 1378 1080 1444 sibi
1105 1377 1310 1465 spiritualem
1329 1380 1435 1465 juris·
1496 1387 1497 1456 ᾗ

306 1478 486 1543 dictionem
509 1478 682 1562 attribuat,
707 1479 893 1565 diserteque
916 1478 1077 1561 advertit,
1103 1479 1212 1563 ipsum
1236 1487 1349 1562 utpote
1372 1477 1436 1542 lai·
1496 1505 1497 1562 3

307 1597 393 1656 cum,
427 1596 495 1638 non
524 1596 620 1660 posse
648 1576 816 1663 judicium
842 1576 883 1641 de
907 1575 1140 1641 ecclesiasticis
1164 1577 1313 1661 personis
1337 1577 1436 1640 insti-

306 1683 407 1754 tuere,
433 1671 534 1736 multo
560 1675 669 1738 minus
693 1695 771 1738 vero
796 1673 940 1759 synodos
954 1695 1148 1756 convocare,
1173 1696 1275 1760 quum
1292 1673 1326 1738 id
1343 1674 1435 1760 (pro-
1496 1673 1497 1736 3

305 1775 378 1858 pria
401 1769 609 1858 anctoritate)
645 1794 687 1837 ne
710 1771 809 1856 legati
834 1771 969 1859 quidem
993 1773 1101 1836 facere
1124 1773 1262 1857 possint.
1311 1772 1436 1857 ,Nam,
1496 1775 1497 1848 j

306 1871 424 1956 inquit,
442 1891 664 1956 ‚personarum
688 1869 987 1934 ecclesiasticarum
1004 1891 1062 1934 seu
1078 1869 1278 1954 dignitatum
1298 1869 1438 1954 judicia

306 1990 469 2054 nusquam
508 1968 649 2052 legimus
684 1968 778 2033 laicis
815 1968 867 2032 vel
903 1968 1065 2053 religiosis
1099 1969 1200 2032 fuisse
1240 1969 1437 2035 commissa.
1496 1957 1497 2012 l

305 2063 406 2130 Porro
432 2068 663 2152 episcoporum
687 2068 880 2131 vocationes
903 2065 946 2130 ad
971 2065 1145 2151 synodum,
1175 2088 1257 2152 quas
1280 2088 1438 2152 unquam
1496 2059 1497 2070 ¹

306 2164 370 2228 sibi
393 2163 521 2250 legatus
544 2174 602 2228 aut
624 2166 770 2228 vicarius
794 2164 993 2250 usurpavit?
1017 2163 1105 2250 quod
1121 2163 1300 2250 aliquando
1318 2165 1439 2250 singu-

304 2261 446 2342 laribus,
477 2261 656 2348 eliquando
687 2261 870 2348 pluralibus
902 2261 1019 2326 litteris
1054 2284 1114 2347 per
1143 2261 1308 2348 quoslibet
1342 2261 1433 2328 solet

305 2362 439 2424 nuntios
455 2359 558 2425 fieri.“
583 2397 627 2407 -
650 2361 689 2423 4⁰
706 2358 805 2440 Quod
827 2359 872 2424 ed
895 2369 1025 2445 tempus
1042 2382 1099 2424 seu
1115 2359 1322 2424 durationem
1340 2359 1439 2426 illius

305 2458 472 2544 privilegii
496 2461 624 2540 attinet,
650 2457 806 2523 Urbanus
823 2457 856 2522 H
881 2460 1074 2544 neutiquam
1091 2458 1246 2523 omnibus
1262 2457 1401 2543 Rogerii
1420 2462 1439 2524 Ι

306 2557 341 2618 in
363 2576 465 2640 regno
481 2555 614 2621 Siciliae
638 2554 885 2620 successoribus
908 2558 943 2620 in
968 2566 1165 2643 perpetuum
1189 2555 1272 2621 illud
1297 2577 1439 2622 conces-

306 2653 357 2736 sit,
398 2652 455 2717 sed
488 2653 531 2718 ad
554 2653 773 2737 RogeriumI
808 2654 946 2739 ejusque
982 2654 1064 2718 duos
1094 2652 1179 2718 filios
1203 2653 1372 2719 Simonem
1401 2666 1440 2720 et

304 2750 455 2832 alterum,
471 2751 650 2836 Rogerium
664 2750 707 2831 II,
733 2772 836 2836 quum
859 2753 1083 2837 principatum
1109 2753 1143 2815 iu
1167 2751 1276 2816 insula
1299 2751 1439 2818 obtinu-

305 2851 416 2932 issent,
441 2848 523 2914 illud
545 2849 712 2914 limitavit.
759 2848 892 2913 Dicitur
915 2851 950 2913 in
977 2849 1158 2935 diplomate
1182 2849 1320 2931 Urbani,
1345 2853 1441 2936 qaod

305 2948 390 3011 omni
411 2949 495 3012 vitoe
520 2959 591 3011 tuae
616 2957 763 3034 temporo,
794 2947 845 3011 oel
857 2946 927 3031 filis·
951 2949 998 3012 tui
1022 2947 1170 3027 Simonis,
1200 2959 1256 3012 aut
1284 2946 1437 3030 alterius,

304 3046 359 3131 qai
382 3043 538 3130 legitimus
563 3045 609 3109 toi
630 3047 739 3108 baares
768 3046 926 3108 exstiterat
949 3057 1005 3109 etc.
1055 3045 1150 3128 „Duo
1182 3065 1339 3130 namque,
1373 3047 1439 3110 ad·

306 3146 406 3209 vertit
436 3143 520 3207 bene
548 3143 722 3224 Baronius,
761 3141 901 3226 Rogerio
933 3144 1046 3207 comiti
1078 3151 1172 3206 erant
1203 3142 1273 3224 filii,
1312 3141 1439 3210 Simon

307 3241 412 3327 major
435 3251 525 3323 natu,
550 3251 649 3326 atque
673 3239 843 3324 Rogerius,
868 3261 965 3326 quem
991 3239 1097 3304 voluit
1121 3241 1320 3325 expressisse
1348 3261 1438 3306 voce

304 3338 362 3403 illa
385 3339 527 3420 abactas,
553 3338 641 3425 quod
655 3336 789 3424 quidem
814 3358 935 3402 nomen
959 3359 1026 3402 nou
1051 3337 1091 3403 de
1115 3337 1276 3423 pluribus,
1302 3337 1362 3402 sed
1387 3339 1439 3404 de

304 3457 371 3501 uno
405 3458 446 3500 ex
474 3435 603 3501 duobus
633 3435 809 3500 dumtaxat
839 3433 917 3517 dici,
948 3437 1057 3500 sciunt
1087 3458 1200 3501 omncs
1225 3438 1280 3522 qui
1304 3435 1436 3502 latinas

305 3532 431 3598 litteras
455 3533 653 3599 didicerunt.
701 3533 757 3598 Sic
780 3533 882 3617 igitur
906 3543 1050 3616 cautum,
1081 3544 1118 3598 ut
1140 3533 1224 3598 filios
1248 3532 1320 3597 illos
1345 3533 1438 3600 duos

305 3631 438 3716 Rogerii
462 3654 528 3696 non
553 3630 792 3717 excederet.“¹)
838 3631 1012 3696 Praeterea
1029 3654 1107 3697 vero
1132 3655 1233 3719 quum
1258 3636 1437 3698 concessio

304 3740 391 3794 esset
417 3730 639 3816 privilegium,
670 3731 818 3794 revocari
850 3739 978 3814 poterat
1006 3753 1025 3793 a
1049 3731 1220 3796 Pontifice.
1269 3731 1318 3794 Ae
1343 3730 1438 3796 solli-

306 3829 409 3892 citum
434 3826 588 3892 videmus
612 3831 721 3914 ipsum
745 3828 924 3912 Rogerium
949 3827 992 3910 Π,
1029 3839 1065 3892 ut
1097 3828 1347 3894 confirmaretur
1374 3829 1439 3895 vel

303 3934 528 4007 renovaretur,
557 3926 639 3990 forte
663 3924 750 4012 quod
778 3927 918 4008 timeret,
943 3936 980 3989 ut
1003 3926 1173 3991 Pascbalis
1196 3925 1231 3989 ΙΙ
1264 3947 1330 3990 non
1356 3949 1430 3992 am-

304 4021 392 4108 plius
415 4034 608 4108 agnosceret
630 4024 685 4088 vel
709 4033 745 4087 ut
768 4033 941 4088 revocaret
971 4023 1185 4110 privilegium
1222 4044 1434 4092 concessum.

382 4238 400 4302 ¹)
419 4235 463 4290 Ad
481 4252 505 4290 a.
527 4235 640 4291 109711.
660 4235 703 4290 33.
