3000 4838
404 486 444 540 De
462 486 656 542 successorihus
675 485 828 540 Innocentii
846 486 883 539 11.
1171 485 1203 537 'il

98 631 148 693 viri
170 628 354 694 doctissimi
376 629 550 711 Batonius,
581 628 791 716 spondanus,
822 629 977 707 Bzovius,
1002 627 1205 712 Raynaldus,

96 725 203 814 aliique
226 725 355 791 nullam
366 728 510 814 istarum
523 728 800 793 vaticinationum
821 729 983 791 rationem
1006 725 1205 806 habuerunt,

97 833 122 886 ct
150 826 273 908 passim
309 825 417 889 critici
451 846 557 911 usque
587 826 631 891 ad
654 834 803 911 tempora
826 834 938 889 nostra
961 847 1016 888 eas
1040 825 1205 910 rejiciunt.

16 935 17 938 ’
95 919 122 984 S.
141 921 341 1004 Bernardus,
378 925 434 1008 qui
465 925 570 986 vitam
601 945 626 988 s.
649 922 837 987 Malachiae
876 923 1073 1007 conscripsit
1110 923 1207 1006 eique
1260 991 1262 996 ,

95 1018 180 1084 valde
203 1019 379 1084 familiaris
401 1020 474 1102 fuit,
507 1019 589 1084 alias
612 1021 749 1106 quidem
773 1021 844 1106 ejus
867 1021 1122 1084 vaticinationes
1152 1020 1207 1082 mi-

95 1119 172 1182 noris
184 1120 347 1182 momenti
361 1118 471 1198 refert,
495 1118 554 1183 sed
571 1119 701 1185 illorum
719 1119 952 1183 vaticiniorum
976 1140 1019 1182 ne
1034 1118 1206 1182 minimam

93 1215 164 1279 facit
185 1218 400 1280 mentionem.
431 1216 615 1303 Hucusque
640 1218 740 1302 igitur
763 1239 860 1281 nemo
884 1215 1019 1302 aliquod
1035 1238 1207 1302 argumen-

93 1321 155 1376 tum
176 1315 359 1399 positivum
383 1315 494 1380 attulit
516 1314 709 1380 authentiae
724 1314 855 1406 illorum
872 1317 1118 1380 vaticiniorum.
1138 1314 1208 1379 Pri·

93 1431 175 1474 mum
198 1434 240 1475 es
263 1412 369 1476 edidit
391 1434 421 1476 a.
448 1412 533 1478 1595
556 1412 726 1478 Arnoldus
750 1411 852 1477 Wion
876 1412 915 1478 Ο.
941 1412 974 1478 S.
998 1413 1037 1478 B.
1066 1415 1101 1476 in
1124 1411 1208 1476 libro
1219 1415 1246 1506 ζ
1271 1475 1282 1504 ¹
1367 1411 1380 1441 ⁰

92 1508 229 1594 Lignum
254 1513 344 1575 vitae
367 1511 408 1577 L.
430 1511 475 1576 11.
500 1533 527 1576 c.
551 1511 605 1576 40.
653 1510 845 1593 Malachiae,
870 1513 926 1594 ait,
958 1513 1123 1598 scripsisse
1138 1511 1209 1594 fcr-

92 1617 138 1669 tur
157 1607 316 1672 nonnulla
339 1609 501 1696 opuscula,
526 1608 693 1694 dequibus
707 1609 789 1673 nihil
811 1610 959 1674 hacteuus
982 1609 1059 1684 aidi,
1076 1619 1211 1695 praeter

91 1706 256 1788 quamdam
273 1708 476 1792 prophetiam
499 1707 537 1771 da
561 1709 689 1770 mamis
705 1706 917 1790 Pontificibus,
941 1730 1021 1791 quac
1046 1708 1122 1793 qaia
1145 1706 1210 1769 hre-

91 1802 134 1864 tia
155 1813 210 1882 ast,
235 1813 266 1866 et
288 1805 438 1870 noudum·
451 1806 535 1891 qaod
549 1807 648 1870 sciam
661 1811 789 1882 occasa,
814 1816 844 1868 et
859 1829 880 1869 a
894 1804 1001 1870 maltis
1016 1805 1210 1884 desiderata,

90 1898 134 1961 lic
155 1922 177 1964 a
199 1923 249 1964 aaa
272 1903 425 1988 apposita
448 1913 504 1967 est.
535 1903 611 1967 Non
634 1902 739 1985 addit,
763 1903 853 1966 unde
877 1925 950 1966 eam
975 1903 1149 1988 acceperit.
1167 1941 1210 1949 —

91 1996 126 2059 In
147 2017 187 2060 ea
211 1999 390 2084 prophetia
412 2000 719 2086 Pseudopontifices
742 2000 859 2064 Victor
880 2001 940 2082 lV,
963 1999 1135 2064 Paschalis
1150 1999 1210 2082 III,

91 2091 309 2179 CalixtusIII,
319 2097 526 2180 NicolausV,
537 2098 690 2164 Clemens
700 2098 777 2178 VII,
801 2099 1003 2163 Benedictus
1019 2098 1115 2180 XIII,
1141 2096 1210 2163 Cle·

92 2194 284 2276 mensVIII,
309 2195 502 2260 Alexander
510 2196 552 2277 V,
564 2197 585 2262 J
588 2218 712 2260 oannes
721 2194 853 2279 XXIII,
871 2195 968 2260 Felix
978 2196 1010 2259 V
1023 2198 1214 2261 inseruntur

92 2289 309 2357 Pontificibus
331 2294 498 2379 legitimis,
523 2305 555 2358 et
578 2295 643 2359 duo
668 2304 797 2358 tantum
821 2317 864 2358 ex
887 2295 928 2358 iis
951 2293 1156 2359 NicolausV
1181 2304 1213 2358 et

93 2386 244 2455 Clemens
257 2391 343 2456 VIII
366 2403 403 2456 ut
422 2392 624 2458 schismatici
649 2401 816 2457 notantur.
855 2390 944 2456 Ordo
962 2390 1213 2478 chronologicus

91 2509 206 2571 parum
230 2501 391 2570 servatur,
416 2489 581 2576 siquidem
604 2489 906 2576 pseudopontifices
929 2491 1048 2555 Victor
1070 2490 1129 2572 IV,
1154 2491 1213 2555 Pa-

92 2585 210 2651 schalis
234 2587 297 2669 III,
326 2586 478 2653 Calixtus
500 2588 553 2653 III
576 2599 825 2674 praeponuntur
848 2587 1039 2653 Alexandro
1064 2589 1126 2668 III,
1156 2589 1212 2674 qui

92 2695 164 2748 ante
197 2687 288 2770 ipsos
310 2686 466 2751 Pontifex
493 2685 566 2766 fuit,
605 2688 793 2771 pariterque
818 2684 972 2751 Clemens
996 2685 1072 2768 VII,
1111 2686 1214 2750 Beue·

93 2779 198 2848 dictus
222 2783 320 2867 XIII,
350 2782 504 2848 Clemens
527 2783 615 2848 VIII
639 2783 939 2870 pseudopontifices
963 2784 1215 2849 Avenionenses

93 2877 294 2946 collocantur
308 2891 386 2946 ante
402 2881 578 2948 Urbanum
589 2882 638 2947 Vl
654 2884 712 2968 qui
729 2904 784 2946 eos
800 2883 989 2968 praecessit.
1005 2919 1047 2929 -
1064 2881 1214 2946 Conficta

93 2977 238 3042 creditur
269 2979 444 3066 prophetia
466 2979 550 3044 haec
573 3001 661 3044 anno
687 2980 775 3046 1590
798 2990 945 3066 tempore
968 2977 1214 3045 Pontificalium

94 3071 311 3141 Comitiomm
335 3100 355 3142 a
377 3077 563 3143 fautoribus
587 3075 774 3142 Cardinalis
797 3077 1000 3160 Simoncelli,
1033 3099 1132 3164 quem
1162 3077 1215 3142 dc-

93 3174 265 3255 signarunt
292 3175 356 3240 hac
386 3197 485 3240 voce:
516 3177 566 3239 De
591 3177 779 3261 antiquitate
807 3175 911 3258 Urbis,
944 3176 1109 3263 siquidem
1145 3176 1216 3262 ejus

94 3273 198 3356 patria
222 3281 294 3336 erat
314 3273 402 3338 Urbs
425 3282 522 3338 vetus
545 3271 858 3361 (Civita-Vecchia).
904 3275 1021 3360 Itaque
1044 3295 1147 3361 quum
1170 3273 1216 3338 fa-

95 3369 153 3434 cile
176 3373 221 3436 sit
244 3381 355 3436 vatem
380 3394 451 3437 esse
474 3393 592 3438 verum
616 3371 779 3437 derebus
802 3373 999 3458 praeteritis,
1023 3371 1215 3436 vaticinatio

96 3467 147 3532 illa
168 3468 269 3534 facile
292 3480 425 3556 aptatur
447 3469 677 3552 Pontificibus,
703 3472 759 3556 qui
785 3493 909 3535 annum
936 3469 1023 3535 1590
1046 3479 1079 3533 et
1094 3468 1217 3554 Grego-

95 3567 178 3631 rinm
201 3567 287 3632 XIV
318 3578 580 3654 praecesserunt,
602 3569 653 3658 ⁸iis
675 3578 786 3632 autem
817 3571 874 3655 qui
899 3569 1056 3653 deinceps
1083 3566 1218 3630 fuerunt

98 3664 203 3728 minus
227 3665 400 3730 commodo
424 3677 523 3752 atque
537 3687 597 3752 per
612 3665 725 3753 vim.¹)
753 3664 1100 3731 Animadvertendum
1117 3666 1216 3728 etiam

98 3775 152 3844 est,
182 3763 378 3851 prophetiae
401 3786 502 3830 verse
525 3762 629 3829 indoli
663 3763 698 3828 id
722 3786 841 3850 parum
863 3764 971 3828 videri
1005 3763 1216 3844 conveniens,

100 3869 133 3921 nt
153 3859 195 3925 dc
217 3862 439 3928 Pontificibus
461 3863 581 3926 futuris
605 3861 733 3948 aliquid
756 3885 776 3926 a
792 3862 864 3926 Deo
888 3861 1118 3926 manifestetur
1140 3880 1217 3944 pau·

100 3959 144 4022 cis
167 3959 277 4025 verbis
300 3962 546 4046 aenigmaticis,
579 3981 664 4047 quae
688 3982 754 4046 qua
777 3960 906 4024 ratione
928 3957 1130 4044 applicanda
1152 3958 1219 4022 sint

108 4105 116 4108 -
130 4105 307 4118 ·-------—

165 4153 190 4230 ἰ·
210 4197 242 4248 v.
261 4191 381 4254 anans
401 4190 484 4244 vua
501 4189 664 4244 Pontificum
682 4189 716 4243 aa
738 4189 922 4243 coarctatam
943 4189 996 4254 11.;
1022 4187 1055 4243 v.
1075 4188 1115 4241 nc
1134 4187 1218 4248 sucu,

104 4269 189 4325 Proca
207 4272 300 4326 histor.
321 4271 399 4336 1870,
418 4286 443 4338 p.
462 4270 515 4324 479
534 4285 589 4337 sqq.
