3000 4838
454 480 494 536 De
513 479 658 534 donatione
677 478 859 533 Constantini.
1198 477 1237 532 29
1318 473 1320 477 ’

110 625 305 690 Hadrianus
335 623 524 690 donationis
555 625 757 688 mentionem
787 622 881 702 feeit,
913 642 1017 685 annos
1049 622 1233 708 computari

109 745 224 810 posse,
259 722 382 809 quibus
416 723 565 808 spurium
598 719 681 784 illud
711 719 858 805 diploma
889 719 1068 784 confictum
1099 729 1157 784 est.
1189 757 1234 766 -

110 820 162 888 cl.
187 821 334 886 llartens
364 841 443 884 vero
473 841 540 885 non
564 829 686 901 censet,
718 821 753 883 in
777 819 941 884 Hadriani
972 816 1110 903 epistola
1134 819 1236 882 citata

107 919 154 983 ad
185 918 394 984 Constantini
433 918 635 982 mnasonem
672 916 792 996 alludi,
825 926 924 1002 atque
950 916 1021 1000 ipse
1054 917 1232 998 existimat,

1 1093 2 1098 γ
109 1018 348 1082 documentum
382 1015 446 1080 hoc
476 1016 518 1080 ab
549 1013 660 1102 aliquo
685 1013 804 1079 clerico
828 1014 976 1078 Romano
1012 1022 1085 1100 post
1107 1035 1233 1078 annum

108 1113 178 1181 805
201 1114 254 1178 vel
279 1114 354 1194 806,
379 1112 494 1178 ultimo
517 1123 666 1198 tempore
682 1110 791 1178 Caroli
814 1113 939 1196 Magni,
964 1112 1017 1176 vel
1042 1111 1103 1176 sub
1128 1112 1234 1176 initiis

106 1215 204 1296 regni
232 1212 399 1277 Ludovici
430 1212 499 1294 Pii,
541 1211 728 1275 confectum
767 1211 878 1275 inisse.
934 1210 1046 1290 Quum
1076 1209 1236 1274 videlicet

107 1333 186 1398 spes
208 1331 294 1397 quae
318 1312 353 1374 in
370 1308 487 1375 Carolo
504 1310 549 1375 M.
574 1311 682 1395 posita
696 1310 804 1373 fuerat
828 1329 949 1402 magna
969 1315 1062 1394 parte
1077 1309 1234 1373 frustrata

106 1410 241 1490 fnisset,
277 1421 446 1472 auctorem
480 1406 624 1473 voluisse
653 1406 830 1493 providere
860 1409 1000 1493 tempori
1030 1408 1159 1491 futuro,
1196 1419 1235 1472 ut

105 1508 357 1592 opportunitate
382 1506 459 1571 data
483 1506 613 1571 adesset
636 1505 798 1591 ejusmodi
823 1503 979 1591 diploma,
1005 1528 1069 1591 quo
1088 1505 1232 1592 Impera-

105 1617 160 1670 tor
183 1606 386 1668 excitaretur
416 1613 453 1668 ut
485 1604 674 1690 compleret,
705 1625 791 1689 quae
821 1604 979 1690 praestita
1001 1625 1068 1667 non
1091 1605 1233 1670 fuerant.

106 1703 222 1784 Quum
247 1723 327 1766 vero
344 1701 490 1786 dignitas
504 1701 677 1767 Pontificis
701 1711 734 1764 et
749 1700 827 1764 cleri
843 1721 903 1786 per
919 1710 1027 1765 motus
1050 1702 1231 1767 factionum

104 1823 146 1864 ac
173 1799 249 1864 dein
274 1821 334 1885 per
358 1797 467 1864 Caroli
500 1800 760 1865 dominationem
784 1820 824 1862 ae
842 1797 1085 1884 jurisdictionis
1108 1803 1231 1865 exerci·

103 1901 192 1962 tium
215 1897 416 1962 detrimenta
438 1919 536 1984 passa
559 1884 662 1977 esset,
678 1905 846 1960 auctorem
859 1896 960 1960 fuisse
984 1897 1171 1982 sollicitum,
1195 1909 1233 1963 ut

103 1995 293 2082 privilegiis
316 2017 357 2059 ac
372 1994 554 2060 honoribus
568 2017 588 2058 a
601 1993 819 2059 Constantino
831 1993 902 2080 jam
927 1997 1101 2078 concessis,
1126 1997 1230 2082 splen·

104 2094 221 2158 dorem
245 2093 407 2158 ccclesiae
431 2092 600 2157 &manae
625 2090 804 2156 extolleret.
812 2092 833 2172 ¹)

196 2253 250 2318 37.
299 2253 464 2332 Quamvis
494 2255 639 2316 rationes
662 2251 781 2316 allatae
812 2253 880 2316 vim
904 2253 1084 2338 quamdam
1107 2254 1229 2322 habere

106 2350 296 2430 rideantur,
321 2359 358 2414 ut
381 2373 423 2415 ex
447 2353 487 2414 iis
510 2351 680 2431 inferatur,
705 2350 829 2414 Romae
852 2349 1062 2416 Constantini
1085 2353 1230 2420 donatio·
1266 2333 1281 2361 Π
1344 2335 1358 2364 v

106 2471 177 2512 seru
200 2448 378 2512 confictam
412 2449 523 2530 fuisse,
556 2469 728 2512 censemus
758 2455 870 2512 tamen
895 2469 971 2512 cum
994 2449 1068 2514 aliis
1091 2453 1231 2516 auetori-

103 2544 170 2609 bus
200 2545 244 2610 ob
274 2547 473 2630 gravissima
508 2547 648 2630 motiva,
685 2545 869 2610 Romanam
904 2544 1004 2631 hujus
1041 2546 1231 2634 diplomatis

103 2645 270 2728 originem
295 2666 362 2709 non
386 2665 455 2708 esse
479 2644 729 2709 admittendam.
766 2641 925 2728 Sepositis
943 2645 1052 2710 citatis
1065 2643 1230 2712 Hadriani

105 2740 219 2806 verbis
243 2764 338 2828 quae,
375 2743 422 2807 uti
452 2743 589 2806 inferius
612 2741 812 2824 videbimus,
843 2743 1014 2827 aptissime
1043 2741 1107 2807 alio
1132 2767 1231 2812 sensu

104 2839 327 2926 explicantur,
360 2840 502 2904 saeculis
525 2849 654 2922 octavo,
685 2860 772 2904 nono
796 2861 836 2903 ac
860 2839 1000 2922 decimo,
1023 2841 1116 2906 nulla
1140 2844 1230 2910 inve·

102 2939 197 3002 nitur
219 2939 255 3002 in
278 2937 480 3002 Pontificum
504 2939 587 3002 actis
610 2936 728 3002 aliisve
751 2936 959 3002 documentis
983 2941 1116 3022 mentio,
1145 2963 1231 3026 quae

104 3033 150 3100 ad
185 3033 396 3100 Constantini
428 3036 630 3100 donationem
663 3035 835 3100 referatur.
882 3035 1041 3102 Attamen
1071 3040 1157 3102 varii
1180 3061 1230 3104 oe·

103 3144 282 3198 currerunt
305 3142 444 3198 eventus
467 3143 499 3198 et
522 3136 712 3198 occasiones
735 3133 854 3219 plures,
879 3133 1000 3220 quibus
1016 3135 1100 3201 nihil
1123 3140 1231 3224 magis

103 3231 244 3295 obvium
280 3233 563 3319 opportuniusque
597 3233 728 3313 fuisset,
761 3255 860 3319 quam
885 3255 927 3296 ex
950 3232 1004 3310 illo
1029 3234 1230 3302 documento

103 3329 331 3394 Romanorum
354 3330 553 3396 Pontificum
582 3331 660 3415 jura
684 3329 865 3398 vindicare.
918 3330 1052 3396 Poterat
1081 3334 1227 3420 profecto

103 3426 168 3492 hoc
196 3425 343 3513 diploma
366 3429 402 3492 in
426 3429 659 3493 controversiis
682 3450 759 3492 cum
783 3427 921 3494 Graecis
945 3428 986 3493 de
1011 3439 1172 3515 potestate
1196 3442 1231 3496 et

103 3526 301 3590 auctoritate
323 3525 466 3590 Romani
488 3525 661 3590 Pontifieis
689 3547 808 3611 magno
841 3527 1013 3591 commodo
1048 3550 1129 3595 esse.
1174 3528 1227 3594 Ac

103 3645 222 3688 revera
252 3623 421 3706 videmus,
461 3622 592 3688 saeculo
623 3624 800 3688 undecimo
833 3647 855 3687 a
876 3647 901 3689 s.
925 3623 1037 3689 Leone
1060 3625 1128 3711 IX,
1168 3628 1227 3712 qui

105 3721 186 3786 illud
219 3731 256 3786 nt
287 3721 516 3786 authenticum
547 3721 709 3804 habebat,
741 3744 783 3786 ex
816 3721 1024 3788 Constantini
1055 3723 1227 3788 donodono

105 3829 219 3884 coroa
233 3819 432 3884 Michaelem
451 3817 679 3884 Caerularium
697 3821 777 3906 jura
799 3821 887 3886 sedis
901 3821 1070 3886 Romanae
1093 3831 1226 3886 smenue

106 3917 279 3985 vindicari.
305 3957 347 3966 -
372 3918 439 3984 Sed
455 3940 517 3982 nec
533 3916 727 3983 Hadrianus
745 3914 771 4004 I,
796 3940 897 4004 quum
915 3917 1060 3984 Graecos
1083 3928 1225 4004 urgeret,

107 4026 142 4078 ut
170 4017 380 4080 restituerent
409 4017 610 4102 patrimonia
639 4015 843 4102 amplissima
875 4017 1032 4083 ecclesiae
1056 4018 1228 4083 Romanae

179 4263 199 4334 ¹)
216 4263 256 4320 ct
275 4264 407 4324 liartena
428 4261 480 4317 Die
498 4262 628 4318 rimische
646 4263 736 4334 Frage
754 4281 780 4333 p.
800 4265 852 4319 344
871 4280 925 4332 sqq.
