2916 4842
304 1394 668 1520 Dissertatio
708 1401 1020 1547 vigesima
1059 1413 1306 1553 quarta.

239 1628 303 1710 De
324 1627 518 1710 dissidiis
546 1630 665 1712 lnter
683 1631 968 1717 Frlderleum
987 1633 1010 1715 Ι
1037 1634 1370 1737 Imperatorem

515 1747 560 1828 et
587 1747 810 1830 Romanos
836 1747 1094 1831 Pontffices.

331 2109 375 2174 l.·
405 2090 572 2172 Iriderico
596 2107 800 2173 Barbarossa
823 2110 1026 2196 Imperatore
1050 2114 1092 2194 (a.
1116 2113 1367 2203 1152-1190),

68 2207 360 2314 mJ'fflfl'ilfflum
382 2205 472 2270 lucta
496 2205 721 2271 funestissima
745 2207 831 2271 inter
854 2206 1036 2294 Imperium
1057 2218 1161 2298 ¹atque
1176 2210 1368 2279 Ecclesiam

112 2283 158 2314 ⁰⁰
194 2302 200 2316 '
238 2305 372 2386 exarsit,
402 2305 450 2368 ita
473 2302 609 2389 quidem
633 2313 670 2368 ut
693 2303 867 2368 dissidium
899 2304 983 2369 illud
1007 2306 1201 2372 diuturnum
1225 2309 1368 2397 ejusque

236 2400 388 2486 sequelae
419 2399 514 2465 alteri
546 2402 632 2487 parti
665 2399 788 2466 saeculi
821 2401 1010 2468 duodecimi
1035 2427 1165 2496 'magna
1197 2428 1240 2472 ex
1267 2419 1366 2494 parte

235 2523 329 2564 suam
376 2498 577 2565 contulerint
622 2499 767 2564 indolem
814 2501 1025 2586 peculiarem.
1074 2502 1238 2584 Quamvis
1280 2527 1365 2572 vero

233 2596 342 2663 luctae
373 2597 473 2684 hujus
505 2596 673 2683 objectum
703 2599 888 2682 generatim
912 2598 1012 2664 fuerit
1035 2600 1134 2684 idem,
1170 2623 1235 2688 quo
1259 2604 1364 2670 etiam

235 2696 410 2762 dissidium
443 2698 529 2760 inter
551 2693 736 2760 Henricum
760 2696 812 2758 IV
835 2719 875 2760 ac
900 2695 1101 2782 Gregorium
1123 2699 1192 2764 VH
1222 2700 1365 2788 ejusque

235 2816 438 2860 successores
470 2795 652 2858 excitatum
683 2803 747 2874 est,
777 2792 949 2858 Ecclesiae
972 2794 1130 2860 videlicet
1159 2795 1294 2863 libertas
1327 2811 1364 2864 et

229 2893 309 2979 jura
322 2891 365 2957 ab
377 2890 638 2978 Imperatoribus
656 2901 766 2976 spreta
790 2899 822 2956 et
838 2913 1009 2976 concussa,
1035 2892 1223 2959 differentia
1246 2904 1363 2962 tamen

234 2990 398 3078 quaedam
422 2994 515 3056 venit
537 2989 684 3055 notanda
706 2990 742 3054 in
766 2991 829 3054 ista
852 2990 1015 3055 Eriderioi
1039 3013 1115 3056 enm
1138 2991 1362 3060 Pontificibus

234 3089 410 3155 discordia.
461 3089 599 3154 Henrici
630 3089 679 3153 IV
717 3090 806 3152 enim
843 3110 951 3153 mores
992 3093 1155 3176 perversi,
1193 3095 1360 3176 tyrannis,

232 3189 374 3253 avaritia
412 3197 445 3252 et
474 3189 635 3253 simoniae
672 3197 841 3273 quaestus,
881 3187 1023 3253 multum
1059 3186 1282 3272 contulerunt,
1321 3203 1362 3256 ut

233 3286 408 3353 dissidium
468 3309 544 3352 oum
590 3284 751 3369 Gregorio
786 3284 854 3350 VH
902 3284 1136 3370 invalesceret3
1195 3297 1229 3352 et
1266 3289 1360 3373 quod

231 3384 403 3472 spectabat
425 3384 469 3449 ad
492 3383 645 3449 habitum
668 3384 756 3447 inter
777 3383 960 3468 Imperium
984 3395 1017 3449 et
1032 3383 1272 3467 Sacerdotium,
1297 3385 1358 3452 im·

231 3485 347 3572 primis
379 3483 420 3549 de
451 3483 663 3549 Investituris
692 3481 888 3546 dimicatum
917 3482 991 3547 suit.
1039 3483 1230 3548 Eridericus
1265 3504 1357 3567 vero,

231 3583 385 3669 quamvis
415 3583 547 3647 animus
580 3579 684 3645 elatus
707 3601 748 3643 ac
770 3578 932 3665 superbus
956 3589 989 3644 et
1012 3580 1207 3647 dominandi
1232 3582 1357 3668 cupido

230 3680 274 3746 ad
298 3679 401 3744 multa
431 3678 519 3744 mala
542 3700 619 3742 eum
642 3677 863 3764 abripuerint,
896 3699 1129 3764 perversorum
1152 3689 1264 3743 tamen
1288 3701 1357 3748 mo·

230 3801 304 3843 rum
334 3800 401 3843 non
433 3779 593 3862 arguitur,
627 3796 850 3861 magnamque
874 3777 1054 3862 acquisivit
1076 3777 1226 3862 gloriam,
1263 3779 1357 3863 quod

230 3897 306 3941 cum
336 3875 540 3957 fortitudine,
573 3873 690 3939 robore
720 3881 753 3936 et
784 3873 907 3938 virtute
930 3873 1114 3958 Imperium
1144 3874 1356 3941 administra-

228 3977 314 4040 verit
337 3985 370 4038 et
392 3975 531 4040 auxerit.
579 3971 645 4038 Sed
669 3993 707 4036 eo
732 3973 838 4054 magis
861 3973 966 4058 ipsius
988 3970 1078 4038 lucta
1102 3983 1216 4038 eontra
1239 3972 1355 4038 Eccle-

228 4077 311 4139 siam
342 4095 418 4136 eum
447 4072 626 4158 assumpsit
659 4068 894 4153 characterem,
934 4078 971 4133 ut
1003 4069 1042 4135 de
1071 4072 1153 4157 ipsis
1177 4071 1355 4157 principiis

226 4173 409 4260 pancratius,
440 4173 489 4235 uti
519 4170 587 4235 dici
615 4167 706 4250 solet,
741 4189 801 4232 seu
830 4167 871 4232 de
901 4166 1020 4232 babitu
1055 4169 1141 4232 inter
1163 4165 1353 4234 Ecclesiam

228 4279 261 4334 et
281 4267 463 4356 Imperium
489 4268 713 4333 dimicaretur.
