2836 4848
154 703 259 753 Gregorii

154 769 219 817 epist.
237 769 264 808 do

146 829 269 870 Fridertco.

296 453 349 508 398
493 453 622 507 xxv111.
643 453 683 507 Dc
701 459 779 508 statu
797 451 937 506 societatis
955 452 1047 507 christ
1067 468 1135 507 saec
1155 453 1232 508 XIII.

296 598 579 678 commemoravit,
608 596 649 661 de
673 607 770 683 pacto
794 596 837 661 ad
862 619 886 660 s.
913 595 1121 662 Germanum
1145 609 1221 662 ante
1248 598 1391 662 biennium
1412 649 1413 670 ,

296 694 445 759 confecto
476 697 539 759 ait:
584 692 756 780 ,Cumque
790 694 835 759 ad
865 717 891 760 s.
920 691 1127 760 Germanum
1162 718 1237 760 cum
1268 689 1413 782 pluribus}

296 791 517 857 Alemanniae
553 792 762 878 principibus
793 794 916 879 pariter
952 795 1205 876 convenissent,
1235 792 1413 879 Imperatorl

296 892 430 976 propria
454 911 554 954 manu
581 891 719 975 juravit,
753 890 843 976 quod
866 890 946 955 inde
970 891 1013 956 ad
1036 891 1221 975 biennium,
1253 891 1286 956 id
1309 894 1393 956 estin

296 991 450 1074 passagio
467 989 610 1072 Augusti
634 991 785 1074 proxime
802 1010 891 1053 nunc
908 991 1076 1071 transacti,
1102 992 1191 1054 omni
1207 991 1393 1055 excusatione
1412 1031 1413 1092 ,

296 1098 329 1151 et
352 1086 510 1152 dilatione
534 1085 739 1152 cessantibus
767 1087 1003 1170 transfretaret,
1036 1087 1126 1151 mille
1151 1087 1271 1152 milites
1293 1086 1394 1151 ibidem

295 1207 354 1270 per
377 1185 550 1250 biennium
575 1194 701 1249 teneret
723 1184 766 1249 ad
783 1187 930 1250 suum-in
956 1186 1123 1272 obsequiis
1147 1196 1252 1250 terrae
1276 1195 1394 1262 sanctae,

268 1309 274 1322 2
296 1294 428 1348 centum
454 1283 558 1348 millia
572 1285 746 1346 unciarum
770 1284 843 1346 auri
868 1285 901 1347 in
917 1285 1065 1370 quinque
1081 1286 1245 1370 passagiis
1268 1285 1394 1370 proximo

295 1394 375 1446 tunc
398 1382 518 1446 futuris
542 1380 620 1445 illuc
645 1379 834 1462 destinaret,
860 1384 958 1445 certis
974 1381 1176 1465 assignanda
1191 1383 1350 1467 personis:
1374 1392 1396 1441 et

295 1490 374 1544 tunc
400 1477 595 1543 cardinales
618 1478 781 1564 praedicti
813 1479 855 1543 de
877 1479 1092 1565 Imperatoris
1122 1503 1260 1544 assensu
1291 1481 1322 1543 in
1344 1479 1397 1562 ejus

296 1587 484 1662 conspectu,
519 1579 708 1662 principum
739 1600 779 1642 ac
803 1577 917 1664 populi
942 1580 1197 1658 circumstantis,
1221 1580 1396 1642 sententian

296 1677 651 1740 excommunicationis
681 1675 830 1761 publice,
861 1678 1057 1741 auctoritate
1089 1675 1185 1740 Sedis
1208 1674 1397 1762 Apostolieae

295 1773 510 1858 protulerunt,
536 1775 571 1838 in
595 1795 695 1859 quam
719 1773 882 1839 incideret
904 1774 1099 1861 Imperator,
1125 1777 1151 1838 si
1169 1775 1282 1839 forsan
1305 1775 1336 1837 in
1356 1771 1396 1835 uli·

295 1894 359 1957 quo
391 1871 547 1935 deficeret
576 1871 831 1956 praedictorum.
887 1871 1060 1957 Obligavit
1087 1895 1122 1936 se
1155 1873 1292 1958 insuper
1313 1873 1397 1954 Impe-

295 1979 383 2034 rator
405 1969 448 2034 ad
473 1979 607 2034 centum
632 1969 803 2034 calendras
835 1982 868 2034 et
890 1973 1133 2057 quinquaginta
1163 1970 1276 2054 galeas
1299 1971 1398 2034 ducen-

295 2068 354 2132 das
378 2077 411 2132 et
434 2067 594 2132 tenendas
619 2066 752 2133 biennio
779 2067 864 2133 ultra
880 2091 980 2150 mare,
1004 2092 1045 2133 ac
1069 2068 1157 2155 quod
1182 2071 1319 2154 insuper
1340 2069 1398 2132 duo

293 2167 357 2230 bus
385 2164 532 2230 millibus
556 2166 698 2230 militum
718 2169 914 2252 ⁴passagium
938 2169 1037 2231 certis
1060 2169 1210 2231 terminis
1234 2166 1396 2251 largiretur.

295 2267 327 2329 in
353 2266 500 2328 animam
525 2285 617 2328 suam
638 2265 746 2350 jurari
770 2265 906 2347 faciens,
936 2286 970 2329 se
995 2268 1057 2329 ista
1081 2287 1166 2351 quae
1191 2265 1336 2328 diximus
1357 2265 1398 2326 in·

295 2362 471 2447 pleturum,
496 2371 529 2425 et
551 2373 667 2448 sponte
692 2364 902 2427 consentiens
926 2364 960 2428 in
985 2364 1092 2448 ipsum
1118 2373 1151 2426 et
1166 2383 1306 2446 regnum
1322 2379 1398 2424 suum

294 2461 370 2524 ferri
396 2463 603 2540 sententiam,
633 2463 658 2524 si
685 2459 767 2524 hacc
791 2482 857 2524 non
881 2460 1005 2524 fuerint
1028 2459 1235 2524 observata.“
1262 2459 1398 2523 —Dein

295 2559 449 2623 Pontifex
479 2559 641 2622 Friderici
674 2558 847 2643 perfidiam
879 2557 1038 2644 deplorat.
1095 2558 1269 2640 „Qualiter
1296 2567 1397 2622 autem

295 2659 412 2742 iuquit,
444 2656 507 2720 hoc
538 2655 740 2740 impleverit,
772 2655 966 2720 advertatis.
1021 2656 1107 2720 Nam
1139 2678 1242 2742 quum
1275 2657 1317 2720 ad
1344 2656 1399 2739 ejus

194 2842 197 2851 Δ
295 2757 500 2842 frequentem
535 2756 726 2819 instantiam
761 2753 865 2818 multa
890 2756 1192 2838 crucesignatorum
1226 2755 1329 2819 millia
1356 2771 1400 2838 prr

295 2854 649 2917 excommunicationis
673 2855 870 2916 sententiam
896 2861 1072 2933 coarctata,
1097 2855 1132 2916 iu
1156 2855 1299 2916 termino
1322 2851 1400 2915 desti-

295 2961 373 3016 nato
407 2949 450 3014 ad
479 2959 609 3034 portum
634 2951 815 3016 Brundusii
840 2961 1080 3037 properassent,
1106 3002 1113 3015 .
1139 3002 1146 3016 .
1172 3001 1180 3015 .
1206 2951 1277 3035 ipse
1301 2951 1399 3036 (Impr-

295 3052 396 3130 rator)
421 3051 568 3112 omnium
593 3051 828 3134 promissorum
854 3071 939 3134 quae
955 3048 1167 3134 Apostolicae
1190 3047 1269 3113 Sedi
1294 3061 1325 3112 et
1346 3067 1400 3109 crn-

296 3149 473 3230 cesignatis
503 3169 563 3232 per
591 3147 716 3210 litteras
747 3169 823 3211 suas
855 3147 978 3210 fecerat
1008 3149 1191 3228 immemor,
1224 3145 1348 3210 tamdiu
1375 3145 1399 3206 iu

296 3248 414 3311 aestivi
439 3245 578 3309 fervoris
597 3244 768 3326 incendio,
793 3247 827 3308 in
851 3245 985 3329 regione
1010 3247 1124 3309 mortis
1147 3256 1180 3309 et
1202 3247 1289 3310 aeris
1313 3265 1399 3308 eorru

296 3343 394 3431 ptela‚
428 3343 571 3407 detinuit
594 3345 776 3407 exercitum
802 3341 1078 3425 Christianorum,
1112 3343 1200 3430 quod
1224 3365 1291 3408 non
1315 3342 1400 3408 solum

297 3466 418 3527 magua
450 3466 527 3529 pars
558 3441 677 3528 plebis,
709 3464 825 3507 verum
858 3445 958 3506 etiam
990 3464 1056 3506 non
1090 3441 1219 3506 modica
1245 3438 1400 3506 multitudo

296 3540 458 3606 nobilium
484 3552 516 3604 et
539 3550 733 3624 magnatum
757 3539 954 3626 pestilentia,
980 3541 1051 3604 sitis
1072 3541 1233 3605 aviditate
1249 3552 1282 3606 et
1295 3537 1401 3604 ardoris

297 3640 453 3704 incendio
477 3661 517 3702 ac
541 3637 653 3702 multis
671 3637 971 3703 incommodatibus
995 3640 1188 3723 exspiravit.
1233 3641 1324 3704 Inter
1337 3653 1402 3722 quus

298 3737 492 3803 defecerunt
514 3736 636 3800 nobilis
653 3739 705 3800 vir
724 3736 933 3823 lantgravius
958 3735 1188 3822 (Thuringiae,
1204 3737 1401 3803 Lucerias.-

298 3847 330 3901 et
361 3837 536 3920 episcopus
560 3836 791 3918 Augustensis.
842 3836 923 3898 Pars
957 3855 1035 3899 vero
1066 3857 1134 3900 non
1158 3839 1305 3918 minima,
1333 3831 1401 3895 infir·

298 3936 413 4000 mitate
437 3943 575 4018 gravata
598 3933 797 4017 regrediens,
823 3935 857 3998 in
874 3934 950 4014 viis,
975 3944 1008 3996 et
1023 3932 1128 4016 silvis,
1153 3931 1328 4012 montibus,
1350 3926 1400 4013 plu·

299 4034 390 4098 uitiis
414 4042 447 4096 et
470 4031 646 4117 speluncis,
664 4031 822 4096 occubuit
839 4032 911 4117 jam
928 4053 969 4095 ex
987 4041 1089 4118 parte.
1125 4030 1212 4096 Sane
1226 4029 1341 4116 reliqui
1356 4027 1400 4086 vit

298 4133 512 4217 Imperatoris
542 4129 677 4194 obtenta
709 4129 858 4209 licentia,
894 4128 971 4193 licet
1000 4128 1128 4214 galeae,
1163 4127 1346 4204 calendrae‚
1371 4139 1401 4185 at

299 4249 404 4292 naves
439 4227 641 4292 sufficientes
673 4228 716 4291 ad
750 4230 925 4293 transitum
954 4225 1160 4310 victualium,
1194 4225 1357 4292 hominum
1377 4233 1401 4280 et
