3000 4838
441 506 481 560 De
498 503 715 572 expeditionibus
733 503 868 558 cremetis.
944 469 946 474 ,
1035 561 1038 566 ¹
1196 501 1211 548 7

101 651 171 714 dem
192 662 229 715 ut
250 672 320 736 pax
344 649 503 714 continua
534 671 637 735 usque
661 647 703 712 ad
728 645 858 711 illorum
881 645 1025 709 reditum
1050 643 1214 708 servanda

99 757 186 812 esset
232 748 303 812 Nec
327 747 454 812 destitit
477 746 634 812 Urbanus
657 745 691 810 11
724 745 814 809 omni
839 765 905 828 qua
928 743 1035 827 potuit
1058 740 1211 808 sollicitu-

99 846 171 910 dine
193 845 318 912 bellum
341 845 558 909 hoc'sacrum
582 862 787 930 promovere,
812 843 994 926 meritoque
1018 841 1052 904 in
1076 841 1213 924 antiquo
1253 905 1256 914 ,

97 942 178 1008 illius
189 945 307 1008 aetatis
321 941 470 1026 catologo
486 941 695 1021 Pontificum,
721 939 884 1026 apostolos
896 940 1123 1026 ‚eapeditionis
1137 939 1211 1003 Jee-

95 1041 229 1106 surulem
251 1043 323 1128 ipse
346 1038 573 1128 appellatur.¹)
619 1039 673 1103 Ad
697 1036 855 1102 Alexium
880 1057 1012 1123 quoque
1035 1036 1212 1122 imperato·

95 1161 160 1204 rem
185 1137 352 1224 Optanum
376 1136 439 1202 sub
463 1137 562 1202 finem
586 1139 666 1201 anni
694 1136 779 1202 1096
809 1135 934 1199 litteras
958 1134 1060 1214 dedit,
1092 1133 1213 1220 quibus

93 1258 187 1304 cruce
230 1238 377 1320 signatos
408 1237 581 1300 *exercitus
611 1234 757 1304 maxime
788 1236 817 1297 ei
850 1232 1069 1300 commendat.
1122 1233 1213 1296 Inter

92 1333 175 1398 alia:
214 1331 321 1416 „Cum
346 1342 504 1398 stamtum
537 1333 668 1414 fuisset,
699 1331 831 1416 scribit,
861 1331 904 1395 ad
929 1329 1211 1396 Clarummontem

93 1433 292 1509 Arverniae,
316 1441 353 1494 ut
375 1430 609 1496 communibus
632 1431 720 1494 votis
750 1429 873 1494 bellum
897 1428 1057 1494 adversus
1079 1428 1212 1494 Sarace-

92 1553 149 1594 nos
171 1539 350 1613 gereretur,
375 1537 468 1592 tanta
489 1527 661 1592 hominum
686 1527 861 1592 multitudo
886 1548 984 1591 cruce
1000 1528 1130 1612 signata
1145 1535 1211 1608 est,

93 1639 127 1692 ut
148 1628 190 1693 ad
211 1639 360 1692 trecente
376 1626 549 1691 hominum
566 1626 670 1691 millia
685 1647 785 1690 censa
801 1625 935 1705 fuerint,
960 1625 1083 1689 ducum
1100 1635 1211 1689 autem

93 1727 342 1790 fortissimorum
366 1734 479 1790 tantus
493 1724 601 1806 ardor,
626 1735 663 1788 ut
682 1724 723 1788 de
739 1722 967 1809 recuperanda
980 1722 1227 1807 Hierosolyma

95 1823 228 1888 multum
263 1845 395 1910 sperare
427 1822 616 1888 debeamus.
654 1871 694 1888 ..
721 1874 728 1890 .
764 1821 819 1886 Ad
849 1821 908 1887 hos
941 1819 1018 1884 belli
1048 1823 1213 1886 maximos

92 1931 268 2006 apparatus
300 1942 406 1985 unum
436 1919 518 1986 illud
550 1922 713 2006 imprimis
743 1930 793 1984 est
820 1920 1053 1999 necessarium,
1087 1929 1124 1982 ut
1154 1929 1211 1984 tuo

94 2018 253 2104 praesidio
292 2027 545 2103 commeatuque
581 2028 692 2086 mutae
731 2018 847 2104 copiae
875 2017 1047 2102 juventur.
1100 2016 1211 2096 Quare

94 2115 149 2180 abs
170 2126 202 2180 to
233 2127 309 2202 peto
341 2117 500 2202 majorem
523 2117 559 2182 in
584 2116 734 2197 modum,
765 2125 802 2180 ut
825 2115 1090 2201 quibuscumque
1112 2113 1212 2179 rebus

94 2216 209 2298 poteris
227 2215 413 2300 justissimo
437 2213 522 2278 bello
545 2212 753 2299 gloriosoque
776 2212 960 2298 faveas.“²)

175 2331 207 2394 9.
243 2328 358 2394 Pauca
382 2328 423 2394 de
447 2331 538 2393 exitu
563 2331 691 2414 primae
716 2327 891 2393 Cruciatae
920 2327 1093 2394 advertere
1113 2328 1210 2415 juva·
1228 2343 1309 2385 axius
1324 2340 1381 2412 ‹tra›

99 2423 146 2492 bit
193 2427 289 2491 Haec
321 2429 448 2512 primae
480 2426 579 2513 hujus
615 2427 837 2512 expeditionis
872 2428 1005 2512 propria
1038 2426 1210 2492 calamitas
1262 2411 1344 2450 Μ·

94 2524 160 2606 luit,
189 2535 227 2589 ut
258 2527 292 2590 in
323 2525 404 2612 ipsis
438 2526 542 2589 initiis
566 2524 661 2610 plura
696 2524 799 2589 millia
823 2523 995 2589 hominum
1021 2527 1138 2589 misere
1163 2527 1209 2589 in·

92 2625 246 2706 terierint,
271 2625 328 2709 qui
352 2624 625 2710 praecipitatione
649 2623 794 2709 quadam
807 2622 942 2687 Petrum
957 2623 1138 2688 Eremitam
1155 2623 1209 2688 vel

91 2719 168 2784 alios
192 2721 294 2806 hujus
313 2721 445 2805 generis
461 2721 561 2785 duces
576 2722 745 2806 imperitos
761 2719 993 2808 sequebantur.
1025 2723 1207 2805 Agminum

92 2819 222 2883 istomm
247 2821 401 2884 interitus
424 2818 502 2883 inde
525 2820 688 2904 provenit,
713 2818 803 2905 quod
827 2818 970 2883 ducibus
993 2821 1040 2884 rei
1058 2818 1209 2883 militaris

92 2917 249 3003 imperitis
274 2917 488 2998 confiderent,
513 2917 601 3004 quod
618 2927 829 3003 praepostera
844 2917 989 3003 quadam
1006 2919 1041 2981 in
1057 2917 1209 2982 divinam

92 3014 334 3098 providentiam
358 3014 560 3079 confidentia
583 3015 692 3080 media
715 3014 863 3079 humana
881 3015 1095 3100 negligerent,
1119 3016 1207 3102 quod

93 3111 196 3196 plures
226 3133 341 3176 eorum
366 3113 475 3176 varios
504 3134 660 3178 excessus
689 3114 883 3199 praesertim
908 3114 944 3177 in
966 3113 1113 3180 Judaeos
1143 3115 1207 3180 sibi

93 3211 325 3294 permitterent,
349 3209 504 3296 quodque
527 3232 635 3297 neque
659 3233 693 3275 se
717 3213 753 3275 in
777 3212 917 3275 formam
935 3211 1017 3297 justi
1042 3214 1209 3278 exercitus

94 3318 334 3394 componerent,
366 3329 474 3394 neque
504 3330 619 3373 earum
648 3311 797 3395 gentium
829 3309 968 3374 insidias
992 3309 1207 3396 declinarent,

93 3427 226 3490 quarum
251 3407 403 3491 regiones
426 3405 658 3492 peragrabant.
687 3407 802 3471 Potius
826 3417 904 3470 sunt
927 3409 1207 3473 commemorandi

94 3500 136 3566 illi
157 3505 335 3587 exercitus,
359 3504 416 3589 qui
441 3503 542 3568 duces
566 3503 735 3569 habebant
758 3503 876 3568 illustri
900 3503 971 3569 loco
996 3516 1090 3570 natos
1114 3517 1146 3570 et
1160 3509 1207 3571 rei

95 3599 240 3666 militaris
268 3602 400 3686 peritos.
446 3600 490 3664 Hi
524 3601 665 3665 diversis
688 3601 863 3667 itineribus
887 3601 1207 3690 Constantinopolim

95 3709 325 3780 convenerunt,
351 3709 384 3762 et
407 3701 560 3784 quamvis
583 3700 673 3785 apud
692 3699 839 3764 Graecos
854 3721 919 3765 non
936 3723 1008 3765 cam
1025 3703 1208 3766 amicitiam

98 3815 153 3858 nec
175 3819 213 3860 ea
236 3795 363 3861 auxilia
385 3817 470 3882 quae
494 3807 709 3884 speraverant
724 3799 926 3880 invenirent,
950 3807 1061 3862 amen
1079 3819 1208 3865 summa

97 3913 168 3956 cnm
190 3895 310 3958 virtute
341 3895 404 3960 iter
433 3917 473 3958 ac
496 3895 619 3960 bellum
652 3917 783 3960 sacrum
807 3899 973 3981 prosecuti
997 3907 1083 3960 sunt.
1131 3896 1207 3963 Om-

98 3989 184 4054 nium
207 3991 274 4056 dnx
298 3994 452 4078 princeps
476 3995 672 4058 constitutus
707 4002 756 4057 est
779 3992 981 4059 Godefridus
1008 3994 1207 4060 Bolionaeue'

170 4215 186 4272 'l
203 4211 338 4270 lamberti
356 4213 574 4269 Andomariensis
594 4214 733 4271 Chronica.
752 4213 815 4271 HG.
834 4214 878 4270 88.
897 4215 930 4272 V.
950 4215 994 4274 66.

168 4289 189 4360 ¹)
206 4293 289 4362 Epist
307 4295 333 4350 d.
353 4295 388 4349 2⁶
406 4293 470 4350 Dec.
490 4310 515 4350 a.
535 4294 619 4363 10963
638 4311 681 4364 ap.
700 4294 855 4349 watterich
873 4295 895 4351 Ι.
914 4297 976 4352 605.
