2964 4838
395 458 434 512 De
452 458 572 514 Concilio
588 458 769 514 Latersnensi
787 459 821 516 V.
1117 460 1172 516 461

55 603 131 664 rimu
150 599 291 666 Concilio
310 625 373 687 per
395 604 542 686 antium
561 612 674 688 patrea
694 603 957 669 mansitabat
971 602 1118 688 filerunt,
1143 613 1173 666 et

54 699 236 775 Altiarietus,
256 700 347 764 Petri
376 700 480 774 sedem
509 698 661 764 collocari
691 699 809 780 voluit,
843 699 1114 786 litteratorumqsce
1143 711 1174 764 et

48 799 218 882 peritorum
231 819 377 862 aarum
393 799 538 883 copiosas
551 797 692 876 liabetur,
703 807 779 884 pust
784 797 908 884 sesacni
919 799 1174 864 Resurrectionis

53 895 90 958 D.
115 896 158 958 N.
182 895 217 961 J.
244 893 278 962 C.
304 897 453 981 proxim
476 895 628 982 fumeum
657 896 871 962 inchoandum
900 919 984 960 nano
1008 897 1050 962 D.
1081 899 1172 962 1512

53 990 99 1056 die
121 990 215 1058 lunae
248 993 308 1056 19⁰
335 995 452 1058 menis
475 994 611 1079 Aprilis,
642 993 873 1072 celebrandum,
905 1005 934 1058 et
962 1005 998 1059 ut
1020 995 1171 1080 sequitur,

52 1100 171 1154 emtore
199 1091 354 1170 Domino,
376 1090 557 1174 finiendum
586 1091 825 1169 mirmidonas,
858 1111 1076 1170 convocamus,
1107 1103 1171 1156 stu·

52 1186 170 1264 taicum,
194 1186 363 1252 indicimus
387 1199 417 1252 et
440 1188 667 1276 ordinemus.¹)

134 1281 187 1352 66.
218 1285 460 1352 Verumtamen
476 1287 671 1352 Ludovicus
691 1285 821 1352 Galliae
843 1309 903 1352 rex
926 1295 960 1352 et
974 1259 1344 1363 cardinalenffssss'fsslsslss'ss„

49 1379 183 1444 rebelles
207 1404 227 1445 a
251 1384 376 1467 coeptis
399 1405 465 1448 non
498 1383 712 1466 destiterunt;
747 1384 805 1450 sed
830 1375 885 1448 die
911 1385 947 1450 1⁰
969 1383 1171 1451 Novembris
1221 1385 1300 1426 “⁰¹¹2

49 1499 76 1540 a.
102 1479 184 1547 1511
211 1479 470 1546 conciliabulum
496 1483 580 1546 Pisis
605 1492 865 1567 congregarunt,
892 1484 1005 1548 animo
1029 1485 1077 1548 uti
1103 1483 1172 1548 vul·

47 1573 169 1658 gabant
199 1576 370 1644 Ecclesiae
402 1579 634 1646 reformandae
666 1603 742 1646 cum
776 1581 810 1646 in
843 1579 1001 1646 membris
1032 1590 1102 1646 tum
1136 1583 1170 1646 in

48 1675 153 1758 capite
177 1673 240 1740 hoc
264 1677 500 1770 esthntifiee,
525 1677 675 1764 adeoque
698 1679 801 1764 ipsius
814 1677 1065 1744 exauctorandi.
1103 1678 1170 1746 Sed

47 1769 175 1854 Pisani,
208 1776 363 1858 quamvis
386 1774 598 1840 Florentinae
622 1778 677 1841 cui
701 1774 864 1861 parebant
886 1775 1090 1860 reipublicae
1114 1778 1171 1842 im·

47 1872 136 1953 peric
159 1871 270 1938 adacti
295 1883 406 1938 essent
426 1873 469 1938 ad
494 1884 624 1939 coetum
649 1873 742 1940 illum
767 1873 1023 1958 admittendum,
1046 1877 1172 1960 apertis

46 1989 120 2032 enm
143 1967 413 2036 execrationibus
436 1973 483 2036 uti
508 1971 705 2058 sacrilegum
730 1993 892 2057 excepere
899 2021 908 2052 ,
937 1993 1045 2056 neque
1068 1995 1103 2036 se
1126 1973 1172 2037 ab

46 2065 110 2130 ulla
140 2068 385 2151 significatione
416 2078 625 2154 contemptus
656 2079 690 2134 et
719 2069 938 2134 aversationis
967 2067 1171 2159 abstinuere,

46 2164 273 2230 conclamante
297 2187 356 2252 per
378 2165 516 2230 liberam
543 2166 808 2250 indignationem
832 2165 971 2251 populo,
1001 2165 1100 2250 longe
1123 2171 1170 2232 in-

45 2259 263 2346 digentiorem
287 2262 530 2328 reformationis
554 2283 626 2328 esse
648 2263 1045 2350 quemlibeteo'e'untium,
1069 2285 1170 2350 quam

45 2359 65 2422 ii
98 2361 141 2426 ad
177 2381 260 2447 quos
283 2360 511 2426 reformandos
535 2385 569 2425 se
594 2362 791 2426 convenisse
820 2359 1005 2446 jactabant.
1054 2361 1173 2430 Clarus

45 2478 108 2522 non
133 2459 232 2524 modo
256 2461 425 2524 recusavit
447 2458 566 2544 synodi
591 2458 820 2524 functionibus
836 2461 1004 2540 interesse,
1028 2460 1171 2526 sednon

43 2553 138 2620 aliter
161 2579 263 2643 quam
282 2557 378 2642 jussu
402 2556 608 2642 reipublicae
624 2565 758 2622 coactus
779 2578 875 2622 usum
890 2555 1049 2620 ecelesiae
1073 2561 1171 2624 sacri·

43 2673 105 2736 que
122 2663 260 2720 ornatus
276 2656 448 2720 concessit.
471 2653 667 2722 Translatus
676 2664 727 2718 est
735 2653 823 2734 dein,
844 2652 951 2718 tribus
967 2656 1173 2720 sessionibus

44 2748 183 2834 habitis,
215 2774 317 2839 quum
343 2751 479 2838 praelati
504 2775 584 2818 suae
608 2754 763 2816 timerent
786 2745 1024 2832 incolumitati,
1056 2765 1175 2819 coetus

43 2847 95 2914 ille
117 2849 367 2931 Mediolanum,
393 2872 514 2934 magna
538 2849 710 2918 Gallorum
734 2851 920 2916 antistitum
943 2849 1087 2934 laetitia,
1112 2856 1170 2939 qui

43 2968 108 3012 una
132 2969 211 3014 cum
236 2948 385 3014 Alibreto
403 2948 584 3032 Cardinali‚
610 2948 786 3014 dumtaxat
809 2958 899 3014 metu
923 2950 1010 3033 regis
1034 2971 1169 3016 concur·

41 3043 170 3126 rebant,
195 3046 338 3133 ideoque
361 3050 642 3133 opportunitatem
666 3046 850 3133 quamlibet
872 3046 944 3132 ejus
964 3047 1169 3114 dissolvendi

41 3145 166 3229 cupide
199 3145 450 3231 conquirebant.
508 3146 638 3210 Verum
673 3143 855 3210 Mediolani
890 3165 967 3208 cum
1009 3144 1171 3230 despectu

41 3243 154 3326 regiae
175 3245 383 3308 auctoritatis
407 3245 531 3328 recepti
556 3253 633 3308 sunt
665 3263 732 3308 non
756 3252 794 3306 ut
817 3241 1012 3308 Cardinales
1035 3253 1068 3308 et
1091 3243 1168 3329 upi-

39 3342 143 3426 scopi,
168 3340 228 3406 sed
252 3351 289 3404 ut
304 3339 424 3425 perditi
448 3363 489 3406 ac
504 3339 655 3406 scelerati
670 3339 833 3406 homines.
871 3339 1014 3404 Praelati
1030 3339 1172 3408 rebelles

38 3439 179 3521 triginta
210 3439 342 3502 circiter
373 3460 527 3520 numero,
568 3440 655 3504 inter
695 3457 778 3524 quos
812 3447 938 3523 septem
963 3437 1168 3521 Cardinalee,

38 3533 260 3602 nibilominus
282 3537 520 3602 continuarunt
550 3535 810 3602 conciliabulum
833 3554 948 3616 suum,
981 3558 1022 3600 ac
1045 3535 1168 3602 Medic-

38 3628 107 3698 lani
133 3632 189 3698 die
208 3635 252 3700 4⁰
265 3633 419 3700 ianuarii
443 3656 472 3700 a
491 3634 587 3716 1512,
611 3643 773 3719 quartam,
798 3633 874 3702 dein
900 3647 1047 3700 caeteras
1064 3657 1172 3721 usque

38 3729 80 3794 ad
118 3732 472 3798 octavamaessioues
510 3732 710 3798 babuerunt.
757 3731 796 3796 In
831 3730 884 3796 bis
914 3731 1018 3796 multa
1053 3743 1172 3798 contra

38 3829 272 3894 auctoritatem
303 3829 342 3894 lt
366 3828 538 3896 Pontificis
570 3851 700 3896 summa
730 3852 807 3896 cum
838 3832 1028 3914 arrogantia
1057 3831 1171 3898 decre·

39 3937 177 4004 veruut;
200 3926 331 3993 Julium
355 3949 415 3994 ceu
440 3931 606 3995 notorium
627 3929 769 3996 Concilii
795 3926 1067 4014 perturbatorem,
1092 3951 1168 3994 eon·

37 4035 208 4090 tumacem
241 4035 274 4088 et
296 4024 486 4094 schismatis
505 4039 676 4094 auctorem
709 4027 752 4092 ab
777 4028 867 4092 omni
892 4026 1062 4094 Ecclesiae
1085 4031 1172 4112 regi-

114 4237 137 4308 ι)
158 4237 191 4296 V.
210 4237 344 4306 Raynald.
364 4254 389 4294 a
410 4239 488 4296 retr.
507 4255 553 4297 uu.
573 4243 590 4293 9
608 4255 665 4307 sqq,
