2902 4848
321 431 374 484 346
447 431 559 488 XXXV.
585 431 624 486 De
644 431 745 488 Concil.
764 431 918 512 Basileensi
935 447 966 485 ac
983 431 1017 485 de
1035 431 1134 498 synon
1153 431 1319 486 Florentino.

321 575 388 639 Hic
413 575 467 640 die
492 576 529 638 8⁰
553 574 753 640 Novembris
776 574 886 638 Sessio
910 573 1074 658 generalis
1098 574 1215 640 habita
1238 585 1296 657 est,
1320 577 1356 639 in
1377 597 1419 661 qna

321 674 416 736 varia
434 674 467 736 in
485 671 635 737 Concilio
653 671 901 737 Constantiensi
925 683 1066 737 tractata
1082 673 1278 738 confirmata
1300 673 1437 750 fuerunt,

321 781 354 834 et
386 772 485 841 etiam
518 771 559 836 de
587 773 710 836 unione
742 769 947 836 Graecorum
979 780 1091 838 actum
1128 783 1186 838 est.
1241 771 1304 838 sed
1340 792 1419 858 quun

320 870 421 933 etiam
455 867 559 933 Senes
593 871 691 954 pauci
726 879 854 934 tantum
895 869 1012 934 Patres
1048 871 1236 950 venissent,
1275 891 1336 933 nec
1374 891 1421 954 spes

320 966 504 1051 affulgeret,
528 966 639 1054 plures
664 967 825 1053 deinceps
850 977 1008 1032 venturos
1031 990 1118 1049 esse,
1148 989 1251 1053 quum
1275 979 1421 1054 praetem

320 1063 406 1129 bella
430 1064 580 1151 eliaeque
596 1065 801 1130 calamitates
817 1067 1019 1151 ingruerent,
1044 1076 1077 1129 et
1091 1068 1125 1131 in
1143 1064 1292 1130 Concilio
1309 1075 1437 1160 exosae,

320 1173 430 1228 essent
452 1162 526 1228 lites
551 1163 591 1228 de
615 1165 812 1228 auctoritate
835 1164 1007 1228 Pontifici·
1040 1173 1072 1228 et
1096 1161 1249 1245 Concilii,
1285 1185 1322 1227 eo
1358 1160 1437 1250 qnod}

319 1261 423 1348 aliqui
440 1262 573 1328 decreta
589 1261 732 1327 Concilii
751 1260 1013 1326 Conetantieneia
1035 1263 1069 1326 in
1083 1260 1229 1326 alienum
1246 1283 1384 1326 sensum
1395 1283 1437 1352 re,

319 1361 488 1445 ferrent21)
523 1360 687 1424 Martinus
711 1360 753 1441 V,
790 1359 922 1425 duobus
946 1357 1051 1424 Senes
1085 1361 1194 1424 missis
1224 1357 1357 1441 legatie,
1392 1357 1437 1420 lie

302 1456 380 1521 '19⁰
404 1458 578 1522 Februarii
610 1481 639 1524 a.
668 1455 966 1522 marcomirum
999 1467 1073 1543 post
1096 1460 1238 1542 primam
1263 1461 1422 1520 sessionem

319 1553 480 1638 dissolvit,
517 1567 551 1620 et
580 1576 705 1620 novum
730 1553 918 1620 Concilium
949 1557 1122 1640 septennio
1146 1539 1224 1641 'post
1248 1557 1281 1618 in
1307 1558 1423 1619 civitae

319 1653 450 1718 Basilea
475 1663 717 1718 conventurum
742 1653 907 1735 indixit.²)

408 1753 438 1815 4.
472 1749 652 1836 Septentrio
677 1751 799 1837 elapso,
825 1751 879 1816 die
907 1749 1129 1816 l⁰Februarii
1154 1775 1184 1816 a.
1212 1751 1307 1826 1431,
1334 1751 1423 1814 Marti·

319 1871 382 1913 nus
414 1849 594 1914 destinavit
624 1861 661 1913 ut
690 1849 836 1933 legatum
873 1871 968 1914 suum
1000 1850 1043 1914 ad
1075 1851 1244 1914 civitatem
1277 1849 1423 1914 Basilesn

320 1943 532 2012 Cardinalem
563 1947 736 2013 lulianum
771 1946 957 2031 Caesarini,
991 1969 1067 2012 cum
1099 1947 1198 2034 plena
1230 1959 1263 2010 et
1293 1947 1424 2011 absoluo

319 2055 480 2130 potestate
520 2045 668 2110 Concilio
709 2045 909 2111 celebrando
953 2048 1058 2131 ipsius
1097 2045 1271 2110 Pontifieis
1309 2048 1424 2109 nomin

319 2143 551 2227 praesidendi,
589 2155 689 2231 atque
722 2146 754 2208 in
787 2143 842 2208 illo
875 2143 1083 2230 proponendi
1115 2154 1149 2207 et
1180 2165 1255 2206 cum
1287 2141 1424 2206 Patrius

319 2239 526 2306 deliberandi
551 2265 591 2305 ao
607 2242 785 2323 statuendi,
810 2263 895 2328 quae
918 2241 963 2306 ad
987 2241 1249 2327 cesterpationem
1270 2242 1425 2304 haeresen.

318 2340 361 2404 ad
385 2341 552 2406 cla-istium'
575 2339 660 2404 orbis
678 2364 800 2427 pacem,
825 2340 867 2405 ad
891 2363 1012 2404 morum
1034 2339 1292 2426 reformationem
1312 2338 1426 2424 aliaque

318 2440 531 2522 pertinerent.
558 2438 695 2502 Interim
722 2449 871 2502 mortuus
894 2449 943 2501 est
967 2437 1130 2502 Martinus
1154 2437 1184 2500 V
1217 2437 1271 2502 die
1301 2437 1364 2500 21⁰
1389 2435 1425 2498 Fe·

318 2534 443 2600 bruarii
468 2559 499 2600 a.
526 2537 621 2621 1431,
655 2549 687 2599 et
720 2535 774 2600 die
798 2536 836 2600 3⁰
860 2536 972 2602 Martii
996 2535 1149 2601 Pontifex
1174 2547 1305 2599 creatus
1330 2533 1427 2598 Cardi-

319 2633 403 2698 nalis
420 2633 556 2700 Gabriel
575 2632 812 2713 Condolmieri,
838 2631 990 2718 Gregorii
1008 2633 1080 2698 ΧΙΙΙ
1101 2655 1214 2720 nepos,
1239 2634 1295 2720 qui
1321 2651 1425 2696 nomen

316 2734 446 2818 accepit
477 2733 636 2816 Eupecica
670 2733 728 2796 IV.
787 2731 852 2796 Hic
886 2733 980 2796 initio
1018 2732 1151 2796 videtur
1185 2731 1367 2795 haesitasse
1401 2728 1427 2790 de

316 2828 515 2894 celebrando
557 2827 724 2910 Concilio,
776 2830 832 2894 sed
873 2851 932 2915 per
970 2829 1096 2894 litteras
1135 2828 1166 2895 d.
1198 2829 1230 2894 d.
1269 2829 1329 2893 29⁰
1361 2825 1426 2909 llnji

315 2951 345 2992 a.
373 2927 456 2992 1431
484 2926 656 2992 Cardinali
682 2926 863 3007 Caesenni,
893 2929 964 3014 jam
990 2929 1023 2992 in
1048 2927 1211 2992 Bolremia
1236 2926 1277 2991 de
1302 2927 1428 3010 negotiis

316 3025 529 3090 Hussitarum
560 3037 733 3110 occupato,
766 3025 967 3109 legationem
992 3027 1091 3090 etiam
1117 3025 1227 3111 quoad
1252 3022 1426 3088 Concilium

316 3123 537 3188 confirmavit.
586 3123 768 3204 Caesarini,
800 3145 902 3208 quum
927 3125 1036 3208 ipsum
1061 3122 1127 3188 alia
1157 3125 1291 3208 negotia
1318 3121 1427 3186 detine·

315 3233 397 3306 rent,
425 3243 503 3286 usus
527 3222 625 3307 plena
649 3231 812 3308 potestate
829 3223 858 3286 ei
877 3243 1046 3304 concessa,
1070 3221 1236 3286 Basileam
1252 3223 1341 3286 misit
1359 3219 1427 3282 duo<

315 3319 489 3405 praelatos,
529 3321 694 3384 Joennem
723 3318 877 3384 Polemar
907 3319 1092 3384 auditorem
1126 3322 1209 3383 sacri
1243 3317 1367 3405 palatii,
1403 3331 1427 3376 et

314 3416 480 3483 loannem
513 3418 554 3481 de
585 3417 729 3501 Ragusio
763 3418 930 3483 doctorem
962 3418 1198 3502 Parisiensem‚
1235 3428 1272 3481 ut
1306 3417 1426 3481 nomin»

314 3515 487 3580 Pontificis
511 3515 661 3582 Concilio
686 3516 925 3601 praesiderent.

404 3615 435 3678 5.
483 3615 633 3678 Basileae
659 3615 799 3696 interea,
834 3636 897 3700 quo
924 3614 977 3678 die
1003 3617 1212 3699 septennium
1237 3639 1255 3678 a
1281 3611 1423 3678 dissoluto

314 3711 442 3795 synodo
490 3709 630 3777 Senensi
677 3711 825 3798 elapsum
873 3723 955 3793 erat,
1000 3714 1156 3798 apparuit
1201 3713 1288 3778 solus
1330 3707 1423 3774 abbae

315 3808 554 3891 Vinaleeensis,
591 3819 623 3873 et
655 3809 757 3874 veluti
790 3811 922 3874 initium
955 3810 1123 3896 quoddam
1156 3811 1236 3876 fecit
1265 3803 1420 3896 aperiendi

389 4047 410 4117 ¹)
429 4049 463 4101 V.
483 4048 575 4104 Labbe
594 4049 654 4102 XIL
675 4049 735 4104 318.
756 4051 817 4106 379.

387 4129 408 4190 ²)
428 4128 472 4184 De
488 4129 523 4183 iia
542 4144 612 4195 quae
631 4129 733 4198 Papiae
752 4136 781 4184 et
798 4131 875 4185 Senia
894 4138 975 4198 gesta
993 4138 1058 4185 sunt
1074 4141 1169 4186 nostro
1188 4133 1285 4187 dunum
1307 4133 1417 4190 mpori-

314 4215 441 4262 accurate
460 4210 596 4263 tractavit
616 4209 656 4264 lll.
676 4209 774 4263 Helela
793 4211 821 4268 C.
842 4209 874 4266 G.
894 4210 924 4265 T.
946 4210 1005 4269 VII.
1025 4211 1050 4282 ᾖ.
1070 4211 1133 4270 780.
