2828 4842
257 490 299 546 De
316 489 427 546 dissidio
445 505 505 546 oum
522 489 629 546 Josnue
647 489 765 559 Augliss
783 505 856 559 rege
1071 489 1125 544 eet

31 635 54 696 l·
69 633 280 700 incommoda
302 656 389 722 quae
412 655 473 720 per
494 656 529 698 se
553 655 595 698 ex
611 634 774 721 ejusmodi
791 631 967 698 interdicto
984 653 1125 718 sequun-

30 746 63 794 tur
85 753 138 817 pro
164 731 300 819 populo,
337 731 429 796 haud
457 741 535 796 sunt
564 734 647 797 tanti
679 731 844 812 habenda,
884 739 921 794 ut
950 739 1127 816 propterea

29 830 214 896 interdictum
238 829 281 895 ob
304 832 422 914 gravia
445 831 572 894 motiva
595 829 699 895 latum
722 829 920 894 solvendum
944 829 996 910 eit,
1020 849 1124 914 quum

24 928 89 1010 justa
108 931 150 994 sit
175 927 341 1014 ejusmodi
364 949 481 1014 poena.
505 965 550 976 —-
572 929 612 994 3⁰
633 927 701 994 Sed
724 929 752 994 ei
775 925 924 1014 pericula
943 925 1126 1012 peculiaria

27 1025 150 1092 fidelibus
183 1036 217 1092 et
240 1025 411 1091 Ecclesiae
441 1025 520 1092 inde
544 1026 727 1107 dimanant,
760 1027 877 1091 merito
902 1025 1064 1109 mitigatio
1088 1026 1124 1089 in

25 1126 173 1190 ctoritate
206 1123 396 1205 adhibetur,
435 1126 481 1188 ita
513 1134 635 1206 tamen,
675 1134 712 1188 ut
741 1122 814 1188 aliis
846 1131 978 1187 reorum
1008 1124 1126 1207 poenis

26 1219 177 1308 disciplina
205 1221 431 1287 ecclesiastica
464 1221 663 1305 vindicetur,
696 1233 729 1287 et
759 1221 908 1286 remedia
935 1219 979 1284 ad
1010 1241 1124 1286 eorum

23 1322 218 1385 resistentiam
243 1319 461 1406 frangendam
484 1320 717 1388 adhibeantur.
742 1357 786 1368 -
810 1319 986 1384 Caeterum
1011 1340 1124 1384 ceusu·

24 1437 62 1479 rsa
86 1421 160 1484 istas
194 1418 364 1484 interdicti
397 1429 430 1484 et
453 1420 810 1485 excommunicationis
833 1440 872 1500 ea
895 1427 1002 1482 aetate
1026 1416 1125 1482 valde

22 1514 96 1580 utiles
123 1527 157 1582 et
193 1517 348 1582 efficaces
377 1517 478 1582 fuisse
509 1517 553 1583 ad
580 1516 856 1603 compescendam
879 1516 1068 1602 principum
1093 1523 1128 1580 et

21 1633 171 1695 procerum
204 1618 407 1702 proterviam
442 1626 477 1680 et
507 1615 700 1697 libidinem,
741 1614 939 1700 multiplicia
972 1612 1126 1700 exempla

21 1712 230 1798 comprobant

522 2065 606 2128 m

118 2223 190 2286 De
211 2222 390 2287 cosmo
412 2223 525 2286 aster
547 2223 843 2288 remaneam
864 2221 940 2286 m
962 2203 1005 2284 'es

271 2319 483 2386 Joamwm
504 2319 682 2401 Astatiae
703 2337 855 2402 repom.

86 2496 140 2560 50.
190 2496 268 2561 Jam
300 2496 343 2560 de
374 2494 511 2561 dissidio
543 2517 696 2581 agamus,
711 2494 820 2582 ·quod
847 2492 998 2581 pluribus
1028 2493 1126 2556 annis

14 2595 142 2674 perstitit
166 2595 255 2658 inter
277 2594 444 2659 Joannem
457 2592 601 2680 Angliae
625 2615 736 2679 regem
760 2603 794 2658 et
815 2593 1048 2658 Innocentium
1063 2589 1125 2672 III,

15 2700 41 2749 ut
60 2689 235 2755 Pontificis
262 2690 326 2756 bac
356 2693 391 2756 in
416 2714 451 2756 re
474 2701 568 2776 gesta
591 2713 797 2778 exponamus
821 2701 854 2755 et
876 2691 1023 2754 examini
1052 2685 1126 2751 sub·

10 2784 162 2870 jiciamus.
211 2789 327 2853 Pauca
355 2791 598 2876 praemittimus
626 2789 668 2854 de
700 2789 843 2874 regibus,
883 2789 939 2875 qui
967 2784 1126 2870 Angliam

14 2886 128 2951 saeculo
155 2887 351 2952 doodeoimo
376 2888 418 2952 sd
443 2890 621 2952 terminum
645 2898 803 2972 vergente
826 2897 860 2951 et
875 2887 1005 2951 decimo
1029 2884 1126 2947 tertio

13 2981 133 3048 ineunte
158 2996 327 3068 rexerunt,
351 3008 418 3074 quo
441 2986 560 3051 melius
583 3009 693 3050 rerum
717 3007 802 3072 quae
825 2985 868 3049 ad
885 3007 944 3048 nos
959 2983 1128 3069 pertinent

14 3085 167 3147 enarratio
193 3083 409 3168 intelligatur.
434 3121 478 3133 -
502 3085 670 3150 Heuricus
703 3085 751 3166 II,
790 3084 831 3148 de
863 3105 928 3170 quo
967 3084 1001 3146 in
1026 3102 1128 3146 causa

11 3309 184 3368 benedictione
209 3318 239 3370 et
261 3313 300 3368 les
325 3314 499 3369 chatiments.
537 3313 670 3384 L'Eglise,
695 3331 729 3371 en
752 3330 781 3371 se
802 3321 914 3370 serrant
938 3316 971 3370 de
989 3316 1128 3373 l’lnterdit

10 3407 97 3448 ornae
121 3411 219 3462 moyen
246 3393 280 3448 de
305 3395 440 3462 punition,
467 3395 575 3463 pensait
594 3411 646 3462 que
665 3396 692 3449 lo
708 3396 847 3465 priuation
866 3396 912 3450 des
930 3401 1026 3466 greces
1045 3399 1126 3455 ecole-

13 3473 146 3542 siastiques
166 3474 250 3529 serait
268 3474 329 3542 plus
347 3475 465 3530 sensible
477 3491 512 3529 su
525 3475 648 3532 chretien
661 3490 713 3544 que
725 3477 772 3530 des
783 3475 947 3531 souffranoes
960 3479 1127 3547 corporelles,

11 3560 34 3603 et
48 3554 107 3621 qu’il
134 3555 208 3610 etait
221 3555 298 3623 juste
315 3555 350 3608 de
368 3555 467 3610 retirer
484 3572 539 3610 aus
557 3557 624 3611 laios
643 3557 681 3611 les
705 3556 781 3611 biens
804 3556 951 3623 spirituas,
977 3559 1067 3625 quand
1093 3560 1127 3616 ils

11 3638 178 3702 utsquaieut
194 3635 232 3690 leo
250 3635 327 3690 biens
347 3636 490 3704 temporels
508 3636 554 3690 des
573 3635 663 3702 clercs,
689 3653 723 3691 ou
742 3637 781 3690 les
799 3638 994 3696 deterioraieut
1011 3655 1062 3707 par
1080 3643 1128 3698 dee

12 3713 144 3770 demandes
171 3714 274 3782 iniques
299 3715 333 3769 de
351 3722 429 3770 taxes
448 3732 482 3770 ou
508 3718 541 3771 de
560 3716 766 3773 contributione.
802 3716 841 3771 Le
868 3718 932 3772 chef
956 3719 988 3774 de
1014 3718 1127 3788 l'Eglise

12 3797 76 3849 arsit
93 3795 218 3864 employe
237 3811 280 3850 ees
299 3811 409 3862 moyens
428 3796 461 3850 de
479 3797 630 3852 correction
649 3803 741 3852 contre
754 3798 792 3852 les
805 3797 979 3866 usurpatione
992 3805 1020 3852 et
1033 3806 1127 3856 contre

12 3873 41 3926 le<
58 3875 199 3930 wandales
216 3875 319 3944 publice
337 3876 385 3930 des
403 3875 517 3944 princes,
547 3877 614 3931 daus
642 3875 806 3946 l’esperanoe
830 3893 889 3945 que,
921 3879 1031 3935 touches
1049 3881 1082 3936 de
1100 3881 1127 3935 la

14 3955 133 4012 situation
152 3955 189 4010 de
207 3957 265 4010 leur
283 3955 389 4024 peuple,
409 3956 442 4010 ils
461 3956 657 4026 chengsraieut
675 3958 707 4012 de
725 3959 895 4026 sentimenta,
914 3966 942 4014 et
954 3975 1006 4026 que
1018 3961 1043 4016 le
1055 3961 1128 4016 desis

15 4037 138 4091 niversel
151 4035 200 4088 des
211 4039 305 4106 grtoes
324 4037 485 4106 religieuses
504 4039 571 4092 dont
583 4055 618 4092 on
636 4039 707 4093 etait
725 4039 810 4106 privo,
828 4040 981 4108 produirait
999 4040 1023 4094 le
1043 4042 1127 4096 resul-

16 4125 45 4168 ut
63 4116 162 4184 auquel
183 4115 209 4168 la
226 4117 297 4172 force
315 4117 362 4171 dee
381 4133 474 4172 srmee
488 4134 521 4172 ne
540 4117 729 4186 parvieudrait
744 4119 843 4188 jameis
861 4121 879 4172 t
896 4120 1069 4175 contraindre
1088 4121 1127 4177 les

15 4197 132 4260 erucae
174 4195 292 4252 Histoire
310 4196 467 4253 d'Iunocent
485 4197 536 4252 111.
561 4197 594 4254 L.
613 4199 661 4253 IV.
680 4197 711 4252 Τ.
730 4199 752 4255 I.
772 4214 797 4266 p.
817 4200 878 4254 338.
898 4197 1005 4270 (Versio
1024 4201 1128 4270 gallica

13 4274 45 4326 et
62 4275 204 4331 Bruxelles
221 4277 308 4349 1839.)
