2858 4834
312 477 366 529 210
547 474 634 528 XXV.
654 475 693 527 De
712 489 825 526 cauus
853 473 970 526 Thomas
989 472 1202 526 t'sntuariensis.

312 643 363 684 res
416 619 662 683 ecclesiasticae
714 619 846 702 penitus
894 617 1196 702 pessumdarentur.
1254 617 1422 706 Rodericus

312 717 498 798 O'Connor,
527 740 587 780 rex
618 717 811 800 provinciae
842 713 1008 778 Conactae
1047 713 1287 800 (Connanght).
1326 714 1422 799 plures

313 819 481 902 principes
504 815 590 879 bello
615 814 751 880 devicit
775 825 808 877 et
831 834 920 876 anno
940 813 1024 876 1166
1048 834 1239 899 supremum
1265 834 1422 897 regense

312 917 526 980 constituens.
557 915 733 998 antiquum
766 912 873 975 Tarae
912 933 1052 995 regnum
1080 923 1265 976 restaurare
1296 923 1422 1012 conatus

313 1025 372 1077 est
422 1011 510 1075 Huic
541 1024 674 1074 strenue
698 1013 818 1074 restitit
842 1009 1015 1074 Diarmaid
1049 1011 1204 1094 princeps
1235 1009 1339 1076 ferox.
1375 1011 1422 1093 qui

312 1133 401 1175 anno
420 1109 504 1172 1161
531 1112 564 1173 in
581 1109 738 1192 Angliam
762 1108 939 1194 profectus
963 1107 1041 1172 inde
1065 1105 1191 1170 auxilia
1207 1111 1312 1192 petiit.
1337 1124 1422 1232 atqup

315 1209 452 1273 Henrici
482 1207 516 1272 Il
555 1207 747 1291 homagium
785 1206 902 1271 fecisse
935 1205 1068 1269 videtur
1129 1206 1260 1269 Partem
1299 1204 1414 1268 insulae

313 1309 506 1393 praesertim
554 1305 723 1375 Ulstriam,
766 1305 855 1369 Dani
895 1314 1152 1389 occupaverant.
1199 1304 1363 1368 Henrieus
1399 1303 1422 1364 l‘

314 1406 449 1491 quidem
483 1426 522 1467 eo
549 1415 698 1489 tompore
721 1405 756 1466 in
780 1401 985 1466 Xormannia
1011 1400 1213 1480 versabatur,
1244 1400 1303 1464 sed
1327 1400 1422 1508 plures

314 1525 468 1588 proceres
493 1501 593 1586 Angli
618 1523 694 1565 cum
720 1499 882 1564 militibus
905 1499 1044 1584 profecti
1069 1512 1146 1563 suut
1169 1521 1245 1563 cum
1269 1499 1326 1562 illo
1351 1502 1422 1612 priup

315 1604 388 1687 cipe
413 1599 588 1664 Diarmaid
613 1601 647 1663 in
671 1598 881 1680 Hiberniam,
913 1600 968 1683 qui
994 1619 1115 1681 magna
1143 1619 1219 1660 cum
1241 1596 1410 1661 fortitudin

315 1712 348 1764 et
370 1699 461 1763 haud
487 1700 606 1763 minori
630 1696 825 1760 crudelitate
850 1698 960 1760 varias
984 1697 1135 1780 regiones
1159 1707 1191 1759 et
1214 1695 1376 1759 civitates.
1399 1717 1415 1754 u

315 1797 572 1861 Waterlordiam
598 1807 629 1858 et
655 1793 861 1874 Dubliniam,
885 1802 1171 1879 expugnaverunt.
1421 1817 1422 1906 p

401 1941 455 2003 55.
503 1939 655 2004 Eminuit
686 1942 772 2004 inter
801 1941 880 2003 istos
904 1939 1046 2022 Angliae
1077 1958 1227 2024 proceres
1251 1923 1422 2000 Richanlul

314 2038 490 2107 Clarensis.
523 2037 619 2123 cujus
650 2036 738 2102 bona
769 2037 812 2100 ab
840 2037 986 2101 Henrico
1011 2039 1055 2120 II,
1097 2057 1173 2099 cum
1202 2055 1267 2119 quo
1298 2031 1410 2096 dissidi

313 2136 492 2216 habuerat,
532 2147 695 2222 occupata
726 2135 868 2200 fuerant.
922 2135 1012 2198 Huic
1044 2133 1220 2198 Diarmaid
1258 2111 1422 2244 antequari

310 2243 492 2298 moreretur
530 2239 573 2314 (a.
602 2235 700 2313 llll)
740 2235 915 2319 conjugem
939 2232 1033 2297 dedit
1063 2230 1165 2296 filiam
1200 2252 1305 2296 suam.
1347 2245 1422 2320 regul

309 2334 439 2418 paterni
464 2331 652 2412 haeredem,
685 2343 785 2418 atque
809 2331 997 2396 Richardus
1020 2341 1101 2396 tunc
1125 2332 1173 2394 uti
1197 2351 1311 2413 regem
1337 2321 1422 2414 parti

309 2429 493 2494 Hiberniae
524 2451 558 2492 se
589 2432 701 2511 gessit.
756 2431 892 2494 Frustra
925 2451 1000 2492 eum
1033 2428 1222 2493 debellabat
1253 2427 1415 2490 Rodericu

310 2527 504 2608 O'Connor3
543 2527 653 2613 plures
686 2550 764 2593 vero
796 2530 966 2614 principes
998 2537 1030 2590 et
1066 2549 1216 2613 proceres
1250 2525 1422 2590 Hibernial

309 2625 434 2711 legatos
459 2629 620 2689 miserunt
642 2626 686 2689 ad
709 2626 894 2690 Hem-icum
908 2627 943 2689 II
967 2635 1125 2710 petentes,
1152 2633 1187 2687 ut
1211 2626 1281 2708 ipse
1308 2609 1422 2687 venirel

310 2745 454 2808 suaeque
478 2723 697 2788 dominationi
721 2737 823 2788 totam
844 2725 985 2788 insulam
1003 2723 1220 2788 submitteret.
1251 2721 1321 2786 Sed
1337 2721 1422 2790 etiatl

310 2821 506 2902 Richardus,
544 2822 578 2884 in
609 2824 751 2906 gratiam
784 2823 920 2886 Hearici
959 2823 1066 2886 redire
1103 2821 1249 2902 studens,
1287 2823 1422 2905 primuli

311 2922 443 2984 nuntios
474 2918 518 2983 ad
551 2941 626 2983 eum
658 2920 796 3000 direxit3
833 2922 868 2984 in
893 2920 1048 3004 Angliam
1081 2941 1177 3004 porro
1213 2919 1382 3004 profectus
1405 2899 1422 2980 el

310 3040 386 3082 cum
410 3041 486 3102 rege
510 3017 753 3098 reconciliatus,
785 3016 912 3105 aliquot
934 3019 1097 3082 territoria
1129 3021 1176 3082 uti
1201 3017 1299 3081 feuda
1332 3017 1375 3080 ab
1399 3013 1422 3078 e'

310 3117 449 3200 accepit.
498 3117 585 3179 Dein
619 3137 698 3180 vero
724 3116 890 3180 Henricus
914 3117 947 3179 ΙΙ
979 3117 1225 3202 expeditionem
1256 3117 1290 3178 in
1320 3029 1422 3180 Hibal

310 3215 400 3278 niam
429 3216 584 3298 suscepit,
622 3236 660 3278 ac
695 3235 807 3278 mense
831 3213 969 3278 Octobri
1000 3217 1078 3279 anni
1107 3217 1187 3278 llll
1225 3235 1300 3276 cum
1336 3203 1422 3290 classi

310 3303 627 3395 quadringentarum
653 3313 789 3375 navium
814 3312 858 3375 ad
881 3333 954 3375 eam
979 3313 1120 3377 insulam
1144 3311 1282 3398 appulit.
1316 3299 1422 3374 Paucil

311 3407 429 3471 diebus
460 3409 644 3473 dominium
679 3413 713 3474 in
747 3412 928 3474 maximam
963 3410 1090 3474 insulae
1122 3421 1247 3494 partem
1272 3409 1422 3488 obtinuit,

310 3504 445 3590 plurimi
469 3508 557 3570 enim
582 3509 760 3593 principes,
792 3507 969 3592 praesules,
1002 3519 1033 3571 et
1057 3529 1208 3593 proceres
1243 3519 1364 3592 sponte
1388 3529 1420 3566 su

310 3623 458 3687 premam
483 3603 555 3689 ejus
580 3604 839 3668 dominationem
864 3617 1068 3690 receperunt,
1103 3608 1149 3668 uti
1174 3605 1362 3670 remedium
1387 3621 1422 3668 ne

311 3701 491 3764 cessarium
515 3701 557 3766 ad
582 3701 746 3768 sedandas
769 3702 884 3766 turbas
914 3705 1107 3784 continuas,
1146 3703 1202 3767 alii
1228 3725 1307 3766 vero
1334 3703 1422 3788 copiil

312 3797 450 3862 Henrici
484 3801 634 3863 resistere
659 3822 723 3863 non
749 3810 827 3864 suut
849 3803 930 3865 ausi.
982 3801 1079 3881 Quod
1105 3803 1277 3887 speciatim
1301 3801 1347 3865 ad
1373 3801 1422 3886 epi

312 3916 429 3980 scopos
453 3906 589 3982 spectat,
614 3897 776 3982 Rogerius
801 3898 841 3962 de
867 3899 1039 3980 Hoveden,
1073 3921 1247 3964 recensens
1276 3897 1422 3984 arehiepl

313 4013 429 4077 scopos
454 3997 509 4079 qui
535 4004 629 4058 erant
652 4004 794 4081 quatuor
818 3999 851 4060 in
869 3996 1042 4075 Hibernia,
1068 4009 1099 4062 et
1122 4000 1296 4083 episcopos
1319 3981 1422 4076 sigini

314 4101 399 4166 octo,
423 4113 563 4177 quorum
587 4102 620 4156 et
636 4097 771 4158 nomina
788 4097 953 4180 exprimit,
978 4107 1008 4160 et
1030 4097 1064 4160 lu'
1086 4119 1199 4174 omues,
1225 4097 1353 4174 scribit,
1376 4107 1422 4182 [οη

315 4189 546 4276 archiepiscopi
568 4215 661 4276 quam
685 4195 825 4279 episcopi
851 4207 1033 4280 receperunt
1057 4194 1118 4258 sibi
1142 4195 1313 4258 Hernicum
1340 4189 1422 4278 repul
