2832 4844
394 477 500 532 Electio
518 477 652 533 Bonifatii
672 477 748 532 v111.
1091 471 1129 536 is

29 621 174 686 Dominum
195 622 398 686 Benedictum
424 620 566 694 Gattaei
588 645 648 686 suu
670 633 743 686 vata
768 622 910 706 diripmat
935 629 964 686 et
985 624 1021 686 in
1044 645 1124 686 sum·

31 741 92 781 aaa
115 721 287 805 Ροηείρσοηι
311 721 514 800 assumunt.¹)
560 716 709 784 Jacobua
738 739 817 783 vero
843 717 941 784 Card.
966 719 1054 784 clare
1078 722 1126 786 in·

28 815 108 896 dicat,
132 814 282 882 Carolum
308 816 470 902 ejusmodi
495 814 656 881 electione
680 839 737 902 spe
759 817 951 882 frustratum
967 818 1068 883 fuisse
1092 829 1126 883 et

28 913 83 977 Deo
106 917 276 981 miserante
301 915 334 979 id
359 915 484 979 factum
502 937 590 994 esse3
615 915 746 980 acerbis
768 914 881 980 verbis
905 915 982 980 dein
1007 919 1124 982 memte

26 1011 268 1097 sugillatregem,
294 1014 350 1099 qui
365 1012 552 1078 libertatem
568 1011 739 1077 Ecclesiae
756 1023 923 1078 coarctare
940 1013 1125 1101 voluerit.²)

96 1110 186 1174 Haec
216 1133 296 1176 sane
330 1111 475 1176 scribere
508 1131 573 1174 non
607 1112 777 1196 potuisset,
799 1113 838 1200 *si
862 1111 1051 1176 Bonifatius
1080 1114 1123 1178 ob

24 1219 137 1290 pactum
161 1210 378 1274 simoniacum
411 1229 471 1294 per
500 1207 648 1272 favorem
681 1205 789 1271 Caroli
812 1207 968 1272 Pontifex
1000 1209 1124 1276 electus

23 1303 126 1388 luisset,
151 1306 203 1372 vel
228 1309 254 1371 si
278 1305 352 1370 talis
376 1307 488 1391 opinio
518 1303 608 1391 apud
632 1305 782 1370 homines
806 1305 958 1371 cordatos
981 1309 1122 1372 exstitis-

22 1414 120 1466 set-
136 1405 208 1470 Ima
225 1406 288 1490 ipsi
307 1403 555 1486 calamenses,
580 1415 695 1489 postea
708 1403 891 1468 adversarii
908 1405 1121 1470 infensissimi
1209 1477 1217 1496 .

23 1498 173 1583 Bonifatii,
198 1502 332 1588 quando
353 1500 463 1566 libello
486 1501 574 1565 edito
599 1500 806 1564 validitatem
831 1500 1001 1567 electionis
1025 1504 1122 1568 Boni·

21 1596 76 1662 latii
99 1602 390 1686 impugnaverunt,
415 1619 457 1664 ne
481 1600 654 1664 minimam
680 1598 814 1684 quidem
840 1599 880 1662 de
905 1602 1046 1665 simonia
1070 1623 1120 1665 ac·

22 1699 205 1764 cusationem
231 1698 410 1784 proferunt,
442 1696 499 1761 sed
524 1695 707 1760 invalidam
739 1697 841 1761 fuisse
866 1694 1043 1761 Caelestini
1075 1720 1122 1762 rc-

21 1797 242 1860 nuntiationem
279 1794 498 1860 conclamant.
558 1793 685 1874 Quodsi
722 1795 882 1858 simoniae
917 1789 1121 1859 Bonifatium

19 1913 156 1958 accusare
179 1895 373 1981 potuissent,
405 1893 440 1957 id
470 1903 557 1956 certe
580 1893 751 1976 egregium
776 1893 856 1977 ipsis
888 1905 1120 1976 argumentum

18 1989 115 2054 fuisset
136 1991 181 2056 ad
205 1990 399 2056 electionem
417 1989 690 2075 impugnandam.
728 1989 839 2075 Atque
864 1989 916 2054 vel
937 1993 1034 2056 unice
1058 1991 1121 2055 hoc

18 2085 166 2154 silentium
191 2087 421 2154 cardinalium
443 2083 715 2152 Columnensium
740 2091 960 2174 peremptorie
984 2091 1120 2170 evincit,

17 2184 124 2250 nullum
156 2185 319 2252 simoniae
350 2187 527 2271 vestigium
559 2188 593 2250 in
626 2186 785 2252 Bonifatii
817 2187 860 2251 ad
890 2181 1119 2272 pontificatum

17 2303 133 2347 accessu
160 2284 318 2350 adfuisse.

90 2383 141 2448 14.
154 2382 250 2465 'Regi
267 2380 395 2464 Carolo,
420 2381 573 2467 quamvis
589 2380 759 2444 Bonifatio
776 2382 1008 2447 reconciliatus
1025 2397 1119 2465 esset,
1132 2381 1296 2485 ⁰⁸‘⁰¹⁰2¹¹¹¹³‘²

16 2475 194 2544 electionem
220 2493 332 2543 mmen
356 2479 427 2565 ejus
450 2500 568 2564 parum
589 2491 717 2564 gratam
733 2479 844 2562 fuisse,
870 2501 911 2543 cx
936 2479 1034 2545 dictis
1058 2481 1119 2546 col·
1175 2455 1251 2494 ω

15 2573 126 2658 ligitur3
156 2587 297 2641 noverat
321 2578 408 2640 enim
433 2575 638 2640 Bonifatium
663 2586 699 2640 ut
723 2578 832 2640 virum
850 2581 1119 2663 magnanimum,

17 2676 57 2756 qni
79 2675 246 2740 inflexum
270 2675 457 2760 principum
484 2674 575 2738 haud
603 2673 808 2739 admissurus
832 2687 926 2743 esset.
963 2675 998 2742 si
1023 2699 1119 2764 quae·

15 2771 88 2854 titur,
110 2773 283 2860 'quomodo
307 2772 381 2836 fieri
397 2773 550 2858 potuerit,
575 2782 612 2836 ut
629 2771 823 2838 Cardinales
847 2773 893 2838 illi
918 2777 974 2861 qui
1000 2777 1034 2840 in
1050 2799 1120 2861 gra-

15 2871 77 2934 tiam
102 2871 215 2938 Caroli
240 2872 381 2957 promoti
406 2883 501 2935 erant
524 2883 602 2935 vota
625 2893 685 2935 sua
708 2873 742 2937 in
766 2871 972 2938 Bonifatium
997 2875 1120 2939 confer·

14 2981 80 3037 rent.
103 2983 239 3056 praeter
262 2969 398 3033 divinae
422 2967 653 3054 providentiae
678 2969 926 3055 dispositionem
950 2971 1047 3036 facile
1069 2995 1119 3036 ra-

13 3063 102 3131 tiones
125 3068 250 3154 conjici
275 3075 422 3152 possunt,
447 3087 489 3130 ex
513 3066 634 3153 quibus
658 3067 692 3132 id
717 3067 910 3154 explicatur.
927 3069 1050 3133 -Erant
1072 3067 1120 3134 illi

13 3159 193 3230 Cardinales
217 3166 281 3228 viri
306 3166 424 3248 integri
450 3175 483 3230 et
505 3165 676 3230 Ecclesiae
701 3166 822 3233 devoti.
870 3166 1120 3252 Perspiciebant

13 3281 76 3326 sana
98 3263 295 3327 discrimina
317 3273 503 3349 temporum
528 3272 560 3327 et
583 3263 739 3349 pericula,
766 3285 852 3350 quae
868 3263 1037 3329 Ecclesiae
1061 3267 1119 3328 im·

71 3539 90 3599 ¹)
109 3531 171 3594 ibid
200 3553 224 3592 c.
243 3538 285 3590 Bt

81 3623 90 3685 ³
157 3656 272 3752 oms
292 3616 809 3754 tillieto?alitilia„

155 3777 257 3846 Digna,
277 3778 346 3844 quod
365 3785 394 3832 ct
412 3777 485 3844 patri
502 3793 604 3832 necnon
624 3777 675 3832 sibi
694 3779 829 3846 praestita
847 3795 957 3833 noscens

154 3859 271 3913 Munera
289 3856 323 3912 ab
342 3857 472 3921 Ecclesia,
491 3859 584 3913 vultus
607 3859 710 3913 avertit
729 3867 757 3914 et
775 3875 830 3916 ora.

153 3937 212 3992 Nec
231 3937 346 3992 Matrem
364 3937 467 3993 violare
485 3939 551 3993 licet
569 3939 635 4006 quin
653 3939 740 3994 libera
757 3939 843 4008 possit

154 4018 326 4084 Desponsam
344 4018 411 4073 viro.
449 4019 573 4073 caveant
591 4019 742 4087 quicunque
761 4019 880 4074 sinistris

152 4095 307 4151 Fraudibus
325 4098 461 4167 injectant
480 4099 577 4164 oculos,
597 4113 629 4152 ac
647 4098 707 4166 ipsa
724 4105 866 4169 potentum

152 4177 295 4232 Formidet
319 4176 440 4246 sabjecta
458 4191 567 4232 manus:
593 4178 632 4232 sic
656 4179 746 4247 gloria
769 4185 918 4247 praestat.“
967 4180 1008 4235 De
1036 4181 1118 4236 elect.

11 4249 84 4310 Bolia
101 4255 132 4314 L.
150 4257 211 4311 Lc
239 4259 270 4324 ὴ
289 4260 361 4311 Acta
379 4257 423 4314 SS.
442 4257 473 4311 Τ.
492 4258 540 4314 IV.
559 4258 627 4327 Maji
645 4273 671 4328 p.
691 4261 751 4315 460.
