2814 4840
374 487 553 544 Pontificense
572 505 592 544 s.
613 488 757 549 Caelestini
776 490 808 542 V.
1130 493 1147 558 l>

41 644 170 710 nutum,
194 631 371 715 elegerunt.
396 631 576 698 Electionis
599 643 708 714 autem
734 636 816 698 ratio
838 633 921 704 taes
937 635 1009 701 suit.
1034 633 1146 716 Quum

43 727 234 810 (ordinales,
267 731 422 794 commoti
455 740 558 794 morte
581 731 753 816 inopinata
784 733 924 816 insignis
948 735 1011 798 viri
1036 755 1078 798 ex
1101 733 1146 796 la·

41 827 122 892 milia
140 827 345 910 Ursinorum,
370 826 634 913 colloquerentur
657 828 698 892 de
714 850 829 894 rerum
851 829 1071 896 humanarum
1096 853 1145 894 ca·

40 923 188 1002 ducitate,
219 935 252 988 et
274 925 316 988 de
341 928 535 990 necessitate
568 926 765 1012 providendi
790 927 960 994 Ecclesiae
991 929 1056 993 Dei
1089 949 1147 1012 per

40 1024 199 1088 Pontificis
219 1021 424 1103 electionem,
448 1023 589 1088 Latinus
605 1021 792 1112 Cardinalis
808 1024 980 1108 Ostiensis,
1005 1027 1057 1090 vir
1080 1027 1145 1110 pie·

38 1135 95 1186 tate
125 1122 337 1206 conspicuus,
370 1120 624 1206 verbababuit
654 1121 695 1186 de
720 1123 848 1191 visione
877 1123 1050 1210 cujusdam
1082 1124 1145 1189 viri

38 1223 143 1302 eructi,
171 1242 236 1305 qua
259 1217 494 1284 Cardinalibus
518 1241 639 1304 magna
664 1219 750 1284 mala
774 1219 1023 1286 nuntiabantur.
1059 1221 1145 1286 Tum

39 1315 229 1382 Benedictus
253 1314 432 1402 Cajetanus
456 1317 640 1381 subridens:
670 1317 791 1402 ,Quid
817 1320 933 1404 inquit,
958 1319 1041 1384 haec
1064 1320 1146 1384 forte

40 1437 94 1477 nna
117 1427 167 1480 est
191 1439 232 1478 ex
256 1414 442 1479 visionibus
456 1415 545 1479 Petri
567 1414 608 1479 de
630 1415 827 1480 Murrone?“
870 1416 1063 1482 Affirmavit
1085 1417 1146 1482 La-

38 1515 129 1594 tinus,
167 1524 266 1598 atque
297 1523 378 1576 tunc
411 1514 494 1576 inter
524 1535 555 1576 se
591 1512 780 1579 Cardiaolea
804 1513 917 1602 plures
947 1516 985 1580 de
1017 1516 1148 1602 apropiia

42 1611 114 1674 Petri
143 1609 314 1674 virtutibus
345 1633 501 1675 sermones
532 1611 740 1690 contulerant,
774 1623 803 1676 ct
834 1614 1043 1700 quaesierant,
1075 1637 1148 1678 riam

38 1710 158 1791 parendo
183 1709 384 1794 pontificatui
405 1709 539 1792 idoneas
563 1719 649 1774 esset.
658 1711 680 1791 ¹)
728 1709 886 1776 Omnium
910 1715 1037 1800 primus
1060 1712 1147 1781 Lati·

40 1829 89 1870 nus
111 1806 302 1872 Cardinalis
326 1808 520 1890 suffragium
546 1829 640 1872 suum
666 1807 712 1873 illi
737 1807 877 1890 addixit,
911 1830 989 1874 mox
1012 1808 1077 1890 alii
1093 1807 1146 1873 ad—

35 1903 185 1988 jecerunt,
220 1904 420 1970 distulerunt
443 1903 602 1987 nonnulli,
635 1905 740 1970 donec
763 1905 880 1970 Petrus
904 1903 939 1972 0.
966 1909 1022 1992 qui
1046 1908 1147 1990 aegri·

39 2003 138 2068 tudine
163 2001 340 2068 laborabat
364 2002 607 2085 consuleretur3
632 2025 736 2088 eoquo
759 2005 958 2090 assentiente
984 2005 1046 2088 ipsi
1071 2025 1148 2090 quo·

38 2123 89 2184 que
119 2102 263 2166 caeteris
294 2122 328 2164 se
359 2100 596 2185 adjunxerunt.
650 2100 745 2166 Tunc
777 2101 946 2180 decretum
979 2101 1148 2166 electionis

39 2197 80 2262 die
101 2201 140 2262 5⁰
163 2198 251 2266 Julii
275 2197 463 2262 confectum
488 2207 545 2280 est,
576 2209 608 2262 et
632 2200 721 2286 missi
747 2211 823 2264 suut
847 2199 1014 2284 praesules
1039 2199 1148 2285 plures

1175 1213 1261 1250 Electlo
1277 1223 1295 1250 s.

1157 1273 1314 1314 Circleetian.

39 2295 71 2358 ad
91 2297 240 2379 Petrum,
265 2307 301 2360 ut
325 2297 387 2382 ipsi
410 2295 605 2362 electionem
621 2296 742 2362 factam
760 2298 995 2382 significarent.
1019 2335 1062 2344 -
1086 2297 1147 2362 Fa-

39 2394 88 2458 cile
109 2405 213 2482 patet,
248 2395 282 2458 in
308 2393 371 2458 hac
394 2393 555 2457 electione
578 2393 797 2460 Benedictum
823 2393 1019 2480 Caietanum
1049 2415 1147 2480 pecu-

37 2491 137 2560 liarem
163 2493 335 2560 inflexum
359 2491 448 2556 haud
470 2493 668 2556 exercuisse.
709 2493 778 2556 lmo
803 2513 869 2558 non
887 2494 1049 2558 immerito
1074 2513 1148 2556 con-

35 2591 168 2672 jicimus,
194 2613 272 2656 eum
297 2611 373 2654 crim
388 2589 516 2675 aliquot
540 2589 612 2656 aliis
631 2587 876 2670 Cardinalibus,
901 2588 1053 2656 electioni
1078 2599 1147 2655 tan-

8 2703 94 2779 ⁴¹tum
125 2701 305 2777 propterea
334 2687 535 2768 adhaesisse,
568 2688 656 2772 quod
688 2689 723 2753 in
747 2711 786 2752 ea
810 2687 957 2754 modium
990 2688 1149 2755 adivina

28 2790 240 2870 'providentia
263 2785 409 2850 oblatum
435 2785 582 2866 videbat,
608 2795 644 2849 ut
665 2786 820 2850 concordi
836 2789 962 2850 ratione
979 2785 1148 2852 Ecclesiae

9 2943 10 2946 ,
34 2899 133 2968 ¹pastor
150 2885 420 2966 constitueretur.
453 2883 629 2963 Caeterum
646 2905 733 2966 vero,
749 2906 851 2970 quum
869 2883 987 2948 Petrus
1004 2884 1045 2950 de
1061 2885 1148 2949 Mur·

4 3053 19 3070 ,-
36 3002 102 3047 rone
125 2982 248 3050 Carolo
272 2983 342 3066 regi
366 2992 453 3048 esset
476 2981 640 3063 addictus,
670 2993 702 3046 et
724 2975 927 3048 Benedictus
951 2980 1147 3064 Cardinalis,

32 3085 231 3169 perspicacis
254 3081 379 3165 ingenii
405 3081 608 3160 vir,mcrito
634 3080 773 3160 timeret,
806 3102 848 3144 ne
871 3081 971 3146 rebus
995 3080 1149 3166 gerendis

4 3179 9 3188 '
38 3181 81 3242 rir
100 3182 153 3246 ille
178 3191 317 3246 sauctus
344 3187 528 3268 nonpsset
551 3177 649 3245 valde
680 3179 828 3260 idoneus,
860 3179 943 3244 forte
969 3179 1040 3266 jam
1070 3189 1149 3244 tunc

6 3261 151 3360 'enotuit
176 3300 223 3342 ne
246 3299 299 3342 res
323 3279 357 3340 in
382 3275 617 3360 detrimentum
641 3275 811 3340 Ecclesiae
836 3275 975 3344 cederet.

2 3381 17 3462 s
112 3379 142 3445 6.
165 3377 289 3442 Petrus
303 3375 345 3438 de
361 3373 527 3454 Murrone,
541 3375 597 3459 qui
611 3395 731 3438 nomen
746 3376 887 3460 sumpsit
903 3372 1094 3440 Caelestinus
1113 3375 1148 3457 V,

8 3500 10 3502 ·
33 3485 129 3549 estate
146 3477 226 3562 jam
250 3483 322 3537 erat
341 3471 650 3561 valdeprovcctus,
677 3473 723 3536 ita
746 3481 782 3536 ut
805 3471 921 3541 saltent
938 3473 1149 3558 septuaginta

32 3560 117 3652 idries,
140 3597 184 3641 ex
211 3571 287 3636 aliis
311 3573 479 3654 octoginta
506 3570 573 3634 fere
597 3591 703 3634 annos
727 3569 874 3635 haberet.
920 3571 1056 3648 Litteris
1080 3571 1147 3656 qui·

32 3663 102 3733 dem
126 3669 383 3736 humanioribus
407 3668 516 3732 fuerat
540 3667 696 3749 imbutus,
721 3689 790 3732 nec
806 3671 896 3732 omni
914 3667 1086 3734 hominurn
1110 3690 1149 3732 ac

1 3784 10 3812 ³·
33 3785 131 3849 ,mrum
155 3767 368 3852 experientia
394 3766 589 3848 destitutus,
614 3777 760 3834 attamen
777 3764 834 3830 tali
851 3765 995 3852 gerendo
1019 3767 1148 3832 muneri

2 3879 5 3884 ·
34 3877 68 3947 ¹tet
85 3869 167 3932 oncri
194 3863 387 3930 nullatenus
417 3887 478 3950 par
501 3886 571 3930 esse
596 3865 687 3928 visus
711 3873 768 3928 est.
817 3862 930 3952 Facile
953 3863 987 3926 id
1013 3861 1148 3948 patebit,

34 3961 64 4043 pi
81 3976 165 4045 gesta
181 3961 365 4028 Coelestiui
390 3962 536 4028 breviter
560 3963 943 4026 commemoraverimus,
977 3961 1147 4026 Atteedea·

9 4106 42 4239 l
102 4195 119 4259 ¹}
141 4191 265 4250 lacobus
287 4191 365 4246 Card.
385 4191 555 4247 Stetsneschi
582 4192 618 4260 (a.
641 4191 722 4260 taes)
749 4191 776 4245 iu
801 4189 889 4244 Praei.
915 4187 1061 4242 advitam
1084 4188 1149 4242 Coa·

1 4295 13 4324 s
48 4265 125 4328 leun
143 4306 176 4323 -·
197 4277 251 4343 Ap.
270 4271 395 4328 Bolland.
414 4275 484 4328 Aca
503 4273 547 4328 88.
566 4273 631 4342 Maj.
651 4271 711 4326 l'ol.
731 4271 778 4326 IV.
799 4287 823 4338 p.
842 4271 902 4326 tet.
