2902 4848
251 451 290 505 De
309 449 424 504 decretis
442 447 573 502 Sessionis
591 451 708 514 quartae
728 456 757 502 et
776 449 896 514 quintae.
1083 451 1136 510 319

26 597 106 678 levis,
139 607 250 660 tamen
274 592 427 676 ostendit,
451 592 571 676 respici
596 589 651 656 illo
676 591 808 656 decreto
833 597 981 678 praecise
1005 607 1136 683 tempus

28 693 96 758 illud
119 693 317 774 schismatis,
342 712 407 777 quo
431 701 496 755 tres
520 688 758 754 contendentes
783 703 820 754 ut
839 691 1016 760 Pontifices
1041 695 1135 760 dubii

28 792 234 856 habebantur.
267 829 310 838 -
343 790 381 853 3⁰
404 791 497 852 Dum
521 788 660 852 materia
684 791 886 872 enuntiatur,
918 793 953 856 in
978 815 1044 879 qua
1066 795 1135 880 qui-

24 891 96 954 libet
118 890 247 954 etiamsi
273 887 444 971 dignitatis
469 884 598 970 papalis
622 886 744 948 existat
767 886 902 952 obedire
925 899 1064 972 tenetur,
1097 914 1137 956 ea

26 991 164 1074 praecise
181 986 422 1051 determinatur
444 982 510 1048 illis
534 982 710 1068 capitibus,
736 1007 820 1069 quae
834 988 867 1050 in
886 985 1035 1053 Concilio
1054 989 1137 1055 Con·

25 1087 188 1152 stantiensi
218 1083 377 1168 agitanda
410 1091 491 1146 erat.
537 1079 666 1166 Scopus
692 1079 832 1148 Concilii
863 1087 950 1149 enim
985 1097 1055 1152 erat
1082 1110 1136 1152 ex-

25 1185 149 1248 stinctio
181 1182 381 1261 schismatis,
413 1179 562 1244 defensio
592 1179 668 1243 fidei
694 1179 897 1248 orthodoxae
921 1206 979 1268 per
1002 1185 1138 1250 damna·

23 1285 139 1346 tionem
163 1303 310 1346 errorum
335 1276 466 1344 Wicleli
492 1287 523 1340 et
547 1275 673 1358 Hnssii,
698 1299 737 1340 ac
761 1279 951 1346 reformatio
967 1281 1137 1349 Ecclesiae

24 1381 183 1464 incapite
207 1389 240 1442 et
262 1377 430 1442 membris.
479 1377 611 1440 Dicitur
634 1385 745 1438 autem
771 1377 805 1440 in
826 1378 976 1445 decreto:
1003 1381 1137 1446 Obedire

23 1491 139 1542 tenetur
166 1479 201 1541 ia
223 1479 270 1542 bis
301 1497 380 1561 qaae
407 1477 571 1561 pertinent
601 1473 646 1538 cd
666 1473 777 1557 fidem,
816 1486 846 1539 et
875 1481 1136 1565 exstirpationem

21 1577 93 1640 dicti
116 1577 305 1655 schismatis,
330 1585 359 1638 et
382 1573 640 1655 reformationem
663 1572 767 1636 dictae
792 1575 953 1640 Ecclesiae
975 1579 1011 1642 ia
1034 1580 1138 1664 capite

22 1687 47 1738 et
74 1673 228 1738 membris.
277 1671 371 1736 Haec
402 1673 465 1734 tria
497 1671 606 1754 capita
638 1670 740 1752 igitur
769 1669 953 1738 Concilium
979 1675 1138 1740 Constan-

22 1775 119 1836 tiense
145 1780 304 1857 spectant,
333 1781 366 1833 et
388 1771 414 1833 si
440 1769 644 1853 conjunctim
669 1781 854 1850 sumuntur,
886 1775 984 1837 unice
1007 1787 1138 1859 tempus

22 1871 105 1934 illius
128 1869 317 1934 schismatis
341 1865 557 1932 occidentalis
587 1865 755 1929 indicatur
779 1867 905 1934 verbis:
937 1873 1017 1936 dicti
1044 1873 1136 1935 sciris·

22 1970 118 2034 uatis.
171 1965 211 2031 In
245 1965 403 2030 Conciliis
438 1962 651 2049 generalibus
695 1967 877 2031 universim
917 1971 1016 2034 etiam
1054 1970 1139 2034 aliae

19 2089 136 2130 causae
168 2064 411 2130 ecclesiasticae
443 2073 476 2126 et
508 2060 696 2146 personales
730 2085 968 2148 saepenumero
1000 2068 1138 2148 adsunt3

19 2165 191 2228 exstinctio
224 2184 302 2227 vero
331 2161 519 2226 schismatis
550 2160 637 2224 illius
669 2160 841 2226 exclusive
870 2167 937 2230 fere
967 2168 1140 2252 spectabat

18 2263 56 2328 ad
91 2261 278 2328 Concilium
311 2260 575 2326 Constantiense.
624 2259 735 2339 Quum
765 2261 867 2346 igitur
896 2263 1037 2329 decretis
1068 2267 1140 2329 istis

20 2383 80 2425 nen
113 2362 298 2446 generatim
328 2358 519 2424 obedientia
554 2379 632 2442 erga
665 2355 816 2422 Concilia
848 2363 1017 2444 generalia
1048 2385 1139 2449 prae·

18 2460 192 2538 scribatur,
217 2458 275 2522 sed
299 2480 338 2522 ea
362 2456 602 2522 determinetur
624 2477 664 2520 ac
678 2455 840 2522 limitetur
862 2461 943 2544 ipsis
959 2461 1072 2526 verbis
1095 2463 1138 2526 ad

19 2559 127 2643 capita
150 2556 194 2620 ad
219 2555 406 2621 Concilium
432 2554 686 2620 Constantiense
717 2560 912 2639 spectantia,
945 2561 1031 2624 inter
1054 2582 1139 2646 quae

19 2676 120 2719 unum
145 2665 217 2719 erat
240 2653 411 2719 exclusive
435 2653 477 2716 nd
502 2651 584 2716 illud
608 2654 786 2738 pertinens,
805 2655 882 2740 jure
898 2657 1138 2740 concludimus,

18 2753 152 2818 decreta
166 2773 283 2816 revera
306 2761 435 2816 tantum
460 2749 542 2815 illud
566 2760 697 2836 tempus
721 2751 909 2818 schismatis
921 2766 953 2819 et
966 2755 1139 2840 Synodum

15 2851 307 2916 Constantiensem
332 2851 505 2935 respicere.
530 2887 573 2895 —
596 2847 636 2913 In
661 2851 809 2914 secunda
833 2864 925 2936 parte
950 2852 1038 2917 illius
1065 2876 1140 2918 con-

14 2951 199 3014 stitutionis
222 2971 335 3012 rursus
359 2948 527 3012 decretum
553 2945 751 3012 determinat
783 2949 992 3015 obedientiam
1016 2952 1056 3016 ab
1080 2975 1140 3016 om-

16 3047 106 3112 nibus
139 3048 327 3130 requisitam
350 3069 444 3133 super
465 3045 665 3130 praemissis,
696 3068 750 3110 scu
773 3047 816 3110 cd
839 3050 1140 3134 adpertinentibus,

12 3145 111 3228 factis
136 3144 186 3208 nel
201 3144 378 3230 faciendis,
403 3143 534 3228 adjecta
548 3144 753 3228 poenitentia
771 3155 885 3209 eontra
901 3150 1140 3212 contumaciter

15 3243 248 3308 inobedientes
288 3243 528 3328 cujuscumque
565 3249 669 3304 status
707 3253 765 3304 aut
804 3242 975 3326 dignitatis
1010 3247 1138 3309 etiamsi

15 3341 158 3428 papalis.
216 3340 310 3406 Haec
343 3342 467 3425 pariter
498 3338 686 3419 ostendunt,
721 3339 864 3404 litteram
897 3344 1140 3407 constitutionis

15 3463 82 3505 non
108 3439 246 3504 extendi
271 3437 358 3504 ultra
381 3460 495 3504 casum
520 3449 737 3524 praesentem.

104 3537 162 3602 35.
210 3537 400 3623 Opponitur
430 3547 541 3600 umen
573 3545 688 3600 contra
720 3535 806 3600 hanc
830 3539 1071 3624 expositionem
1097 3561 1140 3604 ex
1163 3547 1303 3588 ”Nimbu-

14 3638 86 3721 ipso
112 3648 228 3700 tenore
252 3636 458 3700 decretorum
484 3633 673 3714 difficultas,
698 3656 783 3719 quac
800 3637 943 3719 speciem
960 3637 1139 3721 quamdam

13 3734 128 3802 hahet.
176 3735 215 3796 In
250 3731 397 3798 secunda
426 3731 583 3796 videlicet
612 3743 706 3818 parte
740 3732 946 3797 decretorum
970 3736 1141 3798 invenitur

15 3835 173 3913 incisum,
205 3852 269 3917 quo
295 3831 465 3916 dispositio
490 3831 753 3894 Constantiensis
781 3830 915 3895 extendi
940 3829 1074 3895 videtur
1097 3832 1139 3896 ad

14 3953 117 3996 omne
132 3929 321 3994 Concilium
336 3929 598 4008 oecumenicum,
623 3927 666 3992 ad
679 3949 776 3992 omne
786 3939 927 4013 tempus,
952 3928 994 3994 ad
1008 3951 1139 3994 omnem

14 4050 151 4115 rpuoque
167 4027 362 4091 Pontificem
389 4028 488 4090 etiam
512 4025 696 4110 legitimum
715 4037 898 4091 etcertum.
933 4026 1141 4112 Praecipitur

14 4129 108 4192 enim
133 4125 191 4209 ibi,
223 4137 260 4190 ut
284 4127 444 4212 quisquis,
478 4126 608 4188 etiamsi
638 4123 809 4207 dignitatis
833 4123 970 4210 papalis,
1004 4124 1140 4189 obedire

14 4236 172 4290 teneatur
203 4224 334 4288 statutis
364 4245 422 4287 seu
454 4220 720 4286 ordinationibus
744 4231 802 4286 aut
824 4223 1009 4309 praeceptis
1042 4221 1140 4308 hujus
