2814 4848
294 440 349 494 406
486 439 616 494 XXVIII.
637 439 677 494 De
695 443 772 492 statu
790 437 930 494 societatis
949 439 1042 494 christ
1061 454 1130 493 saec.
1149 437 1227 492 XIII.

296 583 443 648 sultanus
468 582 557 647 facili
580 583 711 668 negotio
735 584 798 647 ista
822 582 939 648 cedere
964 582 1144 664 Friderico,
1169 593 1206 645 ut
1229 605 1268 645 ea
1291 583 1399 644 ratione

296 703 372 744 cum
397 702 434 744 eo
458 702 575 765 pacem
600 681 809 745 commodam
838 703 879 745 ac
901 681 1018 744 foedus
1048 681 1194 745 haberet.
1226 679 1293 744 sed
1315 699 1399 764 quun]

296 778 444 843 sultanus
470 778 625 841 Damasci
649 799 715 843 non
740 778 1074 864 comprehenderetur
1098 780 1133 842 in
1158 780 1265 862 pactis
1289 799 1399 840 concon

297 875 381 957 diae,
406 878 454 939 uti
479 877 559 939 scite
583 875 728 940 advertit
750 874 915 942 Geroldns
943 876 1143 962 patriarcha,
1168 875 1260 939 nulla
1285 897 1346 959 pax
1366 881 1399 940 sol

295 972 363 1037 lida
387 973 517 1036 firmata
541 983 620 1054 erat,
645 974 703 1038 sed
720 973 918 1038 Christianis
934 975 1082 1038 maxima
1098 972 1246 1058 pericula
1271 995 1313 1036 ex
1327 987 1399 1056 parta

295 1071 417 1136 sultani
441 1071 600 1134 Damasci
624 1071 854 1136 imminebant.

385 1168 439 1233 20.
474 1169 613 1232 Interim
642 1169 822 1254 Gregorius
845 1169 897 1233 IX
929 1177 1043 1232 contra
1074 1167 1296 1244 Fridericum‚
1326 1167 1399 1249 cnjnt

297 1268 412 1352 copiae
436 1267 595 1330 ditionem
620 1267 879 1332 ecclesiasticam
903 1267 1106 1346 invaserant,
1138 1267 1238 1330 etiam
1266 1264 1399 1328 subsidiit

295 1365 498 1449 pecuniariis
527 1365 637 1448 petitis
670 1376 702 1429 et
725 1367 871 1450 acceptis
894 1387 914 1428 a
938 1365 1040 1428 variis
1064 1363 1269 1446 nationibus,
1301 1361 1399 1434 exercit

296 1473 366 1526 turn
406 1474 656 1546 comparaverat
693 1463 841 1527 validum
877 1462 1014 1547 ejusque
1047 1461 1165 1525 ducein
1206 1451 1399 1530 constitueral

296 1560 461 1627 Joannem
478 1560 683 1642 Briennium,
709 1564 818 1625 virum
835 1560 964 1640 fortem,
989 1569 1087 1623 antea
1100 1559 1352 1644 Hierosolymae
1373 1565 1399 1638 nl

296 1681 382 1743 gem,
407 1669 439 1722 et
461 1660 623 1724 Friderici
648 1658 841 1740 socerum.¹)
894 1660 1066 1723 Pontificis
1094 1659 1262 1722 exercitus
1288 1647 1399 1720 nonsd

295 1757 365 1822 lum
397 1759 523 1842 copias·
541 1758 704 1822 Friderici
735 1781 778 1822 ex
810 1758 935 1822 ditione
967 1756 1192 1821 ecclesiastica
1224 1755 1334 1840 ejecit.
1363 1745 1399 1824 sel

297 1857 395 1919 etiarn
420 1866 548 1940 partem
573 1854 716 1941 Apuliae
740 1857 958 1942 expugnavit.
1008 1854 1106 1934 Quod
1131 1874 1233 1938 quum
1253 1851 1399 1932 Fridericl

296 1954 485 2017 nuntiatum
509 1964 604 2034 esset,
629 1953 772 2018 reditum
797 1977 839 2018 ex
860 1953 997 2018 Oriente
1020 1951 1229 2031 acceleravit,
1256 1961 1291 2014 et
1314 1967 1399 2032 mensi

296 2050 385 2135 Majo
410 2073 440 2116 a.
458 2052 543 2115 1229
567 2051 788 2116 Palaestinam
812 2050 1012 2136 relinquens,
1039 2071 1151 2114 mense
1173 2049 1280 2114 Junio
1306 2051 1338 2110 in
1361 2049 1399 2114 lu

296 2147 376 2211 liam
407 2148 546 2234 appulit,
579 2171 723 2235 moxque
755 2152 877 2214 amissa
907 2150 1055 2212 maxima
1086 2157 1178 2233 parte
1202 2147 1399 2232 recuperarit

297 2246 609 2312 Excommunieatio
643 2248 803 2311 l'riderici
837 2257 997 2311 renovata
1029 2246 1093 2310 fuit
1122 2267 1142 2307 a
1176 2243 1340 2328 Gregorio
1362 2237 1399 2306 ln*

297 2367 337 2408 ac
372 2344 495 2408 bellum
531 2347 777 2428 continuatum3
817 2344 945 2409 studuit
981 2354 1093 2406 tamen
1125 2352 1205 2405 tunc
1229 2333 1399 2428 Imperator

146 2441 232 2543 *³122
244 2443 270 2479 '¹¹'
299 2465 400 2528 quum
434 2445 574 2524 timeret,
608 2465 648 2507 ne
680 2445 714 2506 in
739 2463 814 2506 eum
840 2441 1064 2506 coalescerent
1087 2461 1201 2504 omnes
1226 2438 1343 2504 fideles
1364 2437 1399 2510 Et

176 2517 183 2554 ¹
229 2533 239 2542 ⁴
299 2540 417 2604 clesiae
441 2551 540 2626 atque
563 2540 747 2605 adversarii
770 2540 917 2604 familiae
951 2540 1065 2624 ipsius,
1100 2559 1217 2623 pacem
1243 2559 1322 2601 cum
1345 2537 1399 2624 Por

297 2639 387 2703 tifice
418 2640 511 2702 inire.
559 2640 716 2702 Paratum
748 2661 782 2702 se
806 2659 936 2723 semper
960 2636 1149 2700 ostenderat
1172 2632 1355 2718 Gregorius
1379 2647 1399 2704 al

298 2735 511 2800 concordiam
543 2735 804 2816 restaurandam,
845 2734 1025 2799 dummodo
1056 2733 1243 2818 Imperator
1280 2731 1399 2796 debitat

298 2834 556 2900 satisfactionem
596 2844 763 2920 praestare
801 2855 840 2897 ac
873 2855 908 2896 se
940 2831 1118 2896 emendare
1149 2829 1260 2894 vellet.
1316 2834 1399 2908 Quut

297 2934 400 3016 igitur
437 2932 628 2997 Friderious
666 2941 810 2996 oratores
851 2931 894 2994 ad
932 2952 1008 2994 eum
1045 2931 1201 3010 misisset,
1242 2927 1399 3009 liuerisqu

299 3032 465 3116 utrimque
497 3029 630 3094 directis
663 3033 832 3114 negotium
858 3038 1034 3092 tractatum
1058 3027 1189 3106 fuisset,
1224 3048 1316 3090 anno
1343 3013 1399 3104 trel

298 3127 353 3191 die
378 3129 439 3192 23⁰
461 3126 543 3192 Julii
574 3151 642 3214 pax
665 3129 844 3192 constituta
875 3136 933 3192 est.
988 3124 1213 3211 Jurejurando
1249 3115 1399 3209 spopondl

299 3225 499 3304 Fridericus,
531 3247 566 3288 se
598 3225 805 3291 redditurum
830 3245 901 3288 esse
925 3225 1090 3288 territoria
1114 3223 1251 3286 ditionis
1277 3219 1399 3300 ecclesia

299 3325 401 3388 eticae
431 3345 517 3409 quae
548 3332 780 3409 occupaverat,
814 3324 1004 3407 pariterque
1035 3321 1121 3384 clero
1155 3330 1188 3383 et
1218 3311 1399 3384 monasterii

299 3443 338 3485 ea
360 3423 562 3503 restiturum,
597 3442 682 3506 quae
706 3422 787 3505 ipsis
810 3418 989 3484 ademerat.
1036 3419 1200 3499 Promisit,
1231 3439 1267 3482 se
1297 3431 1399 3480 revoco

299 3528 409 3582 turum
434 3541 505 3583 esse
529 3520 701 3605 episcopos
724 3541 742 3582 e
767 3517 902 3582 sedibus
926 3517 1057 3602 ejectos,
1082 3515 1270 3579 libertatem
1298 3529 1399 3578 eoncet

299 3638 412 3680 surum
444 3638 503 3702 pro
537 3615 755 3680 electionibus
787 3617 822 3679 in
854 3614 952 3679 ltalia
987 3612 1197 3677 meridionali
1232 3635 1274 3676 oc
1304 3608 1399 3678 Sicilia

299 3713 391 3779 haud
414 3715 589 3779 arbitrario
614 3715 711 3779 modo
736 3713 869 3778 tributis
893 3715 1056 3798 impositis
1081 3712 1209 3776 olerum
1230 3710 1304 3795 jam
1330 3711 1399 3770 vest

299 3825 410 3878 turum
435 3835 523 3896 esse3
549 3835 584 3878 se
607 3816 798 3897 agniturum
823 3833 954 3896 semper
976 3809 1235 3896 dependentium
1260 3801 1399 3882 feudalel

1398 3921 1399 3948 r

374 4063 394 4131 ¹)
413 4063 574 4128 Fridericus,
594 4061 636 4116 nti
649 4061 776 4126 diximus,
786 4058 945 4114 Jolantham
954 4057 973 4112 J
974 4057 1069 4111 oannis
1085 4055 1166 4110 filiam
1180 4055 1298 4109 duxerat
1310 4063 1399 4106 usone

301 4149 384 4210 atque
395 4147 501 4211 patrem
514 4143 598 4198 etiarn
610 4143 750 4210 adegerat,
767 4151 796 4195 ut
808 4138 860 4193 sibi
880 4139 987 4193 cederet
1007 4137 1119 4192 titulum
1138 4137 1211 4206 regis
1230 4135 1399 4198 Hierosolsnu

300 4237 376 4292 rum;
395 4223 442 4277 sed
460 4222 592 4278 Jolantha
606 4223 664 4291 jam
682 4238 707 4278 a.
727 4222 798 4275 1228
817 4219 845 4274 in
864 4225 947 4288 partu
966 4218 1082 4273 Conredi
1101 4217 1150 4270 filii
1169 4223 1276 4270 mortua
1295 4227 1360 4268 erat.
