2964 4838
311 405 364 460 392
436 405 548 460 XXXV.
567 406 608 462 De
626 407 725 466 Concil.
746 409 894 465 Basilecnsi
912 426 944 463 ec
961 411 994 464 de
1012 409 1118 478 Synodo
1138 411 1303 470 Florentius.

312 572 494 634 sacramque
532 549 731 637 demptorem
769 563 798 616 et
835 565 907 618 actu
947 552 1156 641 Synodoram.
1165 554 1189 639 ¹)
1236 557 1313 620 Post
1346 555 1416 619 hacc
1461 597 1462 600 =

311 646 559 734 praeliminaria
594 661 823 715 convenerunt
860 649 937 716 dein
976 651 1017 714 da
1056 652 1210 734 formula,
1258 656 1303 717 uti
1339 675 1417 717 nnnc

312 743 462 811 habetur.
499 746 738 815 satisfecerunt
761 747 874 814 Latini
890 746 1038 830 Graecis,
1062 760 1230 836 quatenus
1251 750 1418 836 allegarunt

313 863 456 906 canones
489 853 522 908 et
551 845 706 928 synodos,
739 847 986 932 omiseruntque
1016 849 1104 911 dicta
1134 847 1322 914 Sanctorum
1346 871 1419 934 quae

312 939 355 1004 ab
378 939 582 1026 Imperatore
606 965 705 1008 sensu
728 945 873 1029 quodam
897 966 984 1028 vago
1008 955 1042 1008 et
1065 946 1178 1031 inepte
1209 947 1418 1011 sumebantur.

311 1038 438 1103 Tamen
464 1040 509 1102 ita
532 1039 702 1106 decretum
727 1042 915 1108 confectum
939 1053 997 1124 est,
1031 1053 1069 1106 ut
1092 1063 1236 1109 canones
1260 1055 1293 1108 et
1315 1043 1418 1128 synodi

312 1145 440 1200 tantum
466 1139 499 1201 in
525 1139 810 1205 confirmationem
849 1140 1133 1206 subnecterentur.
1182 1142 1236 1206 Ad
1268 1161 1418 1207 summum

313 1233 433 1298 Graeci
459 1235 556 1300 simul
581 1236 762 1324 intelligere
787 1247 949 1324 poterent,
974 1241 1008 1302 in
1034 1239 1171 1324 synodis
1194 1249 1228 1304 et
1251 1239 1420 1304 canonibus

312 1335 413 1397 etiam
438 1332 582 1398 indolem
609 1335 737 1419 jurium
769 1338 932 1421 primatus
955 1348 989 1400 et
1011 1338 1083 1423 ejus
1107 1336 1361 1422 explicationem
1384 1339 1421 1399 in·

313 1430 427 1496 dicari.
475 1431 541 1496 Sed
566 1434 729 1496 restrictio
753 1433 844 1498 nulla
868 1435 903 1498 in
927 1444 1021 1498 textu
1046 1436 1118 1520 ipso
1141 1437 1342 1500 continetur.

265 1628 268 1636 1
400 1547 454 1612 56.
502 1547 602 1611 Modo
627 1547 668 1612 de
691 1550 807 1612 unicae
826 1549 1034 1613 Armcnoram
1057 1545 1267 1635 aliarumque
1292 1547 1419 1615 Orientis

312 1645 541 1724 ecclesiarum,
573 1667 658 1730 quae
682 1647 806 1731 pariter
829 1649 863 1710 in
889 1644 1038 1712 Concilio
1062 1647 1256 1711 Florentino
1289 1647 1418 1711 contem

312 1753 370 1825 est,
406 1743 571 1829 quaedam
607 1754 785 1829 supersunt
808 1744 961 1809 dicenda.
1010 1743 1094 1809 Cum
1120 1743 1241 1810 Graeci
1269 1746 1418 1810 Florentia

313 1841 489 1905 discessuri
513 1852 631 1921 essent,
656 1863 694 1906 eo
718 1843 930 1906 advenerunt
951 1842 1052 1927 legati
1069 1844 1307 1924 Armenomm
1333 1846 1416 1932 quiet

312 1941 375 2024 ipsi
400 1941 556 2004 unionem
581 1961 657 2003 cum
673 1939 824 2004 Ecclesia
841 1941 991 2004 Romane
1014 1949 1047 2004 et
1069 1941 1310 2006 rectitudinem
1334 1941 1413 2006 artha

313 2037 420 2102 doxae
444 2036 614 2102 doctrinae
638 2037 804 2123 petebant.
852 2039 927 2102 Post
951 2039 1073 2124 aliquot
1095 2037 1173 2117 dics,
1197 2049 1339 2104 narrant
1356 2041 1410 2103 ⁴tm

313 2137 423 2216 citata,
453 2147 603 2200 venerant
626 2157 666 2199 aa
689 2136 841 2200 Armenia
865 2137 1075 2222 apocrisiaris*
1096 2135 1310 2201 Patriarcleae
1334 2137 1412 2201 aar·

312 2255 434 2311 acram,
464 2235 577 2298 uirtute
596 2245 801 2320 praestantes
827 2235 900 2314 viri,
935 2245 1119 2320 quaerentes
1142 2243 1172 2298 et
1193 2235 1262 2320 ipss·
1296 2237 1416 2298 unicam

303 2331 444 2417 fideique
467 2333 687 2396 rectitudinem
694 2356 705 2411 ;
729 2335 784 2418 qai
799 2335 895 2396 etiam
910 2332 1124 2396 beaassimam
1139 2333 1264 2418 Papam
1291 2329 1418 2396 rsenerati.

312 2433 453 2513 viserent
468 2433 704 2517 Imperatorem,
728 2430 953 2516 consiliumque
977 2453 1066 2494 saum
1089 2431 1285 2494 stammam
1310 2429 1346 2493 ds
1366 2451 1418 2490 cun-

304 2528 449 2613 ficicmda
471 2551 541 2590 cum
551 2527 696 2592 Ecclesia
718 2530 834 2592 amicae
858 2539 1083 2615 conposuerunt,
1104 2539 1258 2614 petentes,
1283 2539 1320 2590 at
1334 2527 1420 2612 ferret

314 2627 472 2692 aemiliam
495 2636 524 2689 et
540 2626 719 2711 pmdcntia
742 2647 802 2690 aaa
818 2631 958 2716 juvaret.
991 2627 1170 2713 Imperator
1186 2635 1294 2688 erstem
1316 2645 1420 2708 respon·

314 2725 373 2808 dit,
403 2723 536 2788 maltum
558 2722 621 2787 sita·
638 2721 769 2810 place-re
792 2747 899 2787 eorum
929 2723 1068 2788 stad-iam
1091 2734 1121 2787 et
1143 2731 1269 2810 pramm
1292 2723 1375 2809 fore,
1400 2718 1422 2780 a'

314 2824 502 2889 accesserint
525 2822 570 2886 ad
593 2821 800 2885 ortlcdcaam
814 2821 914 2905 fldem
938 2833 968 2885 et
991 2821 1166 2886 Ecclesiam
1189 2819 1380 2896 catholicam,
1400 2827 1422 2878 ct

308 2921 441 3010 precari
454 2921 557 2985 Deam
575 2943 638 3006 pro
662 2941 768 2984 eoram
790 2921 915 2983 anione.
943 2970 1000 2986 ...
1029 2921 1091 2984 His
1114 2921 1219 3001 dietis,
1244 2925 1422 2982 recesserunt

313 3020 455 3098 Armem‘,
484 3041 544 3082 aas
565 3039 637 3082 uero
661 3015 831 3082 Florentia
853 3027 1000 3082 secantes
1030 3017 1177 3081 Venetiae
1196 3017 1373 3102 peticiones,
1401 3021 1423 3072 ct

314 3117 390 3181 iude
412 3139 523 3181 sareas
546 3117 671 3180 domam
693 3115 888 3196 reds'e'mas.')

405 3215 542 3278 Armeni
560 3213 692 3278 saeculo
704 3213 770 3278 Xll
788 3211 927 3299 abjectis
938 3212 1421 3297 erroribusMonophysitsmm.

314 3315 582 3377 communionem
608 3332 683 3375 cum
697 3310 783 3375 Sede
796 3309 989 3396 Apostolica
1014 3308 1186 3374 coluerunt
1202 3320 1235 3373 et
1250 3325 1420 3395 supremam

313 3411 454 3476 Romani
490 3409 662 3475 Pontificis
697 3410 929 3474 auctoritatem
969 3416 1197 3492 agnoverunt3
1241 3409 1276 3470 in
1314 3404 1421 3488 aliquot

313 3519 427 3574 tamen
451 3508 623 3572 doctrinae
638 3527 678 3570 ac
694 3506 891 3593 disciplinae
907 3505 1056 3570 articulis
1069 3505 1112 3570 ab
1125 3505 1278 3569 Ecclesia
1290 3503 1420 3567 Romans

316 3606 565 3673 dissentiebant.
623 3606 772 3670 Ioannes
808 3605 911 3669 XXII
953 3605 1091 3690 ejusque
1130 3623 1301 3666 successor
1335 3600 1419 3663 Bene

316 3707 426 3771 dictus
442 3705 520 3788 XII,
545 3705 654 3769 missis
676 3703 794 3767 litteris
817 3725 857 3767 ac
873 3701 1096 3786 legationibus
1119 3701 1163 3766 ad
1177 3699 1309 3765 illorum
1326 3713 1419 3781 regem

315 3827 354 3870 ac
367 3802 560 3869 Catholicon
579 3825 636 3867 seu
650 3801 889 3881 Patriarcham‚
914 3800 956 3864 ad
974 3799 1162 3864 doctrinam
1177 3807 1209 3862 et
1224 3795 1419 3880 disciplinam

316 3902 514 3968 catholicam
546 3923 602 3966 eos
631 3900 788 3964 reducere
813 3900 922 3963 conati
947 3906 1035 3962 sunt.
1082 3896 1253 3980 Eugenins
1278 3891 1324 3957 IV
1355 3907 1420 3952 reru

390 4117 410 4181 ¹)
430 4115 463 4173 V.
483 4113 575 4168 Imbbe
594 4111 672 4168 XIII.
691 4111 753 4168 506.

389 4195 412 4265 ²)
432 4194 523 4249 natue
542 4193 619 4247 XIII.
639 4193 700 4246 527.
