2916 4842
294 424 344 476 iio
453 422 553 476 xxiv.
575 423 613 477 ns
631 422 752 479 dissidiis
770 401 902 480 ssiissis'i
920 426 935 479 1
953 441 1014 480 ssss
1034 425 1067 480 n.
1086 425 1272 482 assassinis.

291 565 418 629 brorum.
441 567 620 652 deformari
641 569 848 655 proecepit.¹)
894 567 961 633 Sed
985 571 1138 655 quamvis
1162 575 1246 634 torte
1269 569 1311 634 ob
1333 571 1407 656 ejus·

291 663 381 728 modi
405 664 535 729 facinus
564 667 599 728 in
623 666 832 730 Fridericum
864 689 981 753 parum
1017 689 1201 754 propensus
1225 677 1310 732 esset
1332 668 1408 732 Pon·

291 761 385 843 tifex,
411 761 508 826 etad
534 763 777 849 indulgentiam
802 767 911 830 minus
936 787 1068 851 pronus,
1102 775 1213 830 tamen
1233 767 1409 852 justissime

290 881 365 924 eum
379 858 549 924 Ecclesiae
573 859 660 927 bona
684 873 717 926 et
740 865 987 948 praerogativas
1013 865 1133 927 tuitum
1150 885 1230 945 esse,
1256 886 1317 928 nec
1333 866 1407 928 vitio

290 959 373 1021 verti
393 980 488 1044 posse
503 958 622 1038 eidem,
638 961 728 1046 qnod
747 961 818 1047 jam
836 962 983 1025 severius
1001 963 1035 1026 in
1052 960 1287 1047 Imperatorem
1313 964 1408 1026 anim·

289 1056 463 1120 advertere
492 1056 609 1139 vellet,
646 1081 689 1122 ex
720 1060 760 1123 iis
795 1081 879 1146 quae
914 1059 1087 1123 retulimus
1124 1062 1203 1124 satis
1239 1059 1409 1144 colligitur.

290 1156 336 1218 At
359 1153 437 1219 dum
463 1154 619 1220 Pontifex
637 1157 709 1242 jam
734 1159 769 1220 in
792 1159 904 1222 animo
918 1157 1064 1239 baberet,
1090 1167 1127 1220 ut
1148 1161 1408 1223 excommunica·

288 1253 378 1315 tione
401 1253 637 1338 Imperatorem
662 1253 828 1338 plecteret,
853 1265 958 1319 morte
983 1265 1185 1342 praeventus
1209 1266 1267 1324 est.
1309 1255 1408 1322 Occu·

288 1349 363 1413 buit
386 1348 542 1415 videlicet
565 1352 738 1416 Ferrarius
762 1353 816 1417 die
841 1352 901 1418 20ο
918 1352 1073 1418 Octobris
1099 1355 1195 1434 1187,
1221 1354 1408 1441 ibidemque

290 1447 437 1533 sepultus
461 1449 551 1532 est.¹)

379 1565 433 1631 56.
458 1567 498 1630 In
520 1565 631 1631 locum
646 1566 775 1631 Urbani
793 1565 843 1631 III
868 1567 922 1632 die
938 1568 998 1632 21⁰
1015 1569 1137 1632 mensis
1152 1566 1308 1634 Octobris
1334 1567 1407 1633 elec·
1436 1635 1437 1638 ,

143 1655 154 1683 ¹
187 1735 192 1747 ¹
228 1736 235 1749 ο
290 1669 343 1726 tus
366 1664 430 1727 fuit
456 1664 627 1749 Greporins
645 1665 729 1730 VIII
745 1666 1011 1743 Beneventanus,
1037 1665 1336 1752 anteaappellatus
1359 1665 1408 1730 Al·
1436 1703 1437 1720 Ι

289 1759 402 1825 bertus
419 1758 615 1844 Cardinalis,
640 1762 866 1830 cancellarius.
914 1763 1070 1828 Pontifex
1093 1775 1164 1828 tum
1188 1764 1277 1850 quod
1301 1767 1407 1828 animo

289 1858 450 1924 benevolo
475 1870 559 1924 esset
583 1863 617 1925 in
638 1863 884 1947 Imperatorem,
910 1871 979 1925 tum
996 1864 1142 1926 maxime
1167 1861 1255 1948 quod
1279 1877 1409 1948 propter

289 1956 494 2022 calamitates
518 1959 638 2022 Terrae
663 1969 797 2023 sanctae
821 1969 920 2046 atque
944 1960 988 2024 ad
1008 1961 1230 2046 expeditionis
1246 1964 1408 2025 cruciatae
1436 1979 1437 1984 ’

288 2058 576 2141 praeparationem
601 2060 721 2121 summi
746 2060 903 2122 momenti
928 2069 1086 2141 censeret,
1110 2079 1227 2144 pacem
1251 2058 1408 2122 interlin·

288 2156 417 2238 perium
442 2164 474 2218 et
497 2155 724 2220 Sacerdotium
751 2177 956 2237 conservare,
986 2159 1077 2221 nisus
1099 2169 1150 2221 est
1173 2167 1304 2220 exortas
1329 2157 1406 2221 diffi-

290 2252 427 2316 cultates
451 2253 590 2338 pacifice
614 2275 822 2340 componere.
862 2256 952 2318 Hinc
968 2255 1102 2339 legatos,
1128 2257 1184 2340 qni
1207 2253 1408 2319 aFriderico
1436 2285 1437 2290 ¹

288 2350 331 2414 ad
356 2350 530 2415 Urbanum
554 2352 606 2417 llI
634 2353 724 2416 missi
757 2350 955 2437 Gregorium
980 2353 1051 2438 jain
1080 2355 1283 2417 invenerunt
1305 2352 1409 2416 Ponti·
1436 2351 1437 2358 '

288 2447 396 2530 ficem,
422 2451 559 2514 comiter
582 2447 716 2536 recepit,
742 2460 774 2514 et
798 2473 873 2514 cum
898 2450 1015 2515 litteris
1038 2451 1081 2516 ad
1098 2451 1337 2536 Imperatorem
1361 2449 1408 2512 be·

289 2546 479 2610 nevolentia
504 2547 610 2633 plenis
634 2549 769 2615 remisit.
822 2549 972 2614 Similem
998 2549 1170 2635 epistolam
1195 2550 1296 2613 etiam
1323 2549 1410 2613 dedit

289 2642 333 2708 ad
357 2644 541 2708 Henricum
559 2667 682 2730 ¹regem
715 2646 840 2712 ltaliae.
896 2647 1088 2711 Fridericns
1121 2648 1257 2731 gavisus
1287 2642 1344 2710 est'
1370 2646 1407 2710 de
1436 2713 1437 2716 Ἴ

289 2741 461 2806 Pontificio
484 2743 727 2827 benevolentia,
752 2756 851 2830 atque
875 2745 997 2810 exinde
1022 2767 1098 2809 cum
1118 2745 1248 2809 fervore
1263 2747 1408 2809 animuin

289 2843 389 2904 vertit
412 2842 455 2906 ad
479 2843 725 2928 suscipiendam
750 2843 997 2928 expeditionem
1022 2845 1056 2906 in
1082 2841 1264 2908 Orientem.
1312 2841 1409 2907 Haud

289 2960 368 3002 vero
393 2940 582 3005 mirandum
614 2950 662 3005 est
695 2940 735 3005 de
761 2951 886 3006 mumta
918 2941 1014 3007 Sedis
1038 2940 1249 3027 Apostolicae
1286 2943 1407 3006 ratione

289 3037 420 3121 agendi
467 3038 618 3124 Namque
643 3040 677 3104 in
701 3037 799 3103 rebus
816 3041 971 3125 practicis
983 3038 1123 3104 latitudo
1139 3038 1305 3126 quaedam
1322 3039 1409 3104 adest

365 3250 384 3320 ¹)
403 3249 489 3305 Gesta
506 3251 679 3307 Trevirorum
698 3251 766 3320 (98),
786 3267 829 3320 ap.
849 3251 1012 3317 Watterich,
1032 3251 1069 3305 11.
1089 3252 1150 3306 665.

362 3329 386 3402 ²)
406 3331 482 3399 Qnod
500 3349 554 3387 non
572 3332 651 3402 pauci
671 3332 824 3386 annalistae
841 3339 958 3386 nonant
977 3337 1006 3388 st
1024 3331 1105 3386 multi
1123 3337 1253 3400 repetunt
1280 3339 1406 3396 auctores,

288 3410 429 3466 Urbanum
447 3412 499 3479 ΙΙΙ,
525 3419 636 3481 accepto
656 3412 753 3466 nuntio
778 3413 944 3468 decivitate
968 3418 1063 3468 sancta
1086 3412 1237 3467 Jerusalem
1260 3417 1342 3480 capta
1365 3425 1408 3478 per

288 3491 452 3559 saladinum,
471 3493 561 3549 dolore
574 3494 660 3548 cordis
673 3493 823 3547 sauciatum
837 3493 998 3559 occubuisse,
1018 3509 1158 3548 erroneum
1170 3493 1287 3547 videtur.
1304 3491 1407 3546 Etenim

288 3574 387 3628 civitas
406 3581 501 3629 sancta
519 3581 600 3641 capta
619 3579 661 3628 est
679 3574 723 3629 die
742 3575 772 3626 3⁰
782 3573 912 3639 Octobris,
932 3581 961 3628 et
980 3580 1036 3627 tam
1055 3574 1109 3628 cito
1128 3573 1217 3627 tristis
1236 3572 1282 3627 ille
1300 3571 1409 3626 nuntius

289 3670 371 3724 aegre
396 3671 479 3722 usqne
498 3655 652 3709 Ferrariam
678 3653 821 3722 provenire
848 3655 977 3721 potuerit
1011 3683 1045 3694 -
1074 3653 1235 3709 Accnratius
1261 3651 1407 3707 Gulielmus

289 3735 494 3805 Nenbrigensir,
520 3735 572 3789 ΙΙΙ.
592 3738 641 3790 21:
674 3735 760 3802 „Sane
779 3749 860 3800 quum
878 3735 907 3790 iu
926 3734 1038 3789 Oriente
1056 3735 1124 3788 illud
1143 3733 1307 3788 christianae
1327 3731 1407 3800 plebis

286 3815 480 3870 exterminium
501 3815 584 3886 (apud
602 3815 695 3869 Hittin
715 3831 805 3868 mense
818 3815 903 3882 Julio)
923 3821 1005 3882 atque
1024 3815 1141 3883 irruptio
1160 3821 1271 3868 sanctae
1289 3811 1407 3866 civitatis

286 3894 340 3948 snb
357 3895 519 3964 pontificatu
538 3896 642 3951 Urbani
661 3894 837 3962 contigerint,
857 3894 943 3949 eidem
963 3903 1055 3949 tamen
1074 3896 1168 3949 datum
1188 3900 1237 3958 est,
1258 3901 1353 3947 tantae
1371 3894 1406 3944 in·

284 3974 431 4029 felicitatis
449 3975 523 4031 fama
541 3976 651 4030 minime
668 3975 792 4028 sauciari.
824 3975 929 4030 Rerum·
948 3977 1049 4045 qusppe
1069 3975 1147 4041 itsfro
1166 3981 1280 4028 octatius
1294 3975 1406 4042 Aperta

290 4057 378 4110 loram
391 4057 504 4110 Petriat
516 4059 602 4112 Pauli
620 4057 774 4122 iriseliciter
791 4062 933 4126 pensaram
951 4057 1048 4110 euantii
1067 4055 1139 4109 circa
1148 4053 1329 4108 festivitatem
1340 4049 1407 4106 beati

289 4133 379 4190 Lucae
392 4137 588 4205 Evangelistae
606 4134 836 4203 adapostolicam
854 4135 1099 4200 sedemvenernnt‚
1120 4134 1230 4189 Urbano
1248 4133 1328 4200 paulo
1347 4137 1407 4185 anto

280 4231 323 4269 ex
341 4215 392 4270 bac
411 4216 469 4272 lnce
488 4217 628 4271 subtracto
648 4222 677 4272 et
695 4219 801 4270 mature
819 4215 968 4270 substituto
988 4215 1144 4285 Gregorio.“
