2836 4848
302 478 343 532 De
362 476 499 531 Decretali
520 477 573 528 Per
592 476 781 528 varerubilem.
1052 473 1105 528 373

26 625 80 707 agi.
100 625 216 686 eruitur
237 645 278 685 ex
304 623 375 707 ipso
399 619 648 704 legitimationis
664 618 807 697 decreto,
832 618 866 682 in
883 639 947 703 quo
965 617 1103 681 dicitur:

26 721 72 784 l'os
90 723 179 806 ipitur
199 719 395 784 attendentes
425 719 459 780 iu
483 739 517 780 eo
542 716 719 780 deuotionis
746 716 957 781 coustantium
981 727 1010 779 et
1023 715 1107 799 fidei

19 821 137 903 pietatem
165 842 252 904 pram
277 842 298 880 a
316 815 574 903 progenitoribus
602 836 643 878 ec
676 817 823 878 Romane
853 813 984 877 ecclesia
1015 818 1108 900 quasi

20 918 122 1000 proriam
154 916 364 980 haereditario
388 919 463 1003 jure
496 914 666 990 contram,
698 923 733 976 ut
765 923 829 976 tarn
859 913 970 976 honori
1001 915 1107 998 copiae

19 1015 164 1098 dignitatis,
186 1037 279 1099 qurum
302 1014 437 1077 utilitati
461 1023 490 1074 et
512 1012 694 1075 necessitati
716 1011 806 1096 requi
821 1011 1014 1074 Francorum
1034 1035 1107 1098 pro-

18 1111 67 1174 tite
86 1112 285 1188 scandamus,
306 1111 490 1197 praedictos
515 1131 649 1194 puerum
681 1119 710 1172 et
734 1108 878 1194 puellam
908 1109 946 1172 de
973 1110 1109 1196 speciali
1195 1191 1199 1202 Ι

15 1211 95 1292 pratia
123 1209 359 1294 beqitimatiouis
393 1206 483 1272 titulo
515 1208 553 1270 de
580 1209 734 1270 communi
755 1206 901 1290 flatrum
930 1219 1108 1271 nostrorum

15 1305 118 1368 musitio
140 1307 332 1387 decoramus,
365 1317 401 1370 ut
422 1305 530 1369 ocellus
558 1307 604 1368 ee's
634 1306 668 1368 iu
691 1303 856 1368 natalibus
886 1305 1025 1391 desectus
1057 1307 1107 1370 ob·

14 1403 121 1488 straet)
167 1403 387 1470 sufficiebant
409 1425 488 1468 sane
506 1406 588 1467 istae
612 1405 755 1466 rationes
779 1401 836 1466 illu
859 1405 893 1466 in
919 1424 963 1483 re,
989 1426 1027 1467 eo
1053 1409 1107 1473 vel

14 1505 102 1583 uagis,
126 1503 212 1586 qnod
228 1525 288 1567 rex
305 1501 436 1566 Galliae
452 1501 534 1565 nulli
551 1500 704 1567 subditus
726 1510 812 1565 esset
827 1500 930 1582 alteri,
949 1501 992 1565 ad
1009 1526 1107 1589 quem

14 1617 54 1680 pro
73 1597 303 1684 legitimatione
329 1599 428 1685 prolis
453 1620 619 1662 recurrere
643 1608 761 1684 posset.

79 1733 125 1796 tt).
161 1733 196 1799 Si
220 1731 406 1798 Decretalis
430 1733 492 1795 Per·
514 1731 723 1795 verrerolilem
747 1731 974 1797 consideratur
998 1736 1107 1820 quoad
1127 1712 1270 1824 l’ffi'ssllf

11 1831 207 1912 quaestionem
233 1830 421 1916 generalem
454 1828 496 1892 de
519 1838 681 1914 potestate
712 1829 852 1893 Romani
876 1829 1048 1897 Pontificis
1072 1835 1106 1896 in
1131 1838 1264 1886 ttfltffllffl·

9 1929 186 2011 corporalia,
213 1931 376 2016 imprimis
408 1929 491 1992 haec
514 1937 658 2014 potestas
681 1927 794 1991 verbis
812 1929 883 2014 jam
909 1932 1040 2015 saepius
1066 1932 1108 1993 ei·

9 2027 72 2100 tuis,
97 2050 182 2106 „non
207 2027 312 2092 solum
338 2029 371 2090 in
395 2025 567 2090 Ecclesiae
597 2026 807 2110 patrimonio,
832 2048 1018 2112 superque
1043 2029 1108 2114 ple-

9 2141 64 2185 nam
86 2127 118 2189 in
142 2125 384 2212 temporalibus
417 2125 562 2208 gerimus
593 2133 798 2208 potestatem,
829 2148 935 2188 oerum
958 2126 1052 2188 ctiam
1075 2129 1110 2190 iu

7 2217 64 2283 clir's
85 2225 277 2310 ropionibus,
308 2225 399 2286 certis
429 2225 533 2285 causis
556 2223 718 2307 inspectis,
750 2220 951 2308 temporalem
972 2225 1109 2313 jurisdi-

7 2321 114 2382 uiuum
137 2323 312 2386 casualiter·
336 2327 546 2399 exercemus,“
571 2319 691 2384 diserte
715 2321 909 2384 affirmatur.
946 2319 1110 2386 Potuisset

7 2411 197 2484 lautu-entius
233 2415 284 2483 ΙΙΙ
328 2428 522 2504 potestatem
564 2416 651 2480 hanc
693 2417 916 2481 demonstrare
959 2422 1110 2504 exposita

7 2513 133 2580 doctrina
158 2518 200 2581 de
225 2515 345 2581 habitu
369 2518 542 2601 utriusque
566 2516 747 2601 potestatis,
773 2515 953 2601 spiritualis
977 2526 1009 2580 et
1031 2531 1109 2582 tenr-

7 2613 113 2694 poralis,
148 2615 190 2679 dc
232 2617 402 2700 utriusque
443 2614 654 2679 distinctione
688 2623 720 2676 et
751 2612 838 2676 illius
870 2617 1109 2699 superioritate.

7 2705 52 2771 lert
82 2711 142 2776 hoc
176 2711 267 2795 loce,
301 2713 399 2776 modo
431 2715 595 2798 practico,
630 2711 754 2774 directe
784 2723 980 2796 potestatem
1019 2713 1110 2778 illam

7 2805 51 2868 ribi
73 2821 263 2895 competere
288 2810 442 2890 ostendit,
471 2810 757 2893 argumentatione
787 2809 930 2873 deducta
954 2833 995 2873 ex
1020 2813 1110 2874 insti·

7 2908 107 2970 utiono
122 2918 155 2971 et
166 2908 306 2993 juribus
322 2908 497 2971 sacerdotii
514 2909 641 2992 antiqui
658 2917 691 2970 et
712 2907 790 2971 novi
808 2907 974 2973 Foederis.
999 2909 1110 2974 Etiam

7 3003 23 3062 si
42 3007 87 3069 cni
111 3009 226 3070 minus
252 3007 474 3092 peremptoria
490 3006 659 3069 videretur
674 3008 915 3089 argumentatio
941 3029 982 3070 ex
1007 3008 1110 3094 paral·

7 3095 107 3166 lelismo
140 3107 317 3190 utriusque
350 3103 536 3185 sacerdotii,
568 3103 601 3167 id
635 3125 713 3167 sane
742 3103 952 3167 manifestum
986 3119 1043 3188 est,
1076 3109 1110 3170 in

7 3195 57 3276 iore
78 3203 206 3284 divino,
233 3223 300 3266 non
324 3223 404 3266 vero
429 3201 558 3286 injure
582 3200 738 3285 humano,
763 3223 783 3264 a
806 3201 968 3266 Pontifiee
992 3206 1109 3269 consti-

7 3299 37 3358 tni
59 3299 179 3364 fontem
206 3298 364 3364 ultimum
390 3299 595 3363 auctoritatis
625 3321 724 3385 quam
759 3299 821 3362 sibi
847 3301 1007 3366 vindicat.
1054 3303 1110 3366 At-

7 3415 51 3478 que
74 3399 132 3462 hac
160 3401 198 3462 in
223 3420 260 3462 re
284 3397 380 3462 nobis
404 3399 607 3484 quaestionis
625 3399 765 3460 vertitur
781 3398 890 3464 cardo.
930 3399 999 3463 Nec
1024 3401 1111 3464 infir-

7 3507 91 3558 natnr
113 3495 341 3561 conclusionis
374 3498 425 3558 vis
454 3495 542 3578 inde,
576 3495 665 3580 quod
688 3494 843 3558 Pontifex
875 3497 1032 3581 advertit,
1063 3521 1110 3561 re-

7 3595 138 3673 quisitum
166 3618 203 3658 se
230 3616 299 3657 csse
314 3615 334 3658 a
349 3592 515 3679 Philippo,
540 3603 577 3656 ut
601 3592 849 3676 legitimationis
872 3597 1012 3678 gratiam
1038 3618 1111 3660 con-

7 3691 122 3758 cederet.
170 3692 259 3758 Inde
283 3691 440 3755 videlicet
468 3692 582 3755 inferri
608 3693 723 3776 nequit
753 3693 946 3772 universim,
977 3693 1110 3757 Pontifi-

7 3807 44 3848 [τις
65 3793 95 3854 in
118 3789 365 3876 temporalibus
389 3791 590 3854 intervenire
615 3811 680 3854 non
706 3812 812 3875 posse,
841 3792 904 3854 nisi
929 3793 1112 3856 invitentur

60 4031 76 4088 'l
94 4031 125 4084 V.
139 4048 182 4099 ap.
194 4029 315 4090 molitor,
327 4029 377 4083 Die
388 4031 527 4084 Decretale
540 4032 593 4084 Per
605 4031 799 4096 Venerotitem,
813 4046 838 4098 p.
853 4033 893 4087 10.
910 4031 1034 4086 Mitnster
1043 4031 1111 4084 Rus·

7 4105 38 4157 *tl
62 4109 131 4164 1876.
158 4141 194 4151 -
222 4109 282 4163 Hoc
300 4124 381 4176 opere
405 4118 500 4164 auctor
527 4111 694 4179 praeclarum
714 4110 942 4164 Commentarium
961 4111 1112 4164 Decretslis

7 4187 103 4244 rxhibet.
134 4190 378 4258 quaestionemque
409 4191 441 4244 tle
459 4195 596 4258 potestate
623 4191 700 4244 Rom.
727 4189 866 4246 Pontifiois
898 4191 925 4244 in
951 4191 1112 4258 temporalis

7 4277 78 4320 tran
95 4273 209 4340 egregie
230 4271 343 4326 evolvit
