2868 4844
398 461 502 516 Electic
522 461 624 516 Urbani
644 461 691 516 vl.
1068 465 1123 518 255

21 603 182 668 libertatem
199 603 263 668 sibi
282 604 503 670 vindicarent.
522 643 564 653 —
581 604 825 671 Reelectionem
851 619 926 691 post
946 607 1121 691 prandium
1208 691 1211 698 Δ

21 703 121 765 laetsnn
144 703 243 766 etiam
269 715 540 784 commemorant,
565 702 623 768 scd
643 705 678 767 in
693 702 810 768 eodem
827 703 1021 768 discrimine
1037 705 1125 789 ipsos

20 801 101 864 luisse
127 800 232 879 aiunt,
266 811 331 864 tres
362 800 520 882 abfuisse,
552 814 585 865 et
615 811 794 886 antequam
826 801 920 866 linita
951 813 1124 886 recesset,

16 899 71 982 jam
100 896 256 983 populum
293 899 427 962 irruisse
458 901 492 962 in
526 895 705 979 (lonclare,
743 898 961 963 clamantem:
1000 901 1061 964 Per
1092 899 1124 964 lu

18 993 154 1060 cluurlutu
177 996 213 1058 di
228 995 304 1073 Dio,
322 996 468 1060 Romano
492 996 523 1060 lo
548 997 677 1060 solemn.
715 995 761 1061 Ut
777 1007 916 1060 mortem
940 999 1125 1082 effugerent

18 1093 176 1174 finxerunt,
202 1090 413 1158 Cardinalem
440 1117 464 1158 s.
490 1095 577 1157 Petri
603 1116 673 1158 esse
697 1093 849 1174 electum,
875 1105 907 1158 et
930 1095 1010 1160 dum
1034 1117 1125 1160 reve·

16 1194 105 1255 unna
122 1193 152 1255 ei
168 1189 393 1272 exhiberetur,
418 1191 537 1277 reliqui
554 1192 719 1274 abierunt,
744 1202 777 1255 et
793 1191 837 1256 ud
851 1192 959 1258 domos
969 1195 1126 1281 proprius

14 1301 41 1350 at
63 1289 232 1376 plurinum
263 1289 331 1352 siue
362 1291 477 1376 cuppis
508 1301 538 1354 et
568 1289 703 1376 capellis
732 1301 788 1354 cut
815 1290 994 1376 peditaudu
1028 1315 1125 1356 reces-

15 1397 114 1450 serunt.
154 1386 422 1472 conqueruntur,
448 1390 598 1473 sequenti
624 1387 678 1452 die
702 1389 893 1470 Barensem,
917 1391 974 1473 qui
998 1411 1126 1454 reman-

14 1495 87 1548 serat
116 1487 148 1548 in
181 1485 305 1570 palatio
336 1497 370 1548 et
399 1487 433 1550 in
467 1488 606 1550 cameris
630 1486 816 1572 papalibus,
857 1488 956 1550 etiam
988 1497 1037 1550 ter
1067 1509 1126 1572 per

13 1584 126 1668 aliquos
150 1582 303 1648 dominos
325 1585 383 1668 qui
408 1583 449 1648 de
473 1583 555 1648 urbe
578 1595 783 1648 recesserant
815 1585 1010 1670 requisitum
1035 1585 1125 1650 nullo

13 1681 97 1744 nodo
114 1683 206 1745 exire
222 1680 376 1763 voluisse,
402 1693 434 1746 et
448 1683 673 1768 requisivisse,
698 1692 734 1746 ut
745 1679 941 1746 Cardinales
956 1679 999 1744 ad
1015 1683 1124 1768 ipsum

13 1781 161 1861 venirent,
185 1801 226 1843 ac
241 1779 377 1843 tandem
395 1801 610 1865 magnacum
627 1780 736 1846 cordis
751 1777 976 1844 amaritudine
992 1791 1126 1865 propter

12 1887 124 1940 netum
149 1899 184 1941 se
207 1899 284 1941 eum
309 1877 593 1960 inthronizasse¹>
617 1915 660 1926 -·-
684 1879 808 1942 Parum
832 1877 915 1942 haec
939 1875 1055 1943 ultima
1072 1901 1125 1943 vc-

11 1977 88 2040 ritati
104 1997 289 2060 congruere
304 1975 471 2058 videntur,
489 1987 522 2040 et
536 1976 638 2042 multo
655 1976 772 2040 melius
787 1978 872 2040 inter
887 1999 921 2040 se
938 1977 1125 2060 cohaerent,

10 2093 84 2156 quae
106 2075 260 2158 superius
284 2072 440 2154 vidimus,
473 2074 601 2138 scilicet
626 2074 670 2138 ad
695 2073 867 2138 Urbanum
902 2077 1029 2140 misisse
1053 2075 1126 2140 illos

12 2167 197 2235 Cardinales
220 2193 263 2234 ex
281 2170 370 2236 Urbe
395 2170 597 2253 recedentes,
622 2183 658 2236 ut
681 2193 755 2236 enm
783 2184 955 2238 monerent
978 2173 1019 2238 de
1043 2174 1126 2258 peri-

9 2267 83 2350 culo,
108 2278 142 2332 et
165 2269 274 2354 ipsum
300 2271 506 2350 remansisse,
533 2272 676 2335 instante
702 2268 873 2334 Cardinali
898 2293 921 2336 s.
946 2272 1046 2352 Petri,
1071 2271 1125 2334 ab·

10 2365 188 2430 sconditum
214 2367 249 2430 in
273 2365 448 2432 Vaticano.

8 2549 10 2560 y
89 2465 142 2528 l'i.
183 2463 283 2529 Modo
307 2475 345 2528 ut
367 2486 410 2528 ex
435 2467 682 2550 comparatione
706 2467 877 2550 utriusque
901 2465 1071 2532 relationis
1094 2477 1127 2530 et

9 2585 43 2624 ex
68 2564 259 2627 narratione
282 2561 423 2626 aliorum
448 2564 581 2628 testium
598 2562 709 2628 adhuc
726 2563 890 2648 quaedam
906 2563 1124 2646 elucidantur,

8 2657 80 2724 baec
103 2658 216 2746 quoad
240 2668 345 2725 totum
370 2671 526 2724 eventum
553 2661 700 2726 notanda
720 2647 916 2726 obveniunt.
940 2699 983 2710 -
1010 2664 1046 2725 1⁰
1061 2661 1125 2727 Tu·
1149 2669 1282 2768 Ef⁰¹¹⁸¹¹¹¹¹¹¹¹

8 2757 123 2822 multus
146 2758 309 2844 quosdam
332 2769 409 2822 ante
426 2757 621 2824 electionem
640 2769 834 2844 ettempore
851 2760 955 2844 ipsius
969 2760 1125 2840 adfuisse,
1156 2733 1276 2778 dmm*

8 2855 247 2920 admittendum
278 2877 350 2922 esse
389 2877 572 2922 censemus.
625 2855 692 2921 Sed
723 2881 742 2920 a
775 2854 1011 2922 cardinalibus
1045 2858 1127 2922 haec

8 2957 136 3020 omnino
161 2963 421 3038 exaggerantur3
446 2953 604 3018 videntur
619 2957 708 3018 enim
725 2973 847 3037 magna
871 2977 913 3019 ex
933 2968 1025 3042 purte
1049 2955 1127 3020 inde

8 3054 207 3134 provenisse,
231 3051 320 3136 quod
337 3050 443 3133 multi,
469 3053 517 3116 uti
543 3053 577 3117 in
601 3052 766 3137 ejusmodi
791 3051 1021 3118 occasionibus
1044 3055 1127 3117 acci-

8 3149 78 3214 dere
111 3149 204 3230 solet,
236 3150 365 3214 fortiter
397 3149 561 3216 biberant.
608 3151 721 3216 Refert
744 3151 889 3216 Thomas
921 3150 961 3214 de
985 3151 1127 3232 Auerno,

8 3249 91 3332 quod
116 3249 229 3332 magni
256 3250 414 3313 momenti
439 3259 497 3328 est,
533 3271 641 3330 mane,
666 3248 826 3314 electione
851 3249 999 3314 nondum
1023 3248 1129 3335 publi-

8 3357 86 3426 cata,
113 3345 280 3411 Romanam
296 3347 453 3432 irrupisse
471 3348 505 3410 in
522 3346 637 3412 cellam
657 3349 820 3412 vinariam
838 3347 1004 3426 Vaticani,
1029 3356 1128 3434 atque

8 3441 125 3508 bibisse
150 3443 352 3508 Malvesium
384 3453 418 3507 et
449 3447 528 3508 vina
549 3467 671 3530 graeca
700 3445 987 3510 abundantissime
1010 3456 1042 3510 et
1065 3445 1128 3511 cla·

9 3563 120 3623 masse,
153 3541 280 3626 Papam
315 3541 477 3622 volumus,
516 3543 702 3606 Romanurn
742 3543 905 3610 volumus.
953 3541 1128 3608 Caeterum

9 3663 33 3702 ru
57 3639 222 3725 palatium
237 3639 448 3718 Vaticanum,
474 3642 529 3720 ait,
555 3643 643 3726 ipsos
660 3663 721 3706 nec
739 3643 884 3727 potuisse
908 3663 970 3704 nec
986 3640 1129 3706 voluisse

9 3741 197 3824 irrumpere.
245 3735 438 3802 Cardiuales
468 3739 501 3802 in
527 3739 664 3802 confuso
688 3739 850 3824 ejusmodi
884 3738 1045 3804 tumultus
1077 3739 1129 3804 de·

9 3835 196 3913 scribentes,
228 3835 306 3901 inde
337 3838 547 3902 occasionem
571 3847 732 3922 ceperunt
755 3836 935 3916 asserendi,
969 3837 1129 3923 populum

9 3933 147 3998 soluisse
171 3933 351 4017 iufringere
376 3931 554 4000 Conclave.
589 3971 631 3982 -
663 3935 801 4022 2⁰·Ipsa
833 3933 949 4001 electio
983 3937 1067 4000 serio
1098 3947 1131 3999 et

9 4035 79 4096 ratis
110 4029 292 4116 tranquille
323 4043 467 4116 peracta,
503 4045 602 4120 atque
628 4033 782 4098 Berensis
816 4041 945 4098 creatus
978 4046 1027 4098 est
1050 4056 1129 4097 vera

9 4130 173 4194 voluntate
187 4127 417 4196 Cardinalium
442 4145 477 4193 ut
500 4131 699 4216 essetPapa.
725 4167 767 4178 —
790 4129 1130 4196 3⁰Consideruudnm

70 4246 94 4306 ¹)
116 4241 174 4300 crs.
194 4243 260 4297 haec
278 4259 320 4312 ap.
340 4241 512 4310 Raynaldum
530 4259 555 4301 a.
576 4243 654 4298 1378.
674 4260 701 4300 n.
720 4246 755 4299 63
773 4259 830 4312 sqq.
