2858 4834
313 419 367 474 234
495 389 499 408 ’
581 416 681 472 XXVI.
701 418 741 471 De
758 417 925 472 Pontificatu
942 419 1096 473 Innocentii
1115 419 1167 474 111.

314 560 587 637 consultissimus,
612 583 717 625 annos
741 570 839 625 natus
862 571 988 646 septem
1013 571 1046 626 et
1068 564 1216 646 triginta,
1242 563 1356 628 eodem
1379 565 1421 628 die

313 682 378 746 quo
404 657 610 724 Coelestinus
633 660 684 722 111
714 658 897 724 tumulatus
920 660 984 722 fuit
1014 660 1067 747 (9ο
1090 661 1167 726 Jan.
1194 663 1293 743 1198)
1320 664 1348 726 ei
1372 663 1421 732 soll

312 759 419 822 fectus
450 766 508 822 est.
560 756 643 820 Inde
674 756 717 820 ab
748 758 843 821 initio
873 779 992 842 magno
1032 780 1108 823 oum
1145 759 1261 843 vigore
1291 755 1421 845 providit

313 857 439 921 Romae
463 855 558 922 Sedis
583 855 796 940 Apostolioac
820 855 975 940 dignitati
1000 867 1032 920 et
1055 859 1256 922 auctoritati.
1282 847 1421 926 ¹Abusut

313 956 425 1018 varios
448 957 482 1018 ia
507 956 600 1018 curia
623 953 773 1017 Romana
797 953 958 1039 paulatim
991 964 1079 1020 ortos
1111 954 1309 1038 eliminavit,
1342 969 1372 1020 et
1398 963 1421 1030 ul

314 1056 448 1137 negotia
491 1051 716 1116 ecclesiastica
763 1053 888 1137 optima
940 1053 1069 1116 ratione
1117 1052 1421 1138 administraremus

313 1154 480 1237 sapienter
504 1151 643 1215 curavit.
690 1148 922 1233 Temporalem
947 1171 1060 1213 sacrae
1077 1149 1173 1216 Sedis
1197 1147 1421 1234 auctoritatem}

312 1248 526 1334 Imperatoris
551 1260 582 1310 et
605 1245 778 1310 rebellium
802 1246 1027 1310 Romanorum
1051 1247 1351 1334 (Arnaldistarum)
1374 1273 1421 1313 ma

314 1344 564 1410 chinationibus
578 1345 769 1429 despectam
793 1355 826 1409 et
841 1367 950 1430 paene
965 1355 1173 1430 prostratam,
1191 1349 1317 1426 erexit3
1344 1349 1421 1413 Urbil

314 1443 519 1530 praefectum
550 1443 593 1507 ab
621 1443 824 1527 Imperatore
856 1444 1081 1522 constitutum,
1115 1452 1152 1506 ut
1180 1443 1243 1507 sibi
1280 1445 1421 1536 obediret

309 1540 528 1626 jurejurando
559 1541 681 1623 adegit.
730 1540 842 1620 Quum
881 1563 901 1604 a
938 1550 1098 1622 senatore,
1137 1542 1195 1627 qui
1221 1541 1351 1606 Urbem
1386 1541 1421 1610 ad

315 1639 534 1720 ministrabat,
571 1640 702 1722 (unicus
726 1649 796 1702 erat
830 1660 873 1701 ex
909 1661 996 1703 anno
1024 1639 1119 1719 1192,
1157 1651 1257 1702 antea
1280 1643 1421 1726 quinqua

313 1737 408 1821 ginta
431 1734 514 1824 sex),
538 1759 590 1801 res
613 1736 749 1822 publica
765 1737 850 1800 male
865 1747 1042 1822 gereretur,
1067 1758 1105 1801 eo
1123 1737 1293 1819 destituto,
1320 1733 1421 1804 novurl

314 1835 469 1916 instituit,
493 1857 592 1948 quern
617 1837 740 1920 pariter
757 1836 948 1920 juramento
973 1834 1037 1899 sibi
1059 1833 1228 1898 devinxit·
1221 1790 1421 1922 ,eil'ecitque

315 1942 352 1996 ut
389 1954 504 1997 omnes
542 1936 575 1996 in
617 1932 706 1998 Urbe
748 1933 954 2018 pontificiam
992 1933 1198 2017 majestatem
1237 1927 1421 1998 vererentul

315 2030 511 2110 Marchiam,
545 2030 704 2095 ducatum
729 2030 864 2117 Spoleti,
901 2033 1095 2095 comitatum
1120 2029 1249 2112 Assisii,
1284 2031 1421 2102 Monten]

316 2127 446 2192 Bellum
477 2083 625 2216 aliasque
654 2151 747 2193 arces
777 2139 808 2192 et
832 2130 985 2192 civitates
1020 2130 1213 2214 praesertim
1238 2127 1358 2192 allodii
1381 2130 1421 2212 Ma

317 2225 448 2310 thilon,
489 2250 572 2313 quas
607 2227 774 2290 Henricus
806 2226 855 2290 VI
897 2225 1059 2289 militibus
1094 2236 1126 2289 et
1161 2225 1346 2290 comitibus
1380 2225 1421 2290 sul

318 2325 540 2407 commiserat,
578 2323 656 2389 Sedi
681 2323 894 2410 Apostolicae
932 2326 1152 2410 recuperavit.
1199 2323 1349 2389 Tusciae
1372 2311 1421 2388 cirl

317 2431 402 2486 tates
437 2425 523 2486 iuter
546 2443 579 2486 se
603 2422 798 2504 foederatas,
833 2431 865 2485 et
890 2422 1080 2506 juramento
1105 2421 1282 2485 obstrictas
1320 2423 1365 2486 ad
1397 2417 1421 2508 ἀι

317 2519 484 2583 fendenda
508 2521 678 2584 Romanae
713 2518 873 2584 eeclesIac
891 2520 979 2606 jura,
1019 2521 1054 2583 in
1078 2518 1266 2583 clientelam
1293 2511 1421 2604 suscepi

318 2615 478 2699 Siciliam,
511 2639 596 2704 quae
620 2628 690 2681 erat
710 2617 880 2682 Romanae
905 2617 1064 2681 ecclesiae
1088 2616 1235 2698 feudum,
1270 2619 1421 2712 diligente

317 2716 471 2802 protexit.
526 2713 740 2780 Friderico
726 2718 867 2800 JuniorI,
906 2715 1044 2779 Henrici
1074 2715 1125 2778 VI
1158 2727 1191 2778 et
1228 2669 1421 2792 'Constantia

317 2812 395 2896 filio,
426 2815 657 2878 investituram
681 2813 781 2899 hujus
808 2816 919 2898 regni,
952 2814 1092 2878 ducatus
1118 2812 1262 2899 Apuliae
1299 2829 1334 2877 et
1365 2803 1421 2922 pril

318 2914 447 2997 cipatus
481 2911 633 2996 Capuani
671 2915 852 2994 concessit,
889 2911 1047 2998 illumque
1088 2922 1202 2975 contra
1236 2897 1421 2975 rebelles
1416 2929 1421 2974 ι

318 3008 478 3096 quosdam
511 3009 661 3074 infideles
692 3009 794 3075 duces
832 3021 865 3073 et
894 3008 1062 3095 praesules
1092 3010 1238 3094 protexit
1267 3033 1312 3074 ae
1344 3011 1421 3074 dssst

319 3107 376 3172 dit.
425 3105 594 3191 Abrogato
620 3118 730 3171 autern
755 3117 863 3194 pacto,
888 3107 976 3194 quod
993 3106 1208 3171 Gulielmusl
1231 3129 1297 3171 rex
1315 3108 1421 3188 Sicilia

319 3203 360 3269 ab
386 3205 558 3269 Hadriano
584 3205 632 3269 IV
663 3215 854 3287 extorserat,
886 3229 937 3270 res
961 3205 1174 3290 aequioribus
1198 3205 1421 3274 conditionibu

319 3303 513 3387 composuit

147 3405 290 3508 amm
233 3407 309 3446 Μὴ
409 3401 438 3466 9.
487 3401 564 3466 lam
589 3399 630 3463 de
656 3402 945 3465 controversiiset
932 3400 1005 3465 lr
1007 3399 1082 3464 rbus
1106 3421 1188 3485 prop
1190 3409 1239 3463 er
1261 3399 1421 3488 Imperial

191 3467 298 3518 ΜΡΝ
319 3519 357 3561 eo
382 3507 530 3584 tempore
555 3500 633 3562 ortis
659 3499 755 3564 modo
780 3521 928 3582 agamus.
963 3498 1135 3583 Principes
1152 3496 1360 3564 Germaniae
1383 3521 1421 3596 qu

318 3595 394 3659 dem
419 3595 638 3660 HenricoVI
623 3596 837 3708 lquondarp
862 3598 1089 3680 promiserant,
1123 3597 1158 3659 in
1182 3617 1286 3679 regno
1323 3599 1421 3674 electio

319 3691 522 3758 Germaniae
547 3716 770 3758 successorem
795 3694 866 3779 ejus
890 3696 959 3758 fore
983 3693 1190 3758 Fridericum
1214 3693 1338 3762 filium.
1385 3669 1421 3761 Se

317 3891 406 3954 ricus
428 3912 507 3953 vero
532 3900 618 3953 esset
641 3902 722 3954 tune
746 3890 866 3971 infans,
892 3899 1101 3970 censuerunt,
1125 3911 1159 3952 se
1183 3911 1250 3954 non
1274 3897 1383 3958 teneri
1404 3915 1421 3956 a

318 3988 482 4074 ejusmodi
506 4009 629 4072 regem,
655 3989 711 4074 qui
729 3998 762 4052 et
778 3987 963 4073 Imperator
979 3988 1110 4050 futurus
1126 3997 1220 4068 esset,
1247 3995 1421 4056 constituet

320 4085 410 4166 dum,
435 4107 537 4171 quum
562 4083 789 4150 adtuendam
814 4107 954 4168 regnum
978 4084 1069 4148 haud
1094 4094 1180 4149 esset
1202 4095 1313 4170 aptus.
1355 4087 1421 4153 Fidt

318 3813 421 3906 quum
445 3801 656 3876 praematura
681 3801 785 3856 morte
809 3791 975 3855 Henricus
998 3791 1048 3855 VI
1082 3791 1302 3877 abriperetur,
1338 3795 1421 3864 Fris<

317 4184 421 4248 litatis
444 4183 599 4268 homagio
631 4205 665 4247 se
693 4205 731 4247 eo
763 4185 873 4247 minus
904 4182 1044 4266 obligari
1076 4183 1328 4270 existimarunt,
1360 4179 1421 4274 quo
