2902 4848
139 593 227 631 Tcxtns
241 593 270 630 de

148 655 262 704 primtn.

292 445 346 500 390
418 444 530 499 XXXV.
550 445 590 499 De
608 444 708 498 Concil.
727 443 879 498 Besileeuei
897 459 929 498 eo
947 445 979 498 de
998 445 1105 511 Syncdo
1124 445 1288 500 Florentius.

383 589 436 655 53.
485 589 654 653 Immerito
686 609 817 674 quoque
841 587 1036 675 postuletur,
1073 589 1238 673 imprimis
1271 589 1407 652 conside-

293 687 434 751 randam
465 709 536 751 esee
571 686 747 750 lectionem
778 707 950 770 graecam,
986 707 1025 749 eo
1062 685 1151 771 quod
1184 686 1280 750 lentio
1312 685 1409 750 latins

293 787 403 848 versio
427 786 479 848 eit.
525 783 565 850 Id
590 786 679 848 enim
703 783 823 848 falsum
848 793 914 862 est3
947 785 1014 848 imo
1038 794 1150 848 textus
1173 784 1295 848 latinus
1317 786 1407 848 ineer-

293 883 408 947 vicbet
431 885 541 968 potius
565 882 772 947 conficiendo
795 903 926 966 graeco.
953 879 1170 947 Conveniunt
1185 885 1275 946 enim
1288 880 1408 956 Graeci,

292 1003 313 1044 a
339 981 468 1045 Latinis
497 981 668 1046 decretum
701 983 833 1045 unionis
864 981 1054 1045 confectum
1089 1003 1171 1045 enee.
1219 980 1276 1046 Sic
1306 981 1411 1044 scribit

293 1078 478 1164 Syropulue
502 1079 632 1144 Latinis
656 1079 811 1143 infestus:
843 1078 1022 1164 Imperator
1043 1080 1163 1143 inuitus
1186 1079 1354 1158 sucmsluit,
1381 1091 1412 1142 nt

289 1199 481 1264 quocumque
507 1175 620 1242 uellent
641 1177 734 1240 modo
757 1167 903 1240 nemnem
913 1187 1100 1262 pauperent.
1136 1175 1197 1243 Oui
1210 1177 1411 1263 confidendes

289 1276 517 1362 praefecerunt
541 1275 742 1338 Ambrosium
765 1274 989 1356 (Trevereeri)
1013 1275 1215 1354 Monachum,
1239 1277 1296 1361 qui
1318 1273 1410 1338 erudi-

294 1373 392 1437 tionis
410 1371 553 1438 Graecae
566 1373 713 1460 palmum
729 1371 856 1436 Latinis
879 1371 1022 1436 omnibus
1032 1373 1229 1460 praeripuit.
1256 1373 1413 1436 Prurielsd

295 1467 452 1557 (ldllpac)
469 1481 572 1535 nutem
589 1471 762 1547 Nicaenus,
786 1491 875 1534 uoces
892 1469 1014 1556 aliquot
1037 1473 1073 1534 in
1080 1471 1217 1556 phrases
1231 1473 1413 1534 venustiores

294 1579 325 1632 et
349 1567 499 1653 loquendi
520 1591 618 1654 penus
640 1571 742 1656 inopie
765 1568 905 1632 Atticum
928 1567 1026 1654 (πρὸς
1050 1562 1411 1654 illustribusque-salli-

292 1664 420 1747 ἑτειαν)
451 1669 587 1733 uarime.
637 1668 678 1732 Et
705 1667 891 1730 disertiores
915 1666 1103 1730 Latinorum
1133 1665 1284 1743 ade-rant,
1320 1689 1411 1751 quens

294 1787 419 1850 cunique
450 1787 552 1828 uocem
576 1767 740 1830 Nicaenns
763 1776 902 1852 poneret
926 1787 990 1852 per
1019 1765 1128 1827 lteram
1159 1765 1330 1839 multoties,
1363 1761 1410 1826 ali·

293 1863 503 1950 quandoper
526 1864 608 1928 duas
636 1865 777 1948 intepras
808 1861 985 1950 expendere
1010 1872 1040 1926 et
1062 1873 1279 1926 commentare.
1333 1859 1412 1934 Quod

293 1961 399 2024 electis
424 1961 468 2025 ad
490 1961 527 2024 id
550 1961 736 2025 Latinorum
760 1959 912 2025 litteratis
934 1957 1118 2024 uocabulum
1143 1962 1272 2036 arrisit,
1310 1958 1405 2023 adnu-

293 2081 372 2138 sum,
396 2059 479 2144 quod
503 2057 669 2145 displicuit
692 2059 905 2144 repudiatum.
953 2059 1094 2143 Eamque
1109 2079 1274 2121 teneuram
1299 2059 1336 2120 in
1357 2055 1405 2118 dtis

294 2157 394 2220 denos
424 2160 660 2235 continuarunt,
702 2156 815 2242 qrsibns
845 2155 1060 2238 definitionem
1091 2157 1125 2218 in
1142 2153 1326 2240 formulam
1362 2175 1405 2238 quo

293 2261 377 2320 nuria
400 2255 530 2320 liabetur
554 2257 748 2320 excuderunt
772 2255 817 2340 (p.
843 2253 933 2331 271).
981 2255 1075 2318 Idem
1101 2252 1271 2337 colligitur
1296 2275 1338 2316 ex
1354 2273 1407 2313 ser·

294 2352 346 2416 bie
369 2352 496 2418 Juliuni
516 2353 705 2419 Cardinalis
729 2355 763 2417 in
789 2353 948 2419 Oratione
972 2353 1016 2417 od
1040 2353 1179 2438 Papam,
1205 2373 1311 2436 quum
1335 2349 1412 2414 schr-

295 2451 409 2516 dulam
442 2451 647 2516 definitionis
686 2453 717 2516 ei
755 2451 1027 2516 communicaret.
1086 2449 1208 2515 Ultima
1240 2447 1413 2534 dffl'erenria

285 2549 358 2635 jun
391 2549 429 2614 de
451 2549 607 2636 primatu)
635 2561 665 2612 et
686 2551 761 2613 laea
785 2551 855 2613 uisa
879 2561 926 2613 est
949 2549 1055 2636 moad
1078 2550 1307 2626 humanitatem
1338 2545 1412 2630 difl-

294 2646 396 2729 eilior,
428 2650 505 2732 quia
528 2647 661 2712 libenter
684 2647 804 2712 usbditi
827 2669 848 2710 a
871 2649 975 2732 capite
999 2646 1138 2724 deviant,
1162 2655 1193 2711 et
1211 2647 1253 2708 r'n
1276 2647 1325 2708 rei
1346 2645 1413 2706 rni-

296 2755 360 2808 tote
391 2767 486 2830 usque
515 2770 598 2810 nunc
630 2769 695 2810 non
725 2745 799 2809 bene
833 2756 997 2809 senserunt
1027 2743 1065 2807 de
1095 2753 1254 2829 potestate
1287 2741 1417 2808 Romani

296 2843 469 2926 Ponte'fieie,
501 2843 649 2923 dieentes,
680 2843 857 2930 quoderat
881 2854 977 2929 caput
1000 2842 1108 2929 quoad
1129 2865 1227 2905 unum
1253 2853 1361 2917 totum,
1389 2847 1418 2900 nt

295 2941 443 3006 decenus.
476 2943 519 3005 Et
542 2941 664 3006 auditis
686 2943 788 3005 saeris
805 2941 981 3026 Scripturt'e
1005 2952 1035 3004 et
1056 2941 1159 3004 coeris
1177 2937 1335 3006 Conciliis
1358 2937 1416 3000 nisu

295 3049 342 3103 est
365 3042 493 3120 veritas,
518 3039 601 3126 quod
626 3038 723 3104 Sedes
747 3039 936 3126 Apostolico
958 3049 988 3102 et
1012 3040 1176 3103 Romanus
1203 3037 1358 3124 Poeefa
1379 3045 1417 3096 est

295 3160 453 3201 successor
470 3139 575 3203 Petri:
599 3139 714 3204 deinde
738 3139 926 3228 disponente
951 3139 1063 3202 divina
1084 3139 1206 3223 pietate
1223 3137 1355 3223 sactum
1369 3143 1416 3201 est.

296 3245 329 3299 ut
344 3239 538 3302 assenserint
554 3237 671 3302 Groed
693 3239 862 3302 secundum
887 3235 1030 3301 cedulam
1053 3237 1163 3300 datam
1173 3259 1238 3322 per
1252 3231 1416 3298 Latinosst

298 3333 416 3416 Vides,
457 3335 512 3398 hic
546 3338 694 3421 praecise
732 3338 786 3420 agi
821 3336 862 3400 de
895 3358 934 3400 en
969 3334 1173 3399 definitionis
1208 3343 1307 3419 parte
1343 3351 1416 3416 quse

297 3441 426 3518 spectat
449 3435 638 3519 primatum.

317 3607 320 3618 ⁴
384 3531 437 3596 54.
485 3531 830 3596 Animadvertendum
872 3531 992 3595 deinde
1037 3539 1102 3612 eet,
1141 3532 1166 3593 si
1207 3527 1417 3593 conferuntur

296 3627 393 3692 lectio
417 3652 538 3714 graece
561 3640 593 3694 et
616 3629 714 3695 lectio
738 3629 852 3715 latina,
878 3629 967 3694 illum
992 3631 1116 3716 optimc
1133 3625 1252 3692 eodem
1270 3647 1368 3690 senen
1383 3643 1415 3683 sc

295 3736 407 3791 textus
420 3727 544 3794 latinus
560 3728 699 3812 intelligi
714 3751 827 3814 posse3
852 3738 954 3814 etque
965 3728 999 3792 id
1013 3751 1092 3794 eune
1105 3728 1264 3810 exigitur,
1290 3722 1415 3812 quando

296 3847 399 3889 unum
437 3827 673 3892 documentum
711 3825 838 3914 duplici
876 3825 1034 3891 idiomate
1073 3827 1283 3912 proponitur.
1339 3823 1414 3887 Num

297 3923 401 3987 rerba
424 3945 545 4008 graece
568 3923 636 3988 nno
654 3921 701 3988 ’tv
715 3924 840 4010 τρόπον
863 3923 948 3990 bene
973 3924 1174 4010 respondent
1197 3924 1275 3986 voci
1300 3921 1415 3985 letinae

294 4023 565 4108 quemadmodum,
598 4037 629 4087 et
660 4025 806 4111 primum
836 4023 918 4088 illud
954 4021 1007 4086 καὶ
1042 4024 1164 4108 pariter
1193 4019 1297 4084 verbo
1330 4023 1416 4086 suae

292 4160 485 4168 ——-—.
506 4163 508 4166 .

372 4239 388 4302 ¹)
408 4237 499 4290 Lnbbe
518 4235 596 4294 Xlll.
618 4235 695 4291 1161.
