2850 4834
282 455 335 510 168
479 454 588 508 XXXII
617 453 658 508 De
676 453 854 507 Pontificibus
873 455 1014 508 Avenione
1033 457 1212 510 commutetis

283 600 424 666 31312
449 621 468 662 3
494 597 664 662 Clemente
687 596 718 659 V
748 594 935 660 Cardinalis
959 609 992 660 et
1015 597 1203 685 Episcopus
1218 601 1385 665 Ρ31111333’
1362 625 1409 720 131

122 704 413 812 ί11111111110111,31331113
428 696 592 762 estJam
618 695 703 760 ultra
728 696 939 780 septuaginta
963 718 1067 760 annos
1091 696 1247 776 babebat,
1272 666 1409 785 quandol

284 799 317 860 in
342 795 537 860 Pontificem
576 792 700 857 electus
736 803 794 872 est,
835 793 891 856 sed
931 815 1051 876 magno
1083 797 1198 879 vigore
1224 796 1401 861 Ecclesiam

281 895 492 980 gubernavit,
517 902 550 957 31
573 891 779 979 amplissima
803 913 843 955 33
869 894 1059 956 vastissima
1083 895 1217 978 negotia
1241 897 1403 970 1133131111,

283 993 389 1058 donec
426 993 670 1075 nonagenarius
705 991 861 1074 migravit
890 990 934 1053 ad
968 989 1148 1056 Christum.
1195 992 1278 1055 Tres
1320 1017 1405 1078 prae·

284 1093 395 1156 sertim
419 1091 589 1174 graviores
614 1111 732 1153 causae
757 1109 936 1152 exercuere
961 1087 1050 1153 hunc
1073 1089 1281 1170 Pontificem,
1316 1093 1410 1154 nimi-l

283 1211 356 1256 rum
390 1189 615 1252 controversie
640 1209 716 1250 oum
743 1187 975 1250 Franciscanis
1001 1186 1041 1250 de
1067 1199 1263 1274 paupertate
1289 1185 1403 1252 Christi

284 1300 317 1354 et
337 1286 579 1373 Apostolorum,
604 1285 779 1349 dissidium
805 1307 881 1348 oum
899 1283 1074 1349 Ludovico
1092 1287 1233 1366 Basaro,
1259 1297 1292 1349 et
1316 1309 1404 1371 quae·

285 1389 346 1451 stio
379 1386 419 1449 de
452 1385 579 1448 visione
610 1382 774 1447 beatifica.
823 1381 875 1444 De
907 1381 959 1444 his
991 1383 1242 1468 quaestionibus
1276 1385 1407 1448 inferius

285 1505 431 1568 agemus.
469 1519 510 1527 -
546 1481 718 1544 1133133311
745 1481 893 1546 Joannes
918 1479 1022 1545 XXII
1060 1504 1119 1566 per
1147 1493 1252 1546 totum
1279 1483 1411 1559 Pontii,

286 1591 396 1646 catum
422 1601 518 1643 suum
542 1578 727 1660 Avenione,
761 1580 826 1642 imo
861 1601 923 1642 nec
947 1576 1107 1663 palatium
1135 1603 1231 1644 suum
1266 1603 1405 1666 unquau:

286 1683 408 1746 dicitur
431 1677 612 1762 reliquisse,
643 1678 707 1742 nisi
731 1687 769 1741 ut
792 1676 834 1741 ad
859 1679 1051 1760 contiguam
1076 1680 1138 1742 iret
1161 1677 1340 1742 eeclesiam
1365 1701 1406 1740 ru·

286 1778 480 1845 thedralem.
507 1775 633 1840 Fabula
650 1797 763 1860 sparsa
781 1775 852 1848 fuit,
877 1795 954 1838 eum
974 1785 1050 1839 ante
1064 1775 1261 1841 electionem
1272 1777 1406 1861 jurasse.

287 1901 321 1944 se
346 1899 412 1942 non
436 1895 649 1939 ascensurum
674 1894 795 1957 equum
821 1870 874 1935 vel
899 1871 1036 1955 mulum,
1068 1885 1247 1961 antequam
1276 1875 1406 1938 11331313

287 1983 516 2048 reverteretur,
541 1994 580 2034 33
595 1980 769 2056 propterea
793 1992 895 2056 quum
914 1972 991 2034 navi
1011 1971 1221 2038 Aveniouern
1246 1975 1406 2057 perveni>v

289 2083 347 2155 set,
372 2072 471 2136 talem
496 2071 633 2152 elegisse
658 2068 795 2132 vivendi
820 2067 967 2146 modum,
997 2091 1037 2132 ne
1061 2070 1228 2156 frangeret
1247 2071 1412 2155 juramen

288 2183 360 2236 tum
384 2191 490 2234 suum.
528 2167 595 2232 Sed
619 2169 735 2230 merito
753 2165 835 2230 haec
852 2165 1057 2250 rejiciuntur.
1092 2169 1408 2253 Jounniquominus

290 2271 430 2335 Romam
454 2267 576 2332 rediret
600 2263 864 2350 perturbationes
889 2263 1006 2328 ltaliae
1031 2267 1212 2330 maximam
1239 2265 1410 2330 difficulte-

289 2379 355 2432 tem
381 2366 557 2440 313311331;
594 2384 696 2450 quum
721 2384 799 2426 vero
824 2361 1047 2448 tranquillitas
1072 2385 1187 2429 versus
1212 2364 1318 2428 finem
1343 2387 1413 2449 pon}

290 2465 434 2530 tificatus
458 2465 508 2527 sui
533 2483 655 2544 magna
679 2471 772 2546 parte
796 2470 979 2524 1331331313
1003 2471 1096 2540 33331,
1123 2463 1193 2547 jam
1220 2485 1329 2526 senex
1352 2459 1413 2526 ferr?

291 2563 534 2648 nonagenarius
558 2569 636 2624 erat.
685 2555 908 2622 Nihilominus
931 2557 1027 2642 plura
1052 2561 1132 2642 egit,
1172 2570 1209 2623 ut
1232 2559 1360 2624 rediret
1382 2563 1408 2622 iu

292 2661 423 2725 ltaliam
448 2681 487 2722 ac
503 2659 674 2722 Bononiae
691 2665 958 2736 commoraretur,
984 2656 1042 2720 sed
1056 2657 1142 2722 felici
1160 2680 1322 2722 successu
1348 2661 1408 2743 ejus

292 2769 429 2824 conatus
460 2767 647 2821 caruerunt.
703 2752 879 2818 Caeterum
913 2765 982 2817 eret
1014 2767 1101 2818 certe
1134 2757 1286 2821 Joannes
1319 2757 1411 2822 Galli-

292 2857 390 2923 valde
414 2855 576 2934 3111113133,
608 2853 697 2918 unde
721 2862 790 2916 turn
822 2873 938 2936 regum
962 2850 1092 2918 Galliae
1124 2855 1265 2919 multum
1294 2877 1411 2942 promo·

293 2957 395 3022 vebat
418 2954 603 3033 utilitatem,
628 2964 696 3015 tum
713 2953 746 3015 in
763 2973 893 3014 sacrum
910 2949 1095 3035 Collegium
1113 2951 1412 3038 1113113111113113113ἱ

291 3055 488 3138 assumpsit;
515 3052 597 3114 haec
621 3049 756 3137 quidem
783 3051 891 3113 minus
916 3051 949 3112 in
975 3049 1114 3114 salutem
1141 3051 1347 3115 universalis
1363 3050 1412 3114 Er·

295 3153 413 3217 clesiae
439 3149 607 3234 vigebant.

383 3253 413 3315 9.
454 3248 596 3313 Multum
620 3247 720 3309 etiam
745 3244 800 3308 hio
826 3244 981 3308 Pontifex
1005 3245 1251 3330 expeditionem
1292 3267 1410 3312 3331313

294 3347 540 3435 suscipiendam
565 3353 674 3408 mente
691 3343 857 3423 volvebat,
882 3343 940 3406 sed
957 3344 1051 3405 113113
1068 3342 1240 3408 obstacula
1264 3365 1342 3408 3313
1365 3346 1400 3406 im

295 3447 480 3534 pedierunt.
506 3442 646 3526 Collegit
660 3452 770 3505 autem
787 3441 945 3520 Joannes,
970 3439 1142 3504 Ecclesiae
1165 3465 1205 3506 ao
1225 3443 1411 3526 praesertim

296 3546 373 3611 belli
398 3544 481 3610 sacri
508 3539 760 3605 necessitatibus
784 3540 997 3623 prospiciens,
1030 3561 1187 3626 magnum
1219 3541 1293 3602 suri
1325 3553 1411 3622 etque

296 3643 424 3726 argenti
459 3640 666 3717 thesaurum,
707 3638 763 3722 qui
797 3657 898 3723 quum
934 3635 1092 3702 Pontifex
1126 3651 1314 3702 moreretur
1350 3637 1412 3721 plu-

296 3763 396 3828 quam
414 3739 533 3822 viginti
559 3735 742 3800 millionum
768 3733 965 3798 florenorum
991 3733 1092 3797 fuisse
1109 3735 1274 3806 dicitur.¹l
1312 3735 1410 3815 (1113111

357 3911 510 3920 ——-—-—

373 4007 391 4070 ι1
412 4005 555 4059 Florenum
574 4018 686 4056 aureum
705 3999 814 4054 valebat
833 3999 943 4053 circiter
964 3999 997 4053 10
1015 3997 1130 4051 francos.
1152 4029 1182 4038 —
1205 3997 1362 4052 Generatim
1380 4011 1411 4048 re

297 4087 364 4141 latio
383 4085 504 4150 Villanii,
535 4082 676 4149 reliquisse
699 4081 832 4135 Joannem
862 4081 1019 4133 thesaurum
1047 4076 1184 4131 Ecclesiae
1210 4079 1246 4132 25
1274 4077 1410 4132 milliorum

297 4166 459 4220 florenorum
484 4163 599 4218 habetur
616 4169 649 4216 ut
668 4161 855 4230 exaggeratio.
894 4161 1024 4212 Attamen
1050 4157 1073 4212 31
1092 4156 1232 4224 Philippus
1252 4157 1364 4211 Pulcher
1385 4169 1409 4204 es

298 4247 409 4301 decimis
427 4246 502 4299 ultra
520 4245 574 4298 4110
592 4243 726 4298 3111113333
745 4241 898 4294 francorum
917 4239 1021 4304 hebuit,
1046 4245 1119 4291 certe
1137 4236 1210 4290 haud
1229 4236 1372 4291 difficulter
1388 4243 1408 4279 1·
