2836 4848
279 419 333 472 376
442 416 557 472 XXVII.
578 417 617 470 De
637 415 739 472 haeres.
760 414 926 480 repressione
946 431 977 468 ac
996 416 1028 468 oe
1047 415 1244 474 Decretalibus.

109 560 408 667 Oc⁰¹⁴⁸Jffs'0lippum
434 561 623 644 Augustum
648 557 787 638 Galliae,
812 568 844 621 et
866 557 1031 622 Joannem
1055 559 1209 646 Angliae,
1233 587 1323 649 reges
1344 589 1393 629 ex·

140 638 237 668 ⁸⁸⁸⁸⁸⁸
282 669 388 724 ortum
420 659 531 722 fuisse.
586 655 698 736 Quum
730 666 845 720 mutua
872 654 1021 720 simultas
1052 655 1182 722 illorum
1215 663 1393 747 principum

279 758 323 822 ad
346 757 420 820 lites
443 756 511 820 fere
536 756 710 818 continuas
734 776 789 818 eos
813 755 920 834 ferret,
955 763 1034 817 tunc
1059 755 1218 841 speciales
1243 761 1393 844 quasdam

279 878 395 919 causas
420 853 473 918 vel
498 863 688 938 praetextus
713 851 874 938 ejusmodi
898 851 1022 916 bellum
1039 852 1165 919 babuit.
1213 855 1291 919 Janr
1314 881 1394 922 anno

280 953 363 1017 1201
390 953 536 1018 Joannes
561 960 715 1036 rapuerat
739 949 925 1031 Isabcllam,
952 949 1054 1014 filiam
1079 955 1208 1016 comitis
1232 946 1413 1020 1111111111ζ

278 1051 333 1132 (de
357 1049 389 1114 la
413 1047 573 1128 lllarche),
606 1051 662 1134 qui
697 1046 840 1111 vasallus
870 1057 939 1110 erat
962 1047 1124 1134 Philippi,
1154 1071 1307 1137 eamque.
1337 1059 1393 1116 esi

276 1147 369 1212 alteri
395 1147 593 1230 desponsata
617 1157 711 1222 essct,
737 1145 875 1208 dimissa
897 1144 1049 1209 Haduisa
1073 1167 1175 1212 uxore
1200 1149 1242 1212 ob
1267 1173 1394 1216 consan-

276 1233 483 1327 guinitatem,
514 1244 689 1330 conjugem
720 1242 869 1308 duxerat.
918 1242 1041 1306 Vasalli
1067 1246 1118 1306 sui
1143 1245 1301 1330 injuriam
1326 1247 1414 1332 Phi-¹

275 1342 386 1427 lippus
410 1342 497 1405 ultus
522 1352 579 1423 est,
610 1339 762 1425 pluribus
791 1338 931 1404 castellis
955 1341 1078 1405 Joanni
1113 1346 1244 1427 creptis.
1300 1345 1396 1408 Anno

278 1440 362 1504 1203
386 1441 534 1505 Joannes
557 1449 731 1502 accusatus
754 1449 803 1502 est
827 1439 927 1512 necle,
952 1460 1018 1523 qua
1043 1439 1220 1505 Arcturum
1246 1457 1396 1528 nepotem

275 1537 360 1602 bello
392 1539 562 1602 devictum
587 1547 620 1600 et
643 1547 787 1622 captum,
820 1535 970 1599 emedio
1005 1535 1176 1601 sustulisse
1208 1539 1395 1608 dicebatur:

275 1658 337 1700 nec
361 1637 524 1699 immerito
549 1643 721 1719 suspectus
738 1632 916 1696 videbatur
930 1633 1092 1719 ejusmodi
1108 1637 1266 1704 criminis.
1303 1640 1396 1702 Tunc
1414 1679 1415 1702 1

274 1731 451 1818 Philippus
470 1731 503 1796 ll
527 1731 703 1814 Joannem,
729 1741 842 1816 utpote
865 1730 1028 1796 vasallum
1053 1754 1160 1811 surim,
1185 1734 1227 1798 ad
1251 1737 1397 1802 tribunal

275 1853 449 1914 procerum
474 1833 603 1915 parium
621 1829 757 1892 Parisiis
783 1829 1051 1894 constituendum
1077 1833 1203 1914 citavit,
1228 1856 1396 1921 quumque

273 1929 421 1993 loannes
445 1951 511 1992 non
536 1930 690 2008 venisset,
722 1926 829 1990 laesae
860 1928 1042 2011 majestatis
1072 1938 1105 1991 et
1135 1928 1309 1994 homicidii
1345 1933 1396 1994 de-

274 2025 418 2094 claratus
443 2041 491 2089 est
515 2049 598 2108 reue,
623 2027 800 2111 omniaque
824 2026 934 2108 feuda,
959 2025 1086 2090 scilicet
1103 2030 1296 2111 provinciae
1323 2029 1416 2106 Gal-l

272 2122 335 2188 liae
369 2124 608 2208 amplissimae,
645 2125 674 2188 ei
709 2123 901 2209 abjudicata
933 2123 1035 2190 fuere.
1102 2124 1182 2190 Mox
1221 2126 1396 2213 Philippu,-

273 2225 433 2286 acerrimo
469 2221 554 2286 bello
584 2223 749 2287 loannem
774 2223 954 2285 insectatus
984 2230 1049 2302 est,
1089 2234 1125 2286 ut
1156 2224 1395 2290 Normanniam

272 2319 420 2406 aliosque
446 2321 585 2384 ducatus
610 2322 643 2384 in
669 2341 762 2383 suam
786 2318 951 2404 redigeret
975 2328 1181 2403 potestatem.

364 2453 414 2518 73.
440 2453 588 2518 Joannes
611 2474 690 2516 vero
716 2454 748 2516 in
775 2473 894 2535 magno
918 2453 1111 2516 discrimine
1135 2455 1261 2538 positus
1284 2455 1329 2518 ad
1349 2457 1397 2519 ln-

272 2551 462 2614 nocentium
479 2551 530 2614 llI
554 2552 645 2614 misit
666 2550 801 2633 legatos,
826 2572 886 2635 per
901 2572 983 2636 quos
999 2549 1191 2635 Philippum
1215 2557 1397 2620 accusavit.

271 2647 360 2734 qnod
384 2671 500 2734 pacem
524 2648 619 2712 brevi
653 2659 729 2712 ante
755 2649 902 2733 juratam
934 2647 1098 2728 violasset,
1131 2650 1259 2734 ipsique
1293 2651 1399 2714 nulla-

270 2757 367 2809 tenus
390 2767 445 2810 reo
470 2748 660 2831 provincias
685 2747 765 2809 istas
789 2746 911 2832 injuste
935 2747 1086 2830 eriperet.
1127 2744 1325 2831 Imploravit
1343 2753 1396 2834 igi-

271 2856 324 2907 tur
356 2845 542 2910 Innocentii
566 2844 617 2907 Ill
650 2845 899 2928 protectionem.
955 2843 1066 2924 Quum
1099 2843 1253 2908 Pontifex
1284 2846 1399 2910 admo-

271 2941 351 3006 dum
377 2941 513 3024 doleret,
538 2942 714 3026 digladiari
740 2944 826 3005 inter
850 2964 884 3005 se
909 2941 991 3005 dnos
1007 2941 1205 3006 christianos
1228 2944 1401 3030 principes

271 3041 527 3126 potentissimos,
551 3051 651 3126 atque
671 3041 717 3102 ita
741 3039 988 3123 expeditionem
1014 3061 1141 3104 sacram
1166 3041 1200 3104 in
1224 3039 1398 3105 Orientem

270 3137 417 3224 protrahi
449 3149 483 3201 ct
514 3139 683 3223 impediri,
715 3140 806 3201 misit
829 3139 862 3201 in
888 3135 1032 3202 Galliam
1063 3137 1209 3222 legatum
1239 3138 1399 3203 abbatem

272 3233 464 3314 Casemarii,
496 3238 549 3300 cni
574 3235 705 3299 addidit
728 3234 884 3299 abbatem
909 3235 1024 3298 Trium
1051 3236 1208 3300 Pontium
1240 3245 1273 3298 et
1297 3237 1399 3302 abba·

269 3345 336 3398 tem
368 3336 574 3416 Dunensenr,
607 3355 671 3419 quo
704 3333 897 3418 Philippum
933 3335 1020 3396 inter
1050 3343 1083 3397 et
1111 3333 1253 3417 Angliae
1284 3357 1399 3420 regem

270 3455 387 3518 pacem
421 3433 599 3496 conficeret
632 3431 684 3494 vel
718 3431 761 3495 ad
793 3429 946 3494 inducias
975 3430 1170 3516 Philippum
1202 3445 1364 3496 moveret.
1379 3433 1400 3492 ¹l

270 3531 336 3596 Sed
369 3529 545 3615 Philippus
578 3531 722 3614 primum
755 3527 953 3613 respondere
985 3528 1128 3607 distulit3
1158 3527 1234 3593 dein
1258 3551 1343 3594 vero
1369 3533 1398 3594 in

270 3625 446 3692 consilium
472 3651 506 3692 re
530 3628 687 3704 adducta,
713 3649 824 3691 coram
849 3626 1008 3712 praefatis
1032 3637 1065 3691 et
1088 3625 1280 3712 proceribus
1303 3633 1399 3712 regni

271 3724 451 3806 contendit,
476 3749 539 3788 pou
564 3749 628 3788 esse
646 3726 816 3808 Pontificir,
840 3747 946 3809 repam
963 3725 1184 3789 consonantis
1199 3748 1231 3788 se
1246 3727 1400 3812 inperare,

343 3965 364 4030 ¹)
383 3963 497 4017 Miserat
513 3963 570 4031 jam
589 3978 679 4017 mense
699 3963 771 4030 trajo
790 3962 855 4015 anni
878 3963 946 4016 1‘203
965 3961 1072 4015 litteras
1092 3961 1125 4014 ad
1144 3969 1289 4028 utrumque
1309 3979 1400 4030 regem

269 4053 297 4098 et
316 4045 350 4098 ad
371 4044 508 4111 praesules
528 4043 641 4106 Galliac,
661 4050 693 4096 nt
713 4043 746 4096 ad
766 4057 857 4110 pacem
877 4043 1012 4109 principes
1032 4041 1184 4096 adduceret.
1223 4041 1254 4094 V.
1271 4042 1399 4095 Potrhurr

268 4125 336 4192 Reg.
358 4139 381 4177 1.
405 4125 481 4178 1203.
501 4140 527 4177 n.
551 4125 614 4176 1921
638 4139 695 4189 sqq.
722 4123 813 4177 Abbas
833 4122 981 4176 Casernnrii
1000 4137 1090 4176 mense
1109 4121 1192 4176 Junio
1211 4121 1323 4176 videtur
1343 4141 1400 4191 pro-

268 4205 356 4258 fectus
375 4219 440 4259 esee.
478 4203 511 4259 V.
531 4202 662 4257 Potthast
681 4203 698 4260 l.
718 4221 739 4258 c.
759 4220 785 4257 n.
808 4205 883 4258 1954.
