2836 4848
279 457 332 512 380
440 455 555 511 XXVII.
575 456 615 510 De
633 457 735 511 haeres.
755 457 922 524 repressione
940 473 971 509 ao
990 456 1022 510 de
1040 456 1235 512 Decretalibns.

270 600 344 686 fuit
367 601 405 664 de
429 599 643 664 sacerdotibus
659 599 834 664 Auatlrotlt:
858 601 958 678 „Ecce
975 602 1126 664 constitui
1139 611 1167 664 te
1191 625 1285 688 super
1298 613 1391 686 pentes

280 709 429 782 strepas,
459 708 495 762 ut
517 695 634 760 evellas
657 708 687 760 et
710 698 865 775 dmouas,
897 707 927 762 et
951 698 1097 784 dissipes,
1130 708 1160 761 et
1187 699 1337 783 aedificas,
1367 711 1392 762 ct

276 795 439 881 plautas.“
489 791 620 859 Constat
650 817 733 874 aero,
768 795 852 880 quod
881 795 1084 876 evellendum,
1120 795 1338 860 doctr-saeuitum
1368 809 1393 858 et

279 894 503 979 dissipandum
532 903 578 956 est
607 915 694 956 omae
725 893 856 956 mortale
879 903 1053 978 peccatum.
1100 893 1282 971 Praeterea,
1310 919 1391 979 quum

280 993 436 1056 Dominus
464 991 567 1055 claues
596 993 686 1076 rapui
715 991 870 1056 coelorum
902 1014 925 1056 a.
952 992 1044 1054 Petro
1069 991 1216 1068 tradidit,
1250 993 1334 1057 dieis
1355 997 1395 1056 ei:

160 1159 165 1166 .
279 1088 523 1174 „Quodcumque
563 1089 711 1174 lipaoeris
752 1113 847 1175 super
882 1101 1015 1168 terram,
1059 1091 1120 1152 erit
1150 1087 1283 1174 liyatum
1311 1102 1338 1154 et
1365 1093 1394 1152 iu

228 1267 230 1277 1
279 1185 382 1265 coelis,
414 1197 443 1250 et
466 1186 675 1272 quodcumque
700 1187 829 1251 solveris
853 1209 948 1273 super
972 1198 1099 1264 terram,
1132 1189 1193 1250 erit
1216 1186 1395 1252 solutumst

279 1286 314 1348 iu
346 1284 472 1349 coella.“
525 1285 636 1348 Verum
666 1283 773 1348 nullus
805 1285 943 1364 dictitat,
982 1287 1057 1369 quin
1093 1287 1194 1348 omnis
1226 1283 1395 1349 mortaliter

273 1406 410 1470 peccans
444 1383 532 1470 apud
562 1384 664 1446 Deum
695 1385 738 1446 sit
768 1381 894 1468 lipatus.
945 1383 987 1446 Ut
1015 1405 1086 1467 erpo
1120 1383 1231 1446 Petrus
1263 1383 1397 1446 divinum

271 1483 430 1569 judicium
460 1483 608 1559 imitetur,
637 1479 737 1566 lipare
768 1481 857 1544 debet
887 1482 922 1544 ia
951 1482 1054 1558 terris,
1087 1501 1162 1566 quos
1193 1478 1309 1564 lipotos
1337 1505 1396 1544 esse

279 1590 402 1643 coastat
425 1580 460 1641 ia
483 1577 586 1642 coelis.
620 1616 662 1626 -
694 1577 809 1660 Vides,
834 1600 876 1641 ex
895 1577 972 1663 jure
995 1577 1111 1642 divino
1135 1578 1331 1642 Pontificem
1355 1601 1396 1641 re-

279 1688 391 1762 petere
414 1675 501 1740 hano
525 1698 619 1739 suram
643 1677 882 1742 auctoritatem.

109 1769 271 1881 ‚32:¹ssssss
372 1775 423 1840 78.
458 1775 565 1859 Reges
589 1773 630 1838 ob
647 1761 846 1838 eminentem
872 1795 966 1836 suam
991 1772 1187 1856 dignitatem
1213 1773 1304 1838 haud
1328 1775 1396 1839 sub-

149 1895 230 1935 aros.
281 1897 352 1939 essa
376 1875 423 1940 illi
447 1874 647 1952 auctoritati,
683 1871 840 1936 Pontifex
876 1873 991 1956 paucis
1015 1871 1143 1936 refellit.
1191 1870 1255 1935 Sed
1269 1872 1396 1958 forsan,

280 1974 398 2059 inquit,
428 1971 558 2048 dicetur,
582 1971 665 2056 quod
689 1971 784 2034 aliter
807 1993 874 2033 cum
897 1969 1033 2056 repilus,
1064 1981 1094 2031 et
1116 1969 1212 2032 aliter
1234 1995 1304 2034 cum
1327 1969 1397 2034 aliis

279 2082 325 2135 est
356 2070 518 2156 apenditia.
570 2065 733 2132 Caeterum
764 2071 915 2154 scriptum
947 2069 1089 2130 novimus
1118 2069 1153 2130 ia
1184 2065 1248 2152 lepe
1272 2069 1396 2132 alirino:

278 2169 353 2248 „Ita
369 2190 511 2254 maurium
530 2166 695 2256 judicabis
718 2177 752 2230 ut
774 2189 918 2251 parcunt,
942 2188 998 2228 nec
1013 2167 1073 2228 erit
1098 2165 1186 2251 apud
1210 2177 1237 2228 te
1262 2169 1396 2253 acceptio

276 2271 517 2352 personarum.“
551 2301 595 2312 -
627 2263 824 2328 Praesertim
855 2274 965 2328 autem
996 2265 1030 2326 in
1061 2262 1124 2326 hac
1152 2285 1253 2328 causa
1281 2265 1411 2327 summii

280 2366 449 2445 momenti,
474 2383 577 2448 quum
601 2372 719 2446 agatur
744 2361 784 2426 de
800 2383 882 2447 pace
899 2359 1073 2441 servanda,
1098 2382 1198 2446 quam
1216 2349 1411 2425 disturbare*

280 2464 322 2526 sit
360 2482 518 2543 magnum
554 2470 742 2544 peccatum,
782 2461 896 2523 merito
936 2481 969 2522 se
1008 2460 1210 2522 intervenire
1248 2459 1397 2522 ostendis

280 2561 367 2623 Licet
395 2570 497 2621 ‹zutem
528 2559 582 2620 lroc
613 2557 718 2636 modo,
755 2556 883 2638 scribit,
915 2557 1089 2642 procedere
1119 2556 1280 2620 ualeamus
1313 2579 1401 2642 serpet·

279 2655 415 2742 quaelibet
442 2655 605 2719 criminali
630 2667 771 2741 peccata,
806 2665 842 2718 ut
860 2666 1055 2742 peccatorem
1085 2676 1260 2718 revocemus
1283 2679 1305 2717 α
1330 2657 1400 2718 sitio

280 2755 323 2818 ud
346 2757 501 2832 virtutem,
526 2753 565 2816 ab
589 2775 695 2817 errore
719 2753 763 2816 ad
786 2755 956 2832 veritatem,
977 2753 1150 2839 praecipue
1175 2763 1289 2828 tamea,
1315 2775 1410 2838 aarum

280 2863 391 2916 contra
403 2875 515 2937 pacem
525 2863 685 2937 peccatur,
710 2863 849 2937 quaeest
866 2849 1022 2914 clnculum
1036 2850 1195 2913 caritatis.
1214 2887 1254 2896 -—
1273 2851 1400 2914 Deinde¹

280 2949 425 3014 advertit
447 2949 611 3030 Pontifex,
645 2950 744 3012 etiam
767 2947 960 3034 Philippum
985 2946 1078 3028 alias,
1110 2946 1278 3028 (videlicet
1302 2945 1410 3033 quum

280 3073 299 3112 a
312 3047 478 3110 Richardo
493 3044 707 3110 Cordeleonis
721 3047 997 3132 impugnaretur,)
1015 3055 1130 3108 contra
1142 3067 1253 3128 regem
1261 3047 1400 3130 Angliar

280 3145 428 3208 officium
460 3144 555 3208 Sedis
588 3143 800 3228 Apostolicae
832 3145 1016 3226 invocasse,
1056 3141 1206 3227 adeoque
1240 3145 1400 3206 immerito

281 3265 455 3307 nunceum
471 3241 638 3325 indignari
647 3241 888 3305 deinterveutu
898 3240 1080 3324 Pontificis,
1097 3239 1140 3304 ad
1150 3263 1248 3327 quem
1257 3239 1400 3306 loannes

281 3341 477 3424 confugerit.
525 3339 635 3424 Atque
668 3361 769 3424 quum
802 3339 894 3424 pacis
917 3338 1052 3402 foedera
1076 3348 1175 3402 autea
1199 3359 1242 3400 ex
1265 3347 1399 3424 utraque

280 3449 374 3525 parte
393 3439 582 3524 juramento
608 3435 738 3500 firmata
752 3437 884 3518 fuerint,
909 3435 1057 3502 loannes
1072 3457 1151 3499 vero
1169 3434 1210 3500 de
1226 3434 1409 3500 violatione

282 3549 512 3621 conqueratur,
538 3537 637 3598 etiam
663 3537 789 3599 ratione
814 3533 901 3598 illius
920 3534 1103 3620 juramenti
1121 3555 1162 3596 ex
1173 3534 1250 3619 jure
1265 3537 1400 3599 canonio

281 3655 415 3698 oausam
454 3632 496 3697 ad
522 3633 689 3719 judicium
722 3633 981 3697 ecclesiasticum
1012 3632 1186 3717 pertinere.
1235 3633 1399 3701 Postrema

282 3730 406 3813 scribit,
422 3757 514 3818 quam
529 3735 612 3795 later
628 3757 715 3819 repes
731 3733 819 3818 ipsos
833 3727 1145 3816 reformatufueru'ut
1154 3729 1399 3816 paersfoeelero,

282 3841 312 3893 et
334 3833 480 3914 utrinque
497 3833 657 3916 praestito
676 3831 814 3916 proprio
831 3835 1014 3920 juramento
1032 3827 1174 3912 firmata,
1198 3851 1279 3912 quoe
1304 3841 1399 3892 tumen

281 3951 377 4014 usque
403 3929 446 3992 ad
470 3941 589 4016 ternpus
606 3938 839 4015 proclamatum
862 3938 989 3991 seruata
1012 3948 1074 3989 nou
1097 3925 1230 4010 fuerint,
1254 3925 1400 4014 uunquid

281 4049 346 4089 nou
374 4028 549 4112 poterimus
579 4027 617 4091 cle
645 4026 824 4116 juramenti
854 4023 1006 4110 relipione
1035 4045 1225 4110 capnoscere,
1257 4025 1341 4110 quod
1363 4023 1408 4086 od}

274 4124 434 4213 judicium
464 4122 706 4190 ecclesiasticum
734 4149 799 4188 riou
831 4133 876 4186 est
903 4121 1032 4186 dubium
1051 4123 1222 4208 pertinere,
1254 4133 1290 4186 ut
1311 4133 1399 4208 rupta

275 4225 371 4309 pacis
384 4223 526 4308 foedera
549 4221 780 4308 reformentur?²
