2850 4834
297 461 348 514 178
515 457 631 514 XXXII.
652 460 692 514 De
710 458 888 513 Pontificibus
907 458 1047 513 Avenione
1066 456 1246 512 commoratis.

298 607 334 669 in
357 603 501 690 reliquos
524 604 699 668 Minoritns
730 604 972 682 excitaverunt,
1004 603 1039 666 in
1068 602 1180 666 varias
1210 599 1353 683 regiones
1375 589 1417 680 sel

300 700 483 766 dilatarunt
514 709 546 764 st
575 700 746 765 schismati
785 700 953 764 doctrinas
990 699 1176 763 haereticas
1213 683 1417 761 addiderunt.l

298 799 390 863 lnter
414 797 479 862 alia
503 797 678 881 docebant,
710 797 793 862 duas
822 801 963 862 existere
988 796 1154 876 ecclesias,
1185 793 1323 859 alteram
1350 815 1402 856 car·

298 895 418 978 nalem,
451 895 579 959 divitiis
612 894 838 961 abundantem
863 905 895 959 et
919 897 1011 959 vitiis
1039 893 1252 975 maculatam,
1289 891 1402 955 alteram

298 992 514 1079 spiritualem,
539 1015 719 1080 pauperem
744 1003 777 1057 et
800 992 980 1057 virtutibus
1004 991 1169 1056 decoram.
1199 991 1301 1055 Hanc
1322 987 1402 1052 eccle·

297 1093 381 1155 siam
405 1092 494 1176 ipsos
519 1093 730 1173 constituere,
755 1092 902 1177 ipsisque
919 1089 995 1154 solis
1010 1111 1079 1154 esse
1092 1090 1149 1175 jus
1165 1085 1403 1152 administrandi

295 1199 512 1269 sacramenta,
537 1213 599 1253 neo
622 1188 703 1253 alibi
726 1210 843 1254 verum
868 1187 1080 1272 evangelium
1104 1188 1262 1251 inveniri.

131 1315 282 1358 ⁰0¹¹·tttuti0·
386 1305 439 1369 28.
486 1305 634 1369 loannes
665 1305 770 1369 XXII
808 1306 953 1390 primum
988 1325 1018 1368 a.
1044 1303 1130 1368 1317
1167 1305 1202 1367 in
1227 1325 1328 1366 causa
1357 1303 1404 1362 ista

143 1381 268 1482 &iffi
296 1404 608 1484 Francisoanorum,
643 1414 776 1490 petente
799 1403 964 1467 Michaele
989 1401 1171 1467 Caesenate
1195 1403 1346 1466 ministro
1366 1419 1404 1482 ge·

297 1501 412 1585 nerali,
438 1502 544 1566 edidit
555 1501 688 1566 Bullam
716 1501 931 1576 Quorumdam
954 1501 1095 1588 acipit,¹)
1120 1501 1153 1564 in
1178 1520 1256 1584 qus,
1283 1509 1319 1562 ut
1340 1497 1404 1560 reni·

296 1598 443 1664 tentibus
467 1622 598 1664 omnem
623 1599 751 1664 tolleret
766 1601 982 1684 oppositionis
999 1607 1219 1684 praetextum,
1244 1597 1339 1660 vada
1360 1605 1406 1656 sta·

296 1698 362 1761 tuit
385 1697 425 1762 de
449 1697 598 1763 vestibus
622 1698 854 1762 Minoritarum
879 1708 912 1762 et
935 1697 1082 1780 mandat,
1110 1697 1205 1760 utin
1230 1695 1405 1780 quaestione

297 1795 339 1860 de
356 1794 553 1880 loapitadirte
577 1807 607 1858 et
629 1795 811 1878 latitudine,
835 1795 979 1882 prescitae
1003 1805 1033 1858 et
1054 1793 1241 1872 subtilitate,
1259 1793 1367 1879 for-um
1387 1799 1406 1850 tl

290 1894 398 1981 flpara
429 1897 681 1958 vestimentorum
709 1893 876 1980 judicium
901 1891 1115 1979 Superiorem
1140 1891 1347 1978 sequendum
1368 1889 1406 1950 sit.

297 1989 429 2076 illisque
462 1991 599 2064 obediri
625 1991 686 2055 sub
720 2013 828 2076 poena
859 1993 1215 2056 excommunicationis
1250 1987 1407 2075 praecipit.

296 2089 385 2153 Dein
410 2110 489 2153 vero
514 2087 834 2153 contraFrsticellos
858 2110 1048 2174 processum
1072 2089 1216 2153 instituit
1239 2098 1275 2151 et
1291 2110 1319 2151 a.
1338 2085 1405 2148 131³

299 2208 358 2272 per
374 2186 505 2251 Bullam
525 2187 707 2252 Gloriosam
721 2187 925 2268 Ecclesiam²l
950 2209 1063 2251 eorum
1089 2209 1215 2251 errores
1239 2183 1408 2250 damnavit.

298 2283 415 2348 Plures
455 2308 497 2348 ex
529 2285 714 2350 Fratisellis
752 2287 991 2372 poenitentiam
1029 2295 1181 2370 egerunt,
1225 2282 1286 2348 alii
1324 2279 1408 2344 variis

300 2384 417 2467 poenis
450 2384 559 2446 affecti
589 2391 675 2464 sunt,
714 2383 771 2448 alii
795 2383 997 2469 aufugerunt
1026 2386 1060 2448 in
1085 2381 1245 2464 Siciliam,
1288 2379 1345 2444 ubi
1365 2377 1408 2440 Fr.

299 2480 468 2544 Henricus
492 2481 532 2544 de
550 2479 641 2544 Cava
665 2481 802 2545 factioni
826 2491 987 2567 praeerat.
1011 2519 1054 2528 -
1079 2479 1192 2566 Quum
1212 2502 1288 2565 spes
1305 2497 1407 2560 magns

298 2577 414 2642 adesse
438 2580 617 2661 videretur,
647 2578 716 2642 fore
740 2588 776 2643 ut
799 2579 1013 2644 factiosorum
1044 2589 1134 2643 secta
1157 2578 1253 2643 brevi
1277 2587 1409 2660 tempos²

299 2678 577 2760 exstingueretur,
609 2679 795 2742 tristissimo
820 2700 898 2742 casu
922 2678 1055 2760 accidit,
1088 2687 1126 2740 ut
1152 2676 1298 2741 schisma
1322 2671 1408 2736 multo

298 2773 407 2860 majus
439 2776 473 2838 in
502 2773 557 2840 illo
582 2773 708 2840 Ordine
733 2777 964 2840 Minoritarum
1002 2779 1061 2860 per
1091 2778 1199 2862 ipsum
1224 2769 1408 2838 Michaelen

299 2869 515 2937 Caesenatem
547 2875 736 2937 ministrum
768 2873 955 2958 generalem
991 2875 1141 2955 oriretur,
1181 2873 1228 2936 ita
1264 2883 1302 2934 ut
1339 2889 1409 2954 quar

300 2989 445 3055 eousque
470 2983 660 3055 evenerant,
693 2972 952 3057 perturbationis
976 2981 1105 3036 tantum
1129 2970 1305 3057 praeludia
1328 2987 1410 3054 qnae

300 3066 378 3131 dam
404 3068 547 3134 dicenda
578 3071 654 3135 sint.
700 3070 812 3157 Hujus
844 3073 891 3134 rei
923 3072 1131 3134 occasionem
1155 3078 1267 3134 narrat
1291 3085 1409 3132 accura-

300 3167 427 3230 tissime
450 3165 608 3232 Nioolaus
627 3167 794 3250 Minorita,
820 3167 969 3254 ejusdem
993 3167 1167 3232 Michaelis
1191 3167 1366 3232 schismate
1386 3179 1409 3221 a:

298 3263 427 3328 haeresi
453 3268 707 3331 contaminatus.
752 3266 784 3330 Is
808 3268 910 3350 igitur
933 3265 1057 3348 scribit,
1088 3287 1176 3330 anno
1202 3266 1284 3329 1321
1312 3283 1407 3348 quem·

301 3361 378 3426 dam
402 3362 590 3448 Beguinum
626 3367 712 3446 (sive
736 3364 964 3446 Fraticellum)
989 3363 1239 3428 Narbonncnsis
1274 3366 1407 3448 episcopt

300 3469 333 3526 et
363 3461 505 3526 Joannis
537 3461 662 3526 Belvae
700 3461 782 3530 Ord.
811 3462 929 3527 Praed.
969 3461 1047 3527 fidei
1072 3460 1226 3527 Censoris
1261 3460 1407 3524 mandato

299 3568 445 3646 captum,
470 3570 503 3624 et
520 3559 650 3646 judicio
674 3560 822 3626 haeresis
845 3559 1047 3641 postulatum
1070 3560 1181 3627 fnisse.
1219 3557 1320 3624 Illum
1342 3578 1409 3618 seut

299 3659 386 3723 inter
408 3656 475 3722 alia
493 3658 703 3724 affirmasse:
735 3657 828 3732 Quod
855 3658 999 3725 Christsts
1022 3669 1053 3722 et
1074 3657 1222 3746 Apostoli
1241 3659 1329 3721 mam
1346 3679 1408 3742 per·

292 3757 449 3843 fectionis
471 3767 632 3842 sequentes
655 3757 737 3822 nihil
750 3758 927 3823 habueruut
934 3762 1010 3848 jare
1019 3757 1228 3844 proprietatis
1243 3765 1276 3817 et
1289 3753 1412 3819 domimi

300 3855 503 3942 iaspeot'als',
534 3879 591 3918 aaa
615 3857 709 3920 etiam
738 3857 774 3918 ia
797 3857 960 3920 commatri.
1009 3855 1121 3936 Quum
1147 3875 1222 3920 vero
1249 3854 1285 3916 in
1312 3854 1406 3937 ipsum

331 4155 352 4209 t,
374 4076 394 4145 1)
413 4077 566 4146 Effllssss·
586 4076 700 4131 J⁰³11¹118
719 4077 806 4133 XXII.
826 4075 881 4132 Iit.
901 4076 975 4133 XIV.
995 4076 1024 4133 C.
1045 4075 1066 4134 1.
1092 4077 1134 4132 De
1152 4075 1289 4133 verborum
1314 4069 1407 4143 signit-

298 4172 330 4210 cs
345 4172 413 4211 rone.

374 4245 397 4318 ²)
417 4245 520 4301 Bullar.
540 4245 580 4300 ed.
600 4245 783 4315 Lnxemburg.
803 4263 826 4300 a.
848 4247 926 4303 1⁷27.
945 4245 1018 4300 Tam.
1037 4245 1059 4300 1.
1080 4263 1106 4314 p.
1127 4247 1185 4302 193.
