2858 4834
374 457 413 512 De
431 456 519 511 initiis
537 457 744 510 controversiae.
1069 453 1121 520 173

35 625 57 666 se
76 601 207 666 ostendit
235 602 396 687 principis
425 599 588 664 desiderio
627 598 779 684 obsequi,
821 607 944 662 mutato
983 596 1119 661 consilio
1146 595 1285 700 ⁰32³&

34 703 121 764 iterum
143 699 411 785 archiepiscopus
436 697 574 762 firmiter
597 699 717 761 restitit
739 697 825 780 regis
841 695 1024 781 postulatis.
1049 695 1120 760 Nec
1170 721 1257 762 nmis

33 801 160 884 principis
191 801 302 862 minae
326 798 450 861 feroces
473 817 549 859 eurn
574 804 769 860 terruerunt.
816 792 882 858 Sed
911 816 1013 880 quum
1039 797 1120 880 epis·

33 901 83 982 copi
103 919 172 961 eum
198 897 401 983 adjurarent,
426 917 467 959 ne
491 915 623 958 summa
646 893 793 979 pericula
816 915 856 956 ac
871 890 959 956 mala
983 893 1017 956 in
1033 895 1122 977 ipsos

32 1009 53 1056 st
69 995 196 1079 Angliae
220 994 377 1060 eeclesias
409 994 595 1079 pertinacia
625 1015 685 1057 sna
714 1003 919 1077 provocaret,
952 1013 1122 1078 quumque

31 1093 136 1178 qnidam
166 1091 347 1158 consiliarii
379 1092 466 1174 regis
499 1113 542 1154 ex
569 1113 637 1155 una
659 1099 752 1175 parte
775 1089 968 1154 violentiam
994 1092 1121 1153 minita-

30 1203 124 1270 rentur,
145 1213 187 1255 ex
211 1191 314 1255 altera
337 1199 531 1272 assererent,
555 1190 754 1273 agitantum
780 1187 821 1252 de
836 1188 942 1251 forma
965 1189 1121 1274 quadam,

31 1288 155 1374 nullaque
185 1289 266 1354 inde
289 1287 460 1352 Ecclesiae
491 1288 702 1352 incommode
732 1297 947 1372 proventura,
987 1285 1121 1350 tandem

30 1389 113 1450 anino
134 1387 285 1451 turbatus
309 1386 407 1450 cessit
425 1384 572 1450 Thomas
596 1395 628 1449 et
652 1387 765 1448 annuit
787 1385 826 1448 de
848 1385 980 1450 eonnlio
1004 1389 1120 1473 episco-

27 1507 111 1568 porum
140 1488 224 1570 repis
262 1483 420 1548 uoluntati
452 1507 579 1570 parere.
629 1484 752 1547 Prinas
783 1484 881 1568 ἐρίων
912 1495 985 1547 anto
1017 1507 1122 1550 omnes

33 1583 217 1670 archipraesul
249 1585 284 1646 in
310 1592 482 1669 praetacta
502 1581 616 1667 forme
644 1605 677 1646 se
696 1581 834 1668 'oblipan
865 1582 948 1668 qnod
977 1583 1123 1648 videlicet

33 1683 105 1764 reptos
131 1681 374 1746 connwnsds‘nes
397 1680 488 1766 soret
519 1679 738 1744 observaturum
770 1680 876 1758 „bona
899 1679 997 1763 fide“,
1029 1680 1120 1745 uerbo

32 1775 69 1840 illo
87 1801 249 1866 mppresso
272 1777 391 1842 scilicet
413 1776 523 1856 „salvo
548 1779 691 1842 ordine‘.
739 1779 782 1841 Et
812 1780 905 1863 quusi
925 1781 1121 1868 juratoriam

30 1876 151 1962 adjiciens
174 1878 362 1953 sermonem,
385 1876 461 1939 doec
484 1899 515 1939 se
531 1877 697 1963 facturum
720 1877 754 1939 in
768 1876 859 1939 uerbo
883 1878 1026 1941 veritatis
1052 1902 1121 1964 spo-

27 1973 122 2056 pondit,
147 1985 313 2062 peecatum
342 1983 472 2060 peceato
497 1974 661 2062 adjiciens.
711 1975 752 2037 Et
785 1975 925 2060 idipsum
954 1977 989 2039 in
1013 1977 1122 2040 eadem

31 2071 106 2136 tens
120 2074 303 2160 sinqsslatt'm
325 2073 466 2135 universi
485 2072 649 2157 pontifices
665 2077 830 2162 jurarunt.
860 2073 901 2136 Et
915 2074 1124 2138 incontinenti

27 2167 93 2250 ,ton
113 2171 303 2256 obligatione
326 2172 361 2233 in
375 2169 490 2256 formu
513 2171 570 2233 lonc
588 2195 651 2257 per
673 2172 826 2257 quosdam
857 2173 946 2256 reyns'
964 2195 1121 2257 proceres,

31 2270 131 2348 gaulus
152 2293 245 2333 nosse
269 2269 451 2344 debuerunt,
474 2268 574 2355 fucta
605 2278 651 2333 est
680 2271 840 2353 reqionum
863 2269 1122 2333 consuetudinum

31 2369 176 2450 nsopnitio,
201 2377 232 2430 et
255 2368 334 2431 siosd
351 2365 490 2452 publice,
515 2367 564 2430 ita
587 2377 617 2430 et
639 2369 811 2454 expressim
833 2378 1031 2431 recensentur
1048 2366 1072 2454 ¹)

94 2475 141 2537 22.
170 2475 283 2559 Atque
306 2473 370 2538 hoc
394 2473 465 2538 loco
484 2475 556 2558 jam
573 2477 730 2538 convenit
752 2474 911 2538 exhibere
934 2473 1119 2559 catalogum

31 2565 129 2634 illarum
150 2572 419 2650 wnsssetndinom,
444 2573 491 2634 uti
508 2594 564 2636 eas
579 2593 620 2636 ex
638 2571 752 2636 codiee
770 2573 934 2636 Vaticano
949 2582 1123 2637 recensent

30 2663 161 2734 Beronius
193 2673 238 2752 (a.
267 2669 352 2733 1164
376 2692 409 2734 n.
432 2670 488 2750 37)
520 2679 553 2733 et
575 2669 683 2734 Mansi
708 2669 816 2757 (XXI.
845 2669 954 2756 1194),
991 2670 1122 2757 adjecta

31 2763 53 2826 in
71 2767 172 2832 codice
196 2768 361 2832 sententia
384 2766 554 2853 pontificia
568 2766 753 2831 Alexandri
777 2767 839 2844 111,
864 2791 930 2854 qua
954 2768 1007 2832 vel
1031 2768 1120 2833 dam-

30 2863 146 2929 nandnm
163 2866 217 2930 vel
233 2864 441 2930 tolerandum
456 2863 590 2951 aliquod
615 2876 716 2950 caput
738 2867 908 2948 censuit.¹)
935 2903 972 2915 -
1002 2867 1029 2933 l.
1047 2867 1120 2950 ,De
1129 2914 1227 2955 „mn
1242 2913 1298 2954 m„

31 2959 218 3028 advocatione
244 2973 276 3027 et
299 2965 565 3048 praesentatione
589 2962 814 3044 ecclesiarum,
845 2967 873 3029 si
897 2967 1299 3030 controversiamsonmu

31 3064 168 3125 emerserit
190 3064 277 3126 inter
300 3060 401 3125 laicos
424 3071 456 3124 et
479 3060 591 3141 laicos,
617 3061 668 3125 vel
694 3064 779 3125 inter
803 3061 937 3126 clericos
961 3072 993 3126 et
1007 3061 1121 3144 laicos,

33 3155 69 3219 nl
81 3159 156 3222 inter
170 3159 309 3224 clericos
333 3171 366 3223 et
380 3158 527 3241 clericos,
553 3160 586 3222 in
607 3161 699 3224 curia
716 3159 842 3224 domini
859 3161 947 3244 regis
963 3169 1121 3224 tractetur

33 3266 53 3313 et
78 3260 290 3323 terminetur.“
327 3295 370 3304 -
401 3257 551 3322 Primum
584 3257 648 3321 hoc
679 3257 853 3322 damnavit
876 3257 908 3324 S.
932 3257 971 3322 R.
996 3257 1035 3323 Ε.
1060 3258 1122 3322 sub

34 3349 193 3420 Alexandro
210 3355 272 3421 ΙΙΙ.
297 3393 340 3403 -
364 3356 395 3420 2.
416 3353 605 3436 „Ecclesiae
629 3355 786 3420 defendo
811 3356 935 3420 domini
954 3358 1041 3440 regis
1055 3379 1121 3420 non

35 3465 139 3528 possunt
162 3457 194 3518 in
220 3463 416 3540 perpetuum
441 3453 512 3517 dari
548 3452 673 3539 absque
697 3476 832 3518 assensu
856 3465 889 3518 et
912 3456 1122 3519 concessione

36 3546 138 3627 iniust
162 3589 205 3600 -
230 3553 304 3616 Hoc
326 3550 489 3617 toleravit.
514 3589 557 3598 —
581 3553 611 3617 3.
639 3549 779 3634 ,Clerici
804 3554 895 3616 citati
920 3561 953 3615 et
975 3554 1122 3616 accusati

37 3641 64 3704 de
76 3667 268 3736 quacumque
285 3671 329 3730 re,
355 3651 471 3714 moniti
486 3672 506 3714 a
515 3650 646 3735 justitia
662 3653 758 3734 regis,
785 3653 920 3715 venient
943 3651 977 3714 in
994 3651 1121 3714 curiam

39 3739 123 3823 ipsius,
144 3749 330 3834 responsuri
355 3747 479 3812 ibidem
515 3747 556 3811 de
588 3747 660 3828 hoc,
693 3749 780 3813 unde
812 3747 980 3813 videbitur
1010 3749 1123 3812 curiae

39 3900 214 3920 -.ᾖ-ῃ

91 4001 108 4068 ¹)
123 4002 189 4061 Eiet
208 4005 330 4073 qnsdrip.
349 4005 380 4059 1.
393 4005 416 4060 1.
435 4005 527 4072 n21.;
546 4003 579 4058 ci.
595 4004 724 4059 Willelrni
738 4005 866 4059 Cantnar.
885 4004 953 4058 Vita
970 4021 991 4060 s.
1004 4005 1127 4061 monos

42 4077 232 4141 ronanam.
251 4085 288 4138 11.
309 4101 335 4153 p.
354 4083 380 4140 s.

44 4159 111 4298 Ποῖ
125 4161 300 4220 Inveniuntur
317 4164 401 4219 etiarn
420 4165 450 4218 in
468 4163 535 4233 Opp.
554 4163 682 4219 Herberti
701 4165 734 4218 de
751 4164 875 4230 Boslsarn,
900 4164 975 4219 Giles
993 4165 1024 4222 Τ.
1043 4165 1127 4222 VIII.
