2964 4838
519 467 672 522 Alexander
691 467 737 522 VI.
898 497 899 502 =
1137 471 1194 524 443

66 612 238 679 Praeterea
270 632 311 675 ex
343 613 445 676 variis
477 610 610 675 indiciis
634 609 828 696 conjicitur,
863 613 980 677 Diario
1004 611 1191 678 Burcbardi

64 709 158 796 plura
190 711 363 798 posteriori
396 719 544 796 ternpore
577 707 693 772 addita
726 709 837 775 luisse.
893 708 1047 797 Plerique
1080 723 1192 775 tamen

62 819 212 872 auctores
237 807 393 874 catholici
416 807 614 884 admittunt,
647 805 832 871 Alexandri
857 810 961 872 vitam
986 819 1063 872 ante
1088 809 1193 894 ponti·

63 905 198 970 ficetum
222 917 273 971 sat
289 905 497 970 inhonestam
523 904 634 985 fnisse,
659 913 692 968 et
714 905 749 969 in
766 907 963 990 pontificatu
979 907 1080 969 etiam
1096 904 1193 992 plura

63 1004 225 1067 accidisse
249 1002 541 1089 reprehendenda;
566 1001 624 1066 alii
639 1002 774 1087 quidem
790 1001 978 1088 apologiam
996 1003 1096 1088 hujus
1113 1005 1193 1068 Pon-

63 1103 162 1165 tificis
186 1112 296 1166 nostro
320 1111 469 1187 tempore
494 1121 679 1185 suscepere,
704 1109 736 1163 et
760 1099 932 1165 ostendere
957 1102 1021 1164 nisi
1039 1111 1125 1184 sunt,
1150 1123 1192 1166 ex

62 1198 172 1263 studio
197 1201 341 1284 partium
367 1210 399 1262 et
423 1199 498 1263 odio
522 1197 712 1262 vehementi
738 1201 895 1262 maximis
919 1197 1096 1263 calumniis
1117 1197 1191 1263 Ale-

62 1295 249 1378 xandrum,
285 1297 332 1360 nti
370 1297 426 1360 alii
459 1295 595 1382 quidam
627 1295 821 1376 Pontifices,
855 1297 1012 1360 affectum
1048 1294 1196 1378 loiseel)

62 1393 133 1458 Non
162 1405 261 1459 vacat
285 1395 420 1481 quidem
438 1393 622 1458 Alexandri
640 1393 687 1458 Vl
713 1395 816 1458 vitam
842 1405 874 1458 et
897 1407 989 1480 gesta
1005 1397 1193 1459 accuratius

62 1491 270 1576 expendere,
307 1503 453 1557 attamen
484 1513 586 1577 quum
618 1495 766 1577 quaestio
791 1493 832 1557 de
855 1491 919 1558 hoc
944 1492 1105 1557 Pontifice
1133 1513 1192 1578 pro

61 1599 210 1675 tempore
235 1589 459 1668 recruduerit,
494 1591 687 1675 praesertim
712 1613 751 1654 ea
775 1611 860 1676 qnae
884 1591 926 1655 de
949 1591 1021 1676 ejus
1045 1589 1193 1654 moribus

61 1711 102 1753 ex
127 1691 338 1754 documentis
362 1689 527 1754 historicis
552 1687 661 1772 colligi
686 1687 845 1752 videntur
868 1688 1131 1766 recensebimus,
1160 1697 1194 1751 et

61 1787 161 1851 simul
194 1786 358 1874 quaedam
383 1787 596 1851 advertemus
627 1785 736 1874 quoad
766 1786 953 1872 apologiam
985 1785 1085 1872 hujus
1108 1787 1192 1850 Pon·

62 1885 170 1950 tilicis.

150 2019 206 2083 46.
231 2019 337 2082 Natus
353 2029 402 2082 est
415 2017 599 2084 Rodericus
613 2019 736 2103 Borgia
759 2017 813 2082 die
830 2018 865 2080 1⁰
878 2017 1032 2083 Januarii
1054 2041 1083 2082 a.
1102 2018 1184 2082 1431
1203 2016 1364 2110 ''illeiiff‘''

62 2139 166 2202 prope
174 2117 363 2180 Valentiam
379 2118 411 2181 in
424 2117 586 2202 Hispania
603 2139 645 2180 ex
658 2114 863 2182 nobilissima
879 2115 1016 2182 familia.
1047 2115 1187 2178 Matrem
1317 2100 1321 2110 ¹

63 2211 184 2278 habuit
207 2234 352 2278 sororem
379 2213 502 2279 Calixti
527 2214 579 2278 lll
603 2236 646 2277 ex
668 2225 767 2298 gente
791 2213 929 2297 Borgia3
963 2226 1090 2299 patrem
1115 2233 1193 2276 vero

60 2311 249 2393 dofredum,
273 2333 373 2398 quem
399 2315 523 2398 pariter
546 2335 589 2376 ex
611 2321 710 2396 gente
728 2309 850 2395 Borgia
873 2311 973 2374 luisse
993 2309 1194 2374 recentiores

61 2431 104 2474 ex
128 2409 340 2474 documentis
366 2409 543 2496 colligunt,
579 2409 739 2474 Lenzuoli
766 2411 1056 2492 cognominatum,
1087 2407 1133 2471 ita
1158 2418 1194 2470 ut

62 2528 180 2570 verum
205 2529 271 2571 non
296 2528 368 2571 esse
394 2507 548 2572 videatur
570 2506 785 2590 Roderieum,
822 2527 924 2593 quum
959 2505 1002 2570 ab
1026 2505 1193 2570 avunculo

63 2604 196 2670 Calixto
227 2604 269 2671 ad
303 2604 499 2690 dignitatem
525 2601 760 2670 Cardinalatus
792 2613 1042 2692 promoveretur
1072 2625 1193 2668 nomen

63 2713 218 2768 mutasse.
259 2703 312 2766 Ex
330 2705 399 2767 vita
423 2703 494 2788 ejus
519 2725 623 2789 usque
647 2703 689 2768 ad
705 2724 831 2766 annum
846 2705 963 2766 aetatis
980 2701 1062 2766 26⁰¹¹¹
1085 2724 1195 2787 pauca

61 2811 140 2864 sant
165 2811 253 2865 nota.
300 2800 454 2866 Tradunt
473 2802 619 2887 quidem,
644 2801 879 2886 cumprimum
898 2799 1193 2885 jurisprudentiae,

63 2897 140 2962 dein
173 2895 217 2962 ab
241 2921 328 2962 anno
360 2900 478 2963 aetatis
503 2899 632 2963 decimo
657 2909 775 2964 octavo
808 2897 947 2962 militiae
976 2919 1108 2983 operam
1141 2898 1192 2962 de·

64 2995 172 3066 disse:
210 2996 268 3060 sed
301 2998 428 3060 incerta
465 2995 548 3060 haee
581 3009 675 3074 aunt,
712 2997 778 3060 imo
811 2994 985 3081 probabile
1015 3007 1081 3077 est,
1117 3018 1193 3060 eum

63 3093 141 3157 inde
164 3117 185 3157 a
209 3096 320 3178 pueris
344 3095 443 3157 statui
461 3093 684 3159 ecclesiastico
701 3093 903 3158 destinatum
925 3092 1038 3158 fnisse.
1078 3095 1193 3158 Avun·

64 3189 158 3254 culus
190 3192 277 3255 enim
304 3192 374 3277 ejus
399 3189 590 3276 Alphonsus
614 3215 643 3258 a.
672 3193 757 3256 1444
782 3191 970 3256 Cardinalia
1002 3192 1109 3257 factus
1133 3204 1191 3276 est,

62 3299 163 3374 atque
193 3291 306 3354 existit
330 3288 586 3370 documentum,
619 3312 684 3376 quo
709 3291 822 3374 nepoti
847 3287 1010 3356 Roderico
1040 3291 1097 3376 qui
1122 3301 1194 3354 teuc

65 3389 204 3452 sacrista
227 3399 296 3452 erat
325 3387 485 3452 eeclesiae
508 3388 670 3468 Xativae,
704 3387 858 3472 providet
888 3387 926 3450 de
952 3388 1141 3452 canonicatu
1164 3401 1195 3452 et

66 3549 275 3556 —--.—.—-——-.

64 3669 135 3724 rium
151 3669 302 3738 publicavit
318 3669 420 3724 Eccard
439 3669 515 3738 Corp,
532 3671 646 3728 Hisne,
658 3670 692 3729 11,
705 3670 818 3724 Recenti
835 3677 954 3739 tempore
973 3670 1039 3724 illud
1053 3669 1195 3728 ediderunt

63 3749 191 3804 Thoasne
220 3749 334 3804 Parisiis
366 3751 442 3809 1883,
477 3751 553 3814 1884,
586 3755 614 3803 et
643 3750 811 3804 Gennarelli.
843 3751 957 3804 Fireuzc
977 3753 1054 3810 teet,
1091 3751 1196 3807 Textus

64 3831 207 3900 originalis
226 3829 313 3884 Diarll
335 3830 491 3898 deperditus
510 3845 568 3884 esse
587 3831 705 3890 videtur,

140 3919 159 3988 ')
179 3919 323 3988 Praecipni
349 3919 496 3986 scriptores
523 3919 569 3986 qui
589 3920 743 3988 apologiam
764 3919 912 3972 Alexandri
932 3919 970 3972 Vl
989 3927 1086 3975 texere
1100 3922 1193 3975 studu-

62 4004 144 4053 erunt
166 4009 245 4054 sunt:
277 3999 399 4062 Ollivier‚
428 3999 467 4053 Le
492 4015 562 4066 pape
581 3999 734 4053 Alexandra
754 3999 793 4054 Vl
822 4007 850 4052 et
879 4001 920 4054 les
946 3999 1056 4070 norgia,
1088 4001 1144 4061 l’ol
1170 4001 1192 4056 1.

63 4079 141 4133 Paris
161 4081 245 4146 1870;
277 4081 382 4140 Nemee.
402 4079 488 4146 Papst
507 4079 663 4134 Alexander
682 4080 729 4144 Vl,
748 4079 917 4148 Klagenlurt
937 4080 1023 4148 18793
1056 4081 1193 4154 neonae,

63 4158 94 4214 P.
114 4160 275 4214 aresandro
295 4159 334 4213 v1
361 4160 474 4214 secondo
493 4159 646 4213 documenti
666 4173 681 4213 e
700 4160 827 4229 carteggi
847 4161 890 4214 del
909 4169 999 4228 tempo
1025 4163 1042 4215 3
1062 4163 1113 4219 vol.
1141 4163 1193 4216 Bo-

66 4237 153 4306 logna
172 4239 248 4296 1880.
