2840 4840
161 1291 263 1331 Examen

149 1365 268 1404 processus
271 1383 276 1396 .

302 440 355 494 110
515 437 616 493 XXXI.
635 438 675 492 De
693 437 841 492 abolitione
859 436 967 492 Ordinis
985 434 1208 505 Templariornm.

301 582 475 646 exordium
499 583 648 667 sequitur
671 583 832 667 expositio
856 582 1030 663 factorum,
1064 581 1112 642 uti
1143 601 1185 642 ex
1210 578 1306 644 Bulla
1327 579 1404 641 blise-

300 681 472 744 ricordiam
499 680 630 765 faciens
662 700 734 743 carn
762 681 833 765 jam
863 677 1046 760 retulimus,
1086 688 1119 741 ct
1147 677 1293 756 additur,
1324 677 1404 762 juxte

301 778 495 842 rnandatum
519 777 691 842 Pontificis
714 778 749 841 in
772 779 875 842 variis
898 779 1009 861 regnis
1033 797 1174 840 examen
1200 785 1314 839 contra
1328 773 1415 840 Tem,

299 875 421 961 plarios
452 877 653 956 institutum,
686 874 886 940 documenta
916 896 1087 960 processus
1119 872 1297 958 adipsum
1320 883 1415 956 trous-p

301 976 410 1055 missa,
448 983 481 1037 et
504 973 546 1037 ab
571 994 619 1053 eo,
659 970 903 1055 Car-dinalibus‚
940 971 1079 1058 aliisque
1110 969 1241 1036 idoneis
1269 968 1415 1055 praelatis

300 1074 491 1136 examinata
515 1070 626 1135 fuisse.
654 1070 742 1135 Dein
767 1072 954 1135 referuntur
977 1093 1026 1151 ea,
1051 1090 1136 1156 quae
1160 1069 1312 1132 Viennae
1332 1067 1415 1130 facts]

300 1179 393 1234 sunt·
386 1191 559 1256 ,quorum
582 1171 644 1232 ista
667 1180 717 1232 est
740 1171 849 1234 series.

390 1268 443 1333 27.
490 1266 655 1348 Pontifex,
688 1289 790 1352 quum
816 1265 984 1330 difficile
977 1287 1042 1330 rmo
1068 1262 1273 1351 impossibile
1296 1260 1415 1324 ridere

300 1376 363 1448 tur,
388 1367 557 1450 negotium
582 1375 614 1428 et
637 1387 826 1450 processum
842 1363 1105 1449 Templariorum
1130 1383 1243 1426 coram
1267 1361 1415 1448 universop

300 1461 449 1528 Concilio
472 1473 624 1544 tractare,
649 1461 726 1548 eligi
741 1461 853 1527 lecito
871 1461 1019 1527 Concilio
1045 1461 1309 1526 commissionem
1329 1457 1415 1542 praei

298 1561 438 1626 latorum
472 1583 514 1625 ex
538 1559 693 1626 omuibus
717 1560 918 1626 nationibus.
967 1557 1164 1624 Commissio
1190 1557 1273 1620 haec
1296 1555 1406 1618 exauri-

299 1661 394 1724 navit
426 1660 648 1724 confessiones
672 1659 937 1744 Templariorum
973 1660 1123 1743 scriptas,
1161 1667 1194 1719 et
1226 1655 1319 1717 varin
1356 1651 1415 1716 elisi

299 1756 498 1822 documenta
528 1778 715 1843 processus;
752 1757 828 1821 dein
853 1779 931 1820 vero
956 1754 1151 1820 consultatio
1176 1761 1302 1817 secreta
1333 1745 1415 1816 fastai

298 1867 356 1938 est,
382 1855 522 1941 qualiter
546 1863 630 1919 esset
653 1854 911 1941 procedendum,
937 1876 974 1919 eo
992 1852 1045 1917 vei
1070 1853 1185 1938 magis,
1210 1847 1300 1936 quod
1316 1833 1415 1974 ιιιιιιιι

297 1953 478 2039 Templarii
502 1953 544 2016 ad
569 1953 794 2017 defensionem
819 1951 956 2017 Ordinis
979 1973 1014 2015 se
1038 1953 1202 2015 offerrent.
1249 1947 1294 2011 Et
1317 1923 1415 2014 ιιιιιιιοι

298 2051 403 2138 major
426 2073 502 2137 pars
525 2051 766 2115 commissionis
791 2051 929 2129 censuit,
954 2049 1179 2114 defensionem
1204 2045 1324 2112 Ordini
1352 2067 1394 2106 es
1370 2037 1415 2157 *sie

297 2149 555 2230 concedendam,
581 2171 722 2235 euinque
747 2171 805 2234 per
828 2172 868 2214 ea
891 2171 976 2234 quae
997 2148 1157 2212 hactenus
1172 2143 1312 2232 probata
1328 2123 1415 2218 cranii

297 2245 338 2311 de
368 2247 561 2312 haeresibus
591 2257 623 2312 et
654 2247 849 2312 criminibus
880 2247 921 2312 de
952 2246 1073 2332 quibus
1107 2245 1304 2358 inquisitum
1342 2235 1415 2308 erati

297 2344 511 2410 condemnari
537 2367 601 2409 non
626 2368 742 2432 posse3
767 2345 823 2409 alii
850 2367 926 2409 vero
952 2345 1040 2410 iliius
1056 2341 1299 2408 commissionis
1324 2327 1415 2432 nega-i

297 2453 374 2506 runt
390 2443 613 2508 defensionem
631 2442 750 2508 Ordini
775 2443 1023 2507 concedendam
1048 2463 1128 2524 esse,
1152 2451 1222 2504 tum
1244 2440 1326 2525 qnia
1344 2421 1415 2540 inde}

297 2542 419 2624 negotii
453 2542 598 2605 maxima
633 2539 747 2605 dilatio
779 2552 979 2627 sequeretur,
1019 2551 1051 2605 ct
1085 2539 1321 2604 detrimentum
1360 2543 1415 2620 pro

297 2635 382 2702 bello
407 2661 509 2720 sacro,
536 2648 605 2702 tum
629 2638 671 2703 ob
696 2639 778 2704 alias
802 2661 927 2705 causas.
959 2639 1011 2703 En
1036 2637 1172 2702 verba
1163 2637 1268 2722 ipsius
1285 2631 1415 2698 Bullac:

299 2737 369 2800 Nos
386 2747 463 2823 post
479 2739 620 2822 primam
643 2739 820 2818 sessionem,
844 2761 938 2822 qnam
953 2737 1034 2802 inibi
1048 2735 1226 2824 (Viennae)
1241 2755 1311 2796 cum
1327 2729 1413 2792 deos

301 2833 528 2900 Cardinaiibns
559 2845 589 2898 et
618 2859 685 2900 cam
706 2835 872 2922 praefatis
894 2833 1055 2922 praelatis
1094 2844 1123 2897 et
1154 2827 1415 2920 procuratoribus

297 2934 527 3015 lenociniosis
551 2956 613 3018 qna
636 2957 750 2998 carnos
773 2935 1006 2998 convocationis
1033 2930 1168 2999 Consilii
1190 2930 1305 2996 iisdem
1328 2925 1415 2998 dimi-i

295 3054 364 3096 mna
386 2985 600 3118 eapbneadas,
639 3034 715 3118 quio
747 3043 816 3096 erat
846 3031 1041 3118 difficile,
1027 3055 1088 3096 emo
1115 3031 1183 3115 fere
1213 3007 1415 3134 impossibile,

291 3128 462 3243 praefatos
490 3127 681 3195 Cardinalcs
704 3140 733 3192 et
755 3131 917 3194 uniuersos
938 3129 1107 3216 praelatos
1137 3139 1167 3191 et
1196 3079 1415 3220 procuratorssi

296 3229 331 3291 in
357 3229 524 3314 praesenti
557 3225 697 3292 Concilio
730 3237 932 3316 conprepatos
962 3228 1006 3292 od
1038 3225 1241 3290 mactandam
1265 3223 1304 3287 de
1329 3219 1415 3298 ιιοιι

289 3324 487 3411 procedendi
509 3349 604 3412 super
626 3337 655 3390 et
682 3325 717 3389 in
740 3325 835 3412 facto
870 3348 925 3390 seo
958 3326 1080 3412 nepotio
1110 3323 1259 3410 fratrum
1288 3285 1415 3388 Ordinisi

291 3421 579 3508 praedictorum
565 3446 601 3485 sn
637 3433 749 3487 ιιοιιια
778 3425 968 3510 praesentia
990 3425 1163 3505 coronenire,
1203 3421 1242 3485 do
1267 3397 1415 3496 maridatoi

295 3531 402 3585 nostro
435 3520 475 3584 ab
503 3523 660 3585 universis
682 3520 844 3607 praelatis
868 3532 898 3585 et
915 3521 1215 3608 procuratoribus'
1201 3543 1235 3583 an
1259 3519 1315 3582 boc
1341 3513 1411 3579 Con

295 3617 368 3682 cilio
402 3619 617 3700 emittentibus,
649 3621 725 3683 certi
748 3621 964 3707 patriarchae,
995 3617 1234 3706 arcbiepiacopi,
1268 3611 1415 3738 episcopii

294 3716 424 3782 abbates
447 3719 584 3802 exempti
606 3727 635 3780 et
658 3717 719 3782 abii
741 3717 941 3782 ecclesiaram
963 3715 1109 3805 praelati
1136 3726 1165 3780 et
1189 3699 1415 3802 praesentanei

295 3814 335 3877 dc
356 3815 512 3879 universis
534 3815 779 3880 christianitatis
785 3816 938 3929 partibas
951 3835 1211 3902 quoramcunque
1227 3811 1415 3897 lesacensis
1414 3791 1415 3854 i

293 3912 460 3976 ιιαιιοιιιιιη
483 3922 512 3974 et
535 3914 705 3998 reqionum,
737 3916 792 3999 qai
814 3914 852 3977 de
872 3914 1090 4000 peritioribus,
1120 3909 1357 3977 discretioribus
1385 3909 1415 3972 ιιι

295 4009 510 4074 idoneioribos
534 4010 578 4074 ad
600 4009 859 4075 consulendam
846 4035 881 4075 tn
901 4011 962 4076 tali
991 4023 1021 4076 et
1051 4019 1140 4075 tanto
1172 4011 1294 4096 nepotio
1317 4019 1347 4070 et
1370 3981 1415 4074 (ιιι

296 4109 496 4172 tractandam
525 4131 590 4173 nna
614 4111 786 4174 Nobiscum
817 4121 846 4174 ct
874 4135 943 4176 oum
977 4109 1206 4176 Cardinalibas
1235 4091 1415 4196 praedicari

295 4213 360 4268 tam
375 4204 423 4270 soi
424 4228 510 4269 omne
524 4205 706 4291 factumst
726 4209 883 4292 nepotinm
897 4208 1094 4289 videbantur,
1118 4207 1209 4272 eiecti
1222 4195 1415 4272 cornorditeri
