2916 4842
381 387 422 441 De
439 385 595 441 haeresibus
613 391 642 439 et
660 384 859 440 controversiis.
1145 387 1180 443 95

74 532 106 595 de
126 533 239 616 petia,
263 530 441 617 Pelopiam
474 543 530 594 aut
553 529 592 593 de
618 551 759 616 persona
786 526 914 610 Christi,
947 531 1035 615 sopit
1066 530 1179 595 Nesto-

74 631 155 694 rium.
199 627 248 692 Ita
273 630 307 692 in
331 626 470 714 epistola
493 627 587 714 (192)
619 627 663 691 ad
688 625 900 692 Cardinalem
925 621 1113 692 Guidon‘em
1139 628 1180 694 de

74 724 215 808 Castello,
239 727 296 812 qui
320 734 435 812 postea
458 725 522 789 fuit
544 724 698 789 Pontifex
724 723 930 789 Coelestinus
953 723 1029 808 II.¹)
1216 731 1217 736 ’

153 861 223 924 122.
271 857 481 923 Abaelardus
505 860 605 943 igitur
631 877 719 922 anno
744 858 827 922 1121
855 858 946 944 apud
965 859 1179 946 Radulphum

72 954 350 1043 archiepiscopum
367 954 589 1020 Rhemensem
605 953 798 1041 multiplicis
814 958 933 1020 erroris
948 967 1063 1022 eontra
1078 957 1178 1023 fidem

71 1064 233 1118 aecusatus
256 1063 316 1122 est.
365 1051 494 1118 Citatus
517 1053 559 1116 ab
584 1053 648 1117 hoc
672 1052 829 1139 praesule
845 1053 889 1118 ad
913 1055 1066 1141 synodum
1089 1054 1178 1121 Saes-

71 1153 233 1217 sionemem
265 1173 303 1215 eo
334 1173 422 1216 anno
446 1149 615 1232 habitam,
647 1150 766 1234 synodi
798 1153 961 1216 sententia
990 1152 1179 1238 compulsus

68 1249 134 1333 fuit,
157 1249 326 1315 utlibrum
351 1249 390 1313 de
412 1250 569 1313 Trinitate
592 1271 612 1312 o
636 1271 671 1312 se
694 1250 853 1334 scriptum
878 1251 948 1333 igni
968 1235 1121 1333 traderet,
1146 1261 1179 1316 et

69 1359 100 1409 nt
120 1349 322 1433 professione
345 1345 480 1433 publica
503 1345 645 1430 symboli
670 1369 694 1412 s.
719 1345 894 1411 Athanasii
919 1369 954 1411 se
981 1348 1023 1413 ab
1047 1347 1176 1414 haeresi

68 1455 224 1530 purgaret
257 1484 301 1494 —
335 1443 621 1531 subsequentibus
654 1447 751 1509 annis
791 1447 901 1509 varios
936 1445 1038 1510 libros
1076 1448 1348 1534 scriperem-ren

68 1545 104 1607 sit
125 1553 156 1607 et
178 1543 294 1625 edidit,
326 1553 460 1631 propter
490 1563 572 1629 quos
594 1544 719 1628 pariter
747 1565 767 1606 a
791 1544 892 1608 variis
915 1544 997 1608 viris
1024 1515 1349 1621 ecelesia-⁰⁰iissffl‘

68 1643 158 1724 stieis,
182 1643 269 1706 inter
291 1639 565 1727 quos'eminebat
587 1662 612 1705 1.
636 1639 836 1723 Bernardus,
860 1662 986 1706 errores
1008 1643 1043 1706 in
1056 1642 1122 1708 fide
1145 1645 1175 1708 ei

68 1737 179 1826 objecti
203 1739 347 1805 fuerunt
393 1738 484 1802 Hinc
508 1740 579 1824 ipsc
594 1737 804 1803 Abaelardue
826 1737 870 1803 ab
886 1738 1032 1804 Henrico
1052 1741 1176 1806 archie-

68 1839 194 1924 piscopo
220 1837 403 1904 Senonensi
434 1837 531 1922 petiit
564 1838 830 1923 impetravitque,
865 1846 902 1900 ut
928 1836 992 1901 sibi
1016 1859 1093 1902 eum
1121 1839 1178 1904 ad·

67 1937 214 2000 versariis
229 1937 307 2016 suis,
328 1935 525 2000 nominatim
542 1956 617 1999 cum
640 1957 664 1999 1.
673 1933 853 2018 Bernard0,
870 1933 1003 2021 publice
1019 1936 1177 2020 congredi

67 2029 180 2098 liceret.
228 2033 279 2098 Ea
303 2033 344 2098 de
368 2055 468 2097 causa
492 2055 578 2098 anno
605 2033 691 2098 1140
714 2033 891 2098 concilium
925 2032 1014 2119 apud
1038 2032 1177 2100 Serrorree

67 2127 209 2196 habitum
233 2142 291 2196 est.
337 2130 371 2196 S.
394 2129 585 2196 Bernardus
615 2130 658 2195 ad
682 2130 846 2215 synodum
875 2131 1048 2213 invitatus,
1080 2133 1175 2196 initio

67 2232 256 2314 repugnavit
279 2231 474 2316 participem
499 2251 569 2293 esse
592 2227 691 2314 hujus
715 2249 791 2292 oum
812 2227 1002 2294 Abaelerdo
1026 2250 1175 2313 congres-

65 2349 118 2408 sus,
141 2329 349 2409 existimans,
374 2349 441 2391 non
454 2325 574 2391 debere
597 2327 824 2413 quaestionem
849 2328 976 2391 institui
1000 2326 1041 2390 de
1062 2329 1175 2391 errori·

65 2421 116 2488 bus
137 2437 238 2490 antea
261 2424 441 2507 damnatis3
466 2433 697 2489 verumtamen
720 2423 764 2488 ad
787 2424 953 2508 synodum
968 2426 1071 2490 venit.
1107 2425 1175 2490 Ad·

65 2519 187 2586 fuerunt
212 2521 339 2606 synodo
362 2522 631 2608 archiepiscopus
647 2521 857 2604 Senonensis,
882 2524 1028 2609 episcopi
1052 2522 1173 2609 plures,

64 2617 247 2685 Ludovicus
269 2619 337 2684 VII
359 2642 420 2684 rex
443 2618 572 2690 Galliae
595 2641 670 2684 cum
701 2619 904 2706 proceribus,
932 2644 957 2688 1.
982 2621 1173 2688 Bernardus

64 2717 173 2805 aliique
197 2716 338 2782 abbates
369 2739 488 2802 magno
512 2739 660 2801 numero,
690 2727 724 2782 et
746 2717 964 2784 Abaelardus.
1010 2719 1122 2784 Primo
1147 2741 1172 2788 1.

64 2814 243 2881 Bernardus
275 2817 399 2902 scripta
421 2815 601 2880 Abaelardi
636 2816 670 2880 in
694 2815 841 2880 medium
865 2815 1002 2901 protulit
1032 2827 1065 2880 et
1088 2837 1172 2882 erro·

64 2935 125 2978 rum
147 2915 220 3001 ejus
251 2913 397 3000 capitula
429 2914 627 2997 designavit,
666 2923 702 2978 ut
733 2915 761 2977 is
794 2935 833 2978 ea
857 2913 911 2978 vel
934 2936 994 2978 sua
1024 2937 1094 2978 esse
1118 2937 1172 2979 ne·

63 3023 159 3095 geret,
191 3010 246 3076 vel
271 3013 449 3096 corrigeret
478 3023 536 3075 aut
566 3011 609 3076 ed
642 3012 772 3098 objecta
796 3012 1016 3098 responderet.
1064 3012 1171 3077 Abae·

63 3107 162 3176 lardus
192 3109 279 3175 nihil
311 3131 424 3174 eorum
456 3110 551 3190 fecit3
588 3109 645 3174 sed
677 3131 711 3173 se
745 3110 871 3193 synodo
905 3109 1096 3175 subducens
1127 3110 1199 3175 ad·

64 3205 283 3272 Innocentium
295 3207 329 3272 ll
341 3207 527 3272 Romanum
540 3206 736 3272 Pontificem
754 3206 944 3293 appellavit.
989 3206 1171 3272 Gaufridus

65 3304 234 3370 nonachus
251 3303 517 3386 Claravallensie,
530 3304 609 3368 olim
626 3303 809 3390 discipulus
825 3304 1017 3388 Abaelardi,
1040 3308 1073 3370 in
1097 3306 1171 3370 Vite

66 3423 84 3466 1,
104 3403 263 3468 Bemardr'
295 3406 341 3468 ita
371 3403 486 3468 scribit
518 3402 560 3467 de
590 3402 653 3467 hac
677 3403 804 3488 synodo
828 3402 1028 3468 Senonensi:
1052 3402 1171 3489 Adfuit

67 3496 122 3563 dies
143 3511 171 3565 et
195 3501 328 3566 ecclesie
341 3502 472 3587 eopiosa
486 3503 637 3583 convenit,
662 3501 717 3564 obi
733 3525 753 3564 a
766 3501 830 3566 Dei
844 3499 972 3588 famulo
987 3501 1168 3586 (Bernardo

67 3597 220 3680 videlicet)
245 3599 334 3664 Petri
356 3597 446 3662 itlius
468 3597 648 3663 Abaelardi
676 3601 796 3685 scripto
823 3601 857 3663 irs
880 3600 1016 3663 medium
1033 3598 1170 3686 prolata

67 3699 327 3776 contemneris
350 3695 495 3783 capitula
522 3695 696 3781 desipiente.
745 3697 878 3761 Domum
900 3697 953 3761 itti
979 3699 1065 3784 optio
1088 3697 1168 3761 deta

67 3803 110 3862 est,
136 3806 191 3860 out
213 3819 273 3860 ersa
296 3816 362 3858 esse
384 3793 532 3882 oepaodi,
557 3804 613 3858 aut
635 3816 771 3858 errorem
793 3794 952 3858 humiliter
978 3795 1166 3880 compendi,

67 3925 260 3942 Q*—

127 4007 145 4072 ¹)
161 4007 216 4062 Cir.
235 4007 268 4064 de
286 4007 423 4063 erroribus
441 4006 587 4062 Abaelardi
609 4023 630 4060 1.
649 4005 782 4061 Bemardi
801 4007 943 4076 epistolam
964 4007 1015 4062 190
1034 4009 1068 4061 ad
1086 4007 1166 4061 Inno-

69 4084 168 4140 enom
179 4087 214 4154 II,
233 4087 454 4142 contrectatum
472 4087 505 4141 de
523 4086 657 4141 erroribus
669 4085 830 4156 Abeelardi;
850 4087 939 4141 Natal.
954 4087 1029 4143 Alex.
1051 4089 1083 4142 H.
1103 4087 1166 4143 eccl.

70 4157 169 4222 instes,
187 4167 226 4222 XI
245 4173 274 4222 et
292 4167 355 4232 XII,
374 4167 489 4222 Dissert.
507 4165 570 4220 VII.
589 4168 650 4220 Art.
668 4165 702 4222 V.
715 4167 767 4236 VI;
786 4167 882 4222 Hefele
900 4167 929 4224 C.
940 4167 972 4222 G.
986 4167 1047 4222 VII.
1068 4167 1093 4238 §.
1104 4164 1166 4226 616.
