2828 4842
393 445 434 498 De
452 443 557 498 haeresi
575 441 772 510 Albigensium.
1093 440 1146 494 327

51 587 112 670 ipsit
131 587 289 651 lammae
306 587 509 673 praedicere,
534 586 722 676 objiciebant
745 587 790 648 eie
813 584 964 648 haeretici
985 607 1146 648 conversa·

50 687 141 748 tionem
157 687 327 772 pessimam
358 684 551 762 clericorum,
583 696 613 748 et
635 685 692 764 ite,
723 683 790 746 nisi
818 681 933 746 vedent
963 679 1146 746 elericorum

49 785 125 846 ritem
145 787 305 871 corripere,
330 794 488 870 oporteret
511 805 562 848 eos
586 807 606 846 a
627 782 868 868 praedicatione
883 779 1042 844 desistere.
1079 778 1144 844 Me-

48 893 164 946 norotus
186 893 288 946 cutem
315 882 483 968 epiecopus
514 880 664 968 adversae
696 877 874 966 hujusmodi
896 877 1146 964 perpleeitatern

47 975 150 1042 salubre
179 980 265 1043 dedit
295 979 477 1056 consiliam,
517 1001 645 1042 monens
676 986 705 1041 et
736 974 917 1057 consulens,
947 984 981 1038 ot
1014 975 1145 1038 caeteris

46 1078 147 1138 erasas
164 1078 404 1162 praedicationi
427 1076 593 1140 ardentius
611 1076 803 1151 insisterent,
828 1084 857 1137 et
878 1083 915 1156 ¹at
936 1082 1065 1158 possent
1087 1093 1146 1135 ora

45 1173 180 1238 elrtmere
221 1175 448 1261 malignantia,
481 1176 517 1238 in
548 1173 742 1251 humilitate,
767 1171 972 1258 procedentes
1003 1169 1145 1256 eeemplo

41 1273 81 1354 pii
100 1274 247 1357 magistri,
263 1272 415 1358 facerent
439 1282 468 1335 et
491 1272 651 1352 docerent,
674 1273 758 1334 irent
773 1270 899 1355 pedites
922 1269 989 1330 siae
1014 1289 1092 1330 auro
1117 1277 1146 1330 et

44 1381 162 1452 agento,
181 1393 242 1456 per
265 1373 375 1433 omnio
390 1370 534 1456 formam
557 1367 766 1454 apostolicam
790 1365 987 1446 imitentes.¹)
1012 1364 1147 1446 Legatis

43 1467 221 1550 petentibus,
246 1467 399 1532 Didacus
423 1477 456 1531 et
479 1467 678 1531 Dominieus
702 1487 777 1530 cum
804 1467 883 1550 ipsis
906 1473 1145 1542 remanserunt,

43 1578 66 1626 et
85 1567 142 1630 viri
157 1565 204 1630 illi
228 1566 402 1652 praeclari,
427 1565 548 1651 quibus
564 1568 663 1630 etiam
688 1565 755 1646 alii,
774 1564 966 1650 praesertim
992 1559 1145 1625 monachi

43 1660 267 1746 Cistercienses,
292 1687 363 1728 sese
382 1666 580 1750 junxerunt,
605 1673 685 1726 tunc
702 1664 766 1727 ista
781 1663 909 1726 ratione
924 1680 1044 1742 magno
1070 1679 1146 1722 cum

42 1759 151 1824 fervore
176 1760 372 1826 catholicam
391 1763 491 1827 fidem
509 1761 744 1847 praedicarunt
768 1770 800 1824 ct
823 1760 866 1825 ab
881 1757 1047 1823 erroribus
1070 1757 1146 1821 hae·

41 1860 199 1924 reticorum
224 1861 450 1925 vindicarunt.
503 1858 587 1924 Cum
613 1861 827 1924 sectariorum
860 1858 1025 1941 magistris
1049 1877 1147 1941 saepe

42 1955 157 2037 publice
192 1957 420 2044 disputarunt3
458 1980 513 2023 eos
547 1957 681 2044 quidem
715 1956 887 2020 haereseos
919 1955 1146 2034 convicerunt,

41 2054 165 2120 sednon
181 2067 434 2138 converterunt,
459 2054 570 2142 plures
594 2066 705 2119 tamen
730 2077 747 2118 e
769 2053 890 2140 populo
915 2042 958 2117 ab
972 2074 1080 2116 errore
1105 2051 1148 2116 ad

41 2155 198 2218 veritatem
221 2155 421 2220 catholicam
444 2155 660 2219 reduxeruut.
713 2152 779 2218 Sed
803 2153 846 2217 ad
871 2153 1034 2217 haeresim
1058 2173 1148 2214 ever-

37 2251 154 2316 tendam
179 2251 263 2317 haec
288 2253 398 2317 media
429 2275 495 2317 nou
526 2251 758 2334 sufficiebant3
790 2251 888 2316 simul
913 2262 1024 2314 autem
1049 2250 1148 2312 etiam

39 2348 242 2414 Catharorum
279 2353 420 2416 ministri
455 2374 514 2437 per
549 2352 739 2435 provincias
773 2350 984 2413 decurrentes
1020 2367 1147 2410 summo

38 2449 138 2512 ardore
162 2460 279 2514 contra
303 2448 377 2514 illos
402 2451 491 2514 viros
514 2447 712 2535 apostolicos
744 2471 820 2512 suos
844 2469 970 2511 errores
1002 2445 1148 2510 multitu·

38 2543 94 2609 clini
117 2547 341 2612 inculcabant.

113 2665 160 2730 16.
191 2665 292 2728 Anno
319 2663 404 2728 1208
429 2665 545 2728 Petrus
569 2664 610 2728 de
636 2662 840 2728 Castronovo
872 2663 906 2725 in
931 2616 1139 2724 ditioneCo·
1154 2666 1316 2707 aracusa.

38 2762 110 2824 mitis
125 2761 293 2843 Tolosani,
317 2763 456 2826 fautoris
481 2762 732 2843 haereticorum,
757 2783 855 2848 quem
873 2762 988 2825 Petrus
1012 2731 1315 2822 exeom.¹²⁰*'⁰⁰⁰⁰¹⁸¹¹⁸·

38 2862 262 2942 manicaverat,
295 2859 453 2924 insidiose
477 2861 670 2924 interfectus
694 2872 750 2924 cst.
806 2859 1021 2923 Innocentius
1051 2856 1143 2940 Papa

37 2957 264 3023 interfectorem
288 2958 388 3041 legati
414 2960 463 3021 sui
490 2969 524 3021 et
546 2979 660 3022 omnes
684 2960 741 3043 qui
759 2957 806 3021 illi
830 2979 902 3042 ope,
928 2955 1064 3020 consilio
1088 2964 1146 3018 aut

37 3051 132 3120 lavore
156 3067 288 3142 praesto
320 3057 469 3138 fuissent,
501 3059 680 3141 praecipue
705 3055 942 3140 Raymundum
968 3053 1016 3117 VI
1048 3053 1146 3116 comi-

37 3165 89 3215 tem
111 3153 313 3218 Tolosanum
335 3153 567 3239 Albigensium
592 3154 765 3232 fautorem,
792 3156 825 3217 in
851 3174 948 3238 quem
974 3173 1040 3215 non
1064 3150 1148 3214 levis

37 3253 165 3334 suspicio
198 3253 367 3338 praefatae
399 3275 497 3316 neces
529 3252 707 3334 inciderat,
740 3251 951 3316 anathemate
976 3249 1146 3336 percussit.

38 3347 133 3427 (tuum
156 3371 238 3414 vero
263 3349 436 3414 haerescos
460 3351 555 3414 istius
579 3349 774 3414 discrimina
797 3351 831 3413 in
856 3349 927 3414 dies
951 3356 1147 3423 crescerent,

36 3455 61 3507 et
81 3451 219 3528 sectarii,
244 3447 434 3531 Reymundi
459 3448 667 3534 aliorumque
685 3470 857 3534 procerum
880 3447 1045 3532 praesidio
1062 3444 1146 3527 fulti,

37 3545 63 3606 iu
83 3545 236 3611 ecclesias
260 3555 292 3609 et
315 3545 452 3610 clericos
477 3548 659 3611 immunius
690 3555 928 3631 grassarentur,
960 3543 1149 3610 Catholieos

37 3645 150 3707 aerius
173 3656 348 3724 vexarent,
374 3665 573 3730 omnemque
598 3647 768 3729 regionem
793 3642 1034 3729 perturbarent,
1064 3644 1147 3707 Pon·

37 3739 104 3803 tiiex
126 3743 266 3823 censuit,
292 3742 473 3806 efficaciori
498 3743 595 3807 modo
621 3742 773 3826 religioni
790 3740 992 3828 periclitanti
1017 3763 1148 3805 succur-

38 3839 158 3904 rendum
183 3861 266 3904 esse.
313 3838 526 3925 Quapropter
550 3840 636 3904 datis
660 3840 778 3904 litteris
801 3840 844 3904 ad
868 3838 1060 3924 Philippum
1082 3839 1148 3902 Au·

37 3947 151 4014 gustum
176 3959 290 4022 regem
315 3937 455 4017 Galliae,
480 3938 523 4002 ad
548 3941 721 4024 episcopos
745 3949 778 4002 et
801 3937 940 4021 nobiles,
965 3937 1148 4023 expeditio·

38 4051 96 4095 nem
112 4039 294 4101 cruciatam
312 4047 427 4100 contra
444 4035 629 4101 haereticos
644 4035 715 4100 illos
731 4035 863 4118 indixit,
879 4035 1018 4121 illosque
1034 4035 1146 4100 verbis

96 4229 114 4295 ¹)
131 4231 203 4286 ursa
224 4249 245 4285 c
266 4232 293 4288 3.
