2836 4848
245 454 335 509 Lueta
353 455 484 511 Friderici
502 456 533 510 11
550 471 610 512 enm
628 457 688 512 RR.
707 455 890 511 Pontificibus.
1080 456 1131 510 401

32 595 139 660 desidia
161 621 308 685 eousque
332 599 509 683 retardata,
545 601 737 665 Friderieus
760 600 793 664 Π
826 599 996 664 debuisset
1025 601 1134 684 provi·

31 693 90 756 dere
111 694 228 760 bonori
252 719 321 778 suo,
346 708 380 761 et
402 707 523 762 statuto
540 707 687 783 tompore
704 697 838 786 demum
853 707 939 762 stare
954 699 1132 784 promissis,

30 792 77 854 nisi
97 796 189 876 gravi
223 805 256 859 et
279 795 455 859 manifesto
486 797 612 862 motivo
647 795 900 880 impediebatur.
956 795 1023 860 Sed
1051 795 1134 881 ejus·

30 890 99 953 nodi
123 894 287 956 motivum
316 891 406 956 haud
430 894 623 979 apparebat.
676 892 800 958 Saltem
832 891 1000 958 debuisset
1026 893 1133 978 Impe-

28 997 110 1068 rator,
142 992 169 1053 si
201 1012 319 1075 reapse
348 991 481 1056 infirma
512 991 703 1056 valetudine
733 991 956 1073 afficiebatur,
997 991 1133 1056 brevem

26 1097 84 1166 post
97 1107 222 1152 moram
234 1087 347 1153 adhuc
362 1090 479 1154 eodem
495 1101 685 1173 auctumno,
710 1090 838 1155 viribus
852 1092 1021 1172 restitutis,
1046 1089 1132 1153 illieo

25 1203 80 1246 rem
107 1195 260 1271 coeptam
293 1191 458 1274 prosequi.
521 1188 634 1268 Quum
665 1210 762 1271 vero,
793 1191 939 1254 maximo
970 1190 1133 1252 exereitus

25 1277 218 1366 detrimento,
247 1287 282 1349 in
306 1285 445 1351 alterum
469 1308 596 1352 annum
620 1287 867 1372 expeditionem
881 1287 1037 1370 differret,
1062 1308 1132 1372 pro·

25 1374 93 1440 lecto
116 1401 189 1444 eam
204 1387 467 1469 suppositionem
483 1384 698 1472 provocabat,
722 1387 839 1451 inanes
855 1387 969 1471 quaeri
994 1385 1036 1450 ab
1061 1386 1132 1470 ipso

25 1487 210 1556 praetextus.

1143 1569 1230 1609 Motis-s
1250 1581 1303 1608 vcra

98 1575 146 1640 13.
174 1575 363 1661 Caeterum,
388 1581 415 1644 si
430 1579 514 1646 forte
538 1580 581 1646 ob
605 1582 731 1648 calores
746 1583 890 1646 aestivos
911 1580 1039 1646 leviora
1063 1603 1132 1646 sen·
1163 1631 1273 1672 md„

24 1668 108 1734 tiebat
130 1675 355 1758 incommoda,
379 1677 445 1742 alia
468 1688 580 1742 tamen
604 1679 705 1743 fuisse
720 1679 846 1744 motiva
868 1701 958 1762 vera,
982 1678 1024 1743 ob
1049 1701 1133 1765 quae

26 1764 134 1834 distulit
157 1774 408 1858 expeditionem
427 1797 565 1859 sacram,
591 1799 633 1842 ex
647 1799 758 1842 rerum
774 1777 940 1861 colligitur
956 1777 1133 1862 adjunctis,

25 1881 105 1949 atque
127 1891 148 1933 a
170 1873 380 1955 gravissimis
404 1873 596 1939 auctoribus
616 1875 687 1960 jam
712 1876 945 1959 agnoscitur.¹)
991 1875 1133 1940 Frideri·

23 1981 69 2026 eus
88 1965 119 2030 II
144 1968 315 2053 videlicet,
347 1973 401 2035 vir
423 1971 652 2058 voluptatibus
686 1973 828 2055 deditus,
861 1972 951 2036 baud
980 1974 1026 2036 ita
1055 1973 1133 2038 fidei

23 2083 53 2122 ac
72 2064 223 2150 religioni
249 2069 450 2134 christianae
474 2081 544 2135 erat
566 2071 731 2152 addictus,
756 2081 793 2134 ut
816 2070 930 2135 bellem
953 2093 1076 2134 sueram
1100 2073 1134 2134 in

23 2157 140 2227 Oriente
163 2167 351 2249 gerendum
375 2168 419 2232 ad
443 2169 697 2235 convellendam
722 2168 963 2234 Saracenorum
987 2167 1134 2233 domina·

22 2257 127 2324 donem
152 2265 183 2327 ei
210 2275 342 2347 gratum
373 2277 458 2330 esset
485 2277 586 2352 atque
617 2267 697 2332 utile
729 2267 909 2332 videretur.
955 2266 1134 2350 Negotium

21 2363 109 2420 terrac
141 2373 280 2426 sanctae
310 2363 456 2428 babebat
486 2367 595 2450 potius
625 2375 663 2430 ut
695 2367 921 2451 quaestionem
953 2364 1132 2450 politicam,

21 2470 102 2534 quam
126 2461 329 2525 tractatione
360 2461 575 2547 diplomatica
603 2463 730 2528 solvere
753 2462 935 2546 satagebat.
981 2463 1031 2526 Eo
1056 2473 1133 2527 tem·

19 2569 91 2633 pure,
115 2577 223 2642 quum
246 2557 397 2624 Saladini
421 2563 543 2646 posteri
571 2583 611 2625 ac
643 2561 801 2626 haeredes
825 2562 928 2624 variis
959 2561 1134 2626 discordiis

20 2661 44 2710 et
61 2652 154 2718 luctis
179 2666 293 2720 essent
316 2655 427 2738 divisi,
452 2657 685 2743 Hierosolyma
710 2669 742 2722 et
757 2659 948 2744 adjacentes
971 2661 1133 2745 regiones,

19 2770 87 2832 quae
109 2765 214 2820 antea
236 2755 299 2819 sub
324 2754 471 2820 dominio
495 2756 628 2822 fuerant
657 2756 777 2822 sultani
802 2757 971 2839 Damasei,
1003 2759 1038 2820 in
1062 2779 1133 2843 pos·
1174 2773 1176 2776 ·

19 2851 167 2916 sesionem
195 2863 361 2917 venerant
384 2853 506 2918 sultani
530 2857 676 2940 Aegypti
701 2855 814 2919 Malek
838 2853 870 2918 al
893 2854 1022 2920 Kamel,
1048 2854 1132 2920 Cum

18 2943 67 3010 hoe
88 2971 165 3035 rege
192 2952 295 3035 igitur
318 2962 478 3016 secretam
503 2955 760 3038 negotiationem
788 2955 909 3016 inierat
933 2952 1132 3034 Friderious,

17 3065 137 3128 sperans
161 3049 245 3130 fore,
270 3060 307 3113 ut
330 3053 513 3115 cessionem
543 3052 637 3116 urbis
660 3073 774 3116 sacrae
798 3063 831 3115 et
852 3050 1038 3135 adjacentis
1061 3073 1133 3137 pro·

17 3143 144 3228 vinciae,
170 3146 307 3210 foedere
331 3149 519 3231 constituto,
544 3148 718 3213 obtineret.
773 3148 885 3228 Quum
910 3169 988 3212 vero
1013 3150 1133 3234 prinei-

17 3240 101 3322 pibus
124 3243 277 3310 Orientis
301 3255 378 3310 nota
402 3255 489 3310 esset
512 3246 641 3311 indoles
663 3247 887 3332 Imperatoris,
918 3248 975 3331 qui
1000 3245 1132 3312 Sarace-

17 3339 59 3402 nis
81 3341 113 3405 in
137 3339 258 3406 Sicilia
283 3342 481 3428 degentibus
504 3345 652 3410 favorem
677 3345 877 3430 praestabat,
909 3345 1039 3428 Kamel,
1071 3347 1133 3411 Ae·

16 3441 97 3520 gypt
120 3463 195 3522 rex,
222 3441 313 3504 haud
337 3441 465 3523 abnuit,
498 3445 608 3508 amica
631 3442 775 3530 quadam
800 3444 1024 3526 negotiatione
1047 3443 1132 3528 lega·

18 3535 51 3598 tis
71 3550 102 3600 et
123 3537 246 3603 litteris
271 3540 437 3626 utrimque
452 3543 560 3606 missis
577 3563 652 3606 cum
669 3541 872 3626 Imperatore
887 3551 1038 3622 tractare,
1063 3563 1132 3626 spe·

19 3651 93 3715 rans,
116 3657 151 3699 se
177 3657 256 3700 cum
284 3635 495 3722 Imperatoris
518 3639 643 3704 auxilio
668 3639 834 3703 Damasco
859 3658 990 3724 quoque
1013 3640 1132 3723 potitu-

18 3749 79 3794 rum
102 3755 186 3798 esse.
234 3732 300 3799 Sed
318 3756 430 3800 mense
445 3737 595 3822 Augusto
619 3739 698 3802 anni
718 3739 803 3802 1227
828 3735 976 3801 nondum
1000 3759 1038 3802 eo
1063 3759 1132 3822 per-

20 3843 177 3914 venerant,
205 3844 241 3896 ut
255 3835 433 3898 conventio
458 3835 570 3922 aliqua
594 3835 647 3900 vel
671 3857 739 3921 pax
755 3835 911 3900 conclusa
926 3844 1019 3915 esset,
1037 3835 1132 3898 adeo·

19 3945 72 4007 que
94 3927 270 3995 molestum
300 3943 333 3995 et
356 3933 615 4020 inopportunum
640 3937 751 3998 visum
775 3943 824 3998 est
846 3933 1054 4018 Imperatori,
1078 3955 1132 3997 ex·

27 4226 43 4276 B
67 4153 305 4288 5‘¹))sClr.7B1dan
330 4153 421 4208 Storia
446 4154 560 4210 d’ltalia
583 4157 613 4210 L.
632 4155 720 4210 XXV.
742 4171 769 4210 n.
789 4154 849 4208 XX.
869 4153 1133 4222 Brother-Stolberg

45 4263 104 4284 ..
140 4275 147 4288 .
168 4237 201 4290 11
223 4277 229 4290 .

69 4329 204 4383 Jungmnn,
219 4334 405 4374 Dlssertatlones.
420 4335 485 4376 Tem.
499 4337 525 4376 V.
972 4323 1007 4375 25
