2836 4848
241 481 329 536 Lucts
347 479 478 534 Friderici
498 481 527 534 11
544 495 604 534 cum
622 479 681 536 RR.
700 478 883 534 Pontificibus.
1072 480 1126 532 413

31 645 117 708 pesa
137 624 285 690 Pontifice
318 623 477 689 obtritum
501 625 557 705 iri,
587 624 614 687 si
638 625 877 709 Imperatorem
901 645 979 688 suae
1003 624 1126 688 manci-

29 733 124 806 passet
155 723 308 788 servituti.
320 723 344 804 ¹)
414 721 463 785 Eo
503 720 664 786 audaciae
705 722 883 807 processit,
908 730 944 785 ut
980 732 1124 806 negaret,

28 818 198 904 Gregorium
221 819 333 884 valere
357 820 562 900 auctoritate,
587 840 653 904 qua
668 820 777 903 ipsum
801 819 843 883 ab
860 819 1011 884 Ecclesia
1035 841 1126 905 prae-

27 917 123 980 cidere
148 919 300 1004 potuerit,
337 928 438 1002 utque
468 926 676 981 sacramenta
707 938 828 1000 magno
856 917 1029 1002 sacrilegio
1061 917 1124 982 sibi

24 1013 211 1079 anathemate
249 1015 361 1078 defixo
396 1015 439 1078 ad
480 1015 663 1100 impietatis
707 1017 958 1080 ostentationem
1001 1018 1125 1102 porrigi

18 1111 145 1196 juberet.
523 1101 526 1106 ¹

101 1213 147 1274 27.
177 1211 272 1275 Tunc
296 1209 452 1275 Pontifex
481 1210 582 1273 etiam
606 1209 648 1274 de
672 1210 834 1296 ejusmodi
863 1209 1030 1277 haeretica
1055 1213 1125 1276 Fri-

20 1309 112 1372 derici
133 1309 291 1374 sententia
320 1307 426 1372 aede
454 1305 528 1370 aliis
559 1307 671 1392 impiis
704 1307 775 1393 ejus
803 1308 1040 1375 assertionibus
1071 1310 1125 1374 die

21 1407 52 1469 1¹³
73 1406 147 1471 Julii
176 1429 206 1470 a.
240 1407 327 1470 1239
359 1405 402 1470 sd
433 1403 615 1491 praesules,
647 1427 740 1489 reges
770 1415 804 1469 et
837 1408 1005 1493 principes
1033 1407 1126 1473 dedit

18 1505 182 1588 epistolam,
208 1507 242 1570 in
266 1527 333 1590 qua
357 1506 444 1568 inter
465 1502 531 1566 alia
555 1502 687 1567 scribit:
724 1503 835 1590 Sisque
859 1505 1037 1591 affirmans,
1061 1529 1126 1570 non
1147 1510 1296 1612 seraptenas.

16 1625 73 1666 esse
95 1604 175 1690 apud
198 1601 373 1666 Ecclesiam
397 1625 417 1663 a
441 1601 579 1665 Domino
603 1600 693 1664 beato
711 1601 805 1665 Petro
829 1607 948 1692 atejus
972 1583 1295 1675 successo-'lllsseiiuf

17 1701 94 1764 η’ὂω
114 1700 237 1786 lipaudi
261 1711 353 1784 atque
369 1697 513 1762 soluendi
531 1698 685 1762 traditam
704 1711 904 1785 potestatem,
930 1701 1004 1765 dum
1020 1703 1124 1766 baere-
1190 1701 1245 1736 ¹⁸¹⁶·

14 1802 66 1860 am
88 1801 214 1877 amerit,
244 1799 379 1884 proprio
403 1797 466 1860 sibi
496 1807 677 1882 arpumento
708 1798 877 1878 concludit,
906 1811 1126 1884 consequenter

14 1897 176 1978 accadens,
201 1896 285 1980 quod
307 1894 389 1958 male
414 1894 591 1957 sentiatde
615 1897 747 1957 caeteris
769 1895 845 1972 fidei
858 1897 1051 1961 orthodoaae
1075 1921 1126 1961 ar-

14 1993 114 2072 ticulis,
146 1995 222 2058 dum
252 1993 413 2056 Ecclesiae
445 2015 540 2078 super
569 2015 662 2077 quam
683 1993 769 2076 fides
790 1993 940 2079 fundata
971 1997 1125 2075 consistit,

13 2093 128 2178 auferre
161 2093 279 2156 nititur
308 2112 485 2154 concessum
506 2089 598 2153 aerbo
622 2091 687 2154 Dei
713 2091 918 2177 pricilepium
942 2096 1124 2179 potestatis.

12 2191 67 2254 ded
88 2192 165 2275 qaia
181 2189 284 2252 minua
309 2189 384 2252 bene
408 2187 448 2251 ab
464 2186 623 2273 aliquibus
638 2187 725 2251 credi
738 2201 854 2274 posset,
879 2192 962 2275 quod
977 2214 1009 2254 se
1026 2191 1126 2256 uerbis

11 2289 226 2374 illaqueaverit
259 2289 325 2350 oris
358 2288 426 2364 sui,
451 2285 658 2372 probationes
685 2289 720 2349 in
752 2287 831 2368 fidei
858 2291 1025 2353 uictoriam
1055 2301 1127 2354 sunt

7 2399 147 2472 paratae,
173 2385 257 2470 quod
278 2387 337 2449 iste
360 2407 419 2448 reu
435 2383 652 2470 pestilentiae,
677 2386 880 2471 (asseruerit)
906 2410 927 2449 a
950 2387 1050 2452 tribus
1074 2387 1126 2452 ba-

10 2483 212 2564 ratutoribua,
248 2494 284 2547 at
315 2487 383 2572 ejus
411 2483 515 2546 uerbis
546 2493 690 2558 utamur,
726 2481 844 2546 scilicet
880 2483 1006 2550 Christo
1036 2486 1126 2565 Jesu,

11 2585 107 2670 lloyse
142 2592 176 2646 et
209 2582 399 2662 Madameto,
438 2589 533 2642 totum
561 2579 709 2643 mundum
738 2579 846 2665 secisse
880 2583 1060 2669 deceptum,
1098 2595 1128 2645 at

10 2683 119 2747 duobus
159 2702 268 2744 eorum
303 2681 339 2742 in
368 2677 473 2764 picria
503 2678 654 2755 mortuis,
686 2680 790 2763 ipsum
824 2680 936 2743 Jesum
972 2683 1008 2744 in
1041 2679 1127 2765 liqna

8 2801 186 2866 suspensum
210 2776 377 2862 mniferu
394 2797 589 2862 proponens.
641 2776 776 2862 Insuper
806 2777 951 2842 dilucida
982 2801 1053 2842 voce
1077 2779 1126 2865 af·

8 2877 120 2947 timeare
156 2875 208 2939 cel
235 2875 346 2960 potius
376 2874 504 2936 mentiri
529 2874 760 2958 praesumpsit,
794 2875 878 2960 quod
908 2898 1012 2940 omlnes
1034 2877 1129 2963 fatui

7 2989 65 3040 aaut
86 2977 148 3063 qui
174 2972 315 3052 credunt,
340 2973 431 3036 nasci
454 2970 492 3034 dc
523 2971 649 3056 Virpine
672 2973 785 3051 Deum,
819 2976 873 3058 qui
895 2975 1014 3037 creauit
1036 2985 1128 3037 natu.

7 3099 60 3138 ram
82 3086 115 3138 ct
141 3072 264 3150 omnia,
279 3071 437 3156 potuisse,·
459 3070 539 3132 banc
555 3069 708 3132 haeresim
730 3069 787 3134 illo
811 3094 917 3135 errore
930 3071 1127 3158 confirmans,

6 3175 74 3258 quod
103 3169 223 3236 nullrcs
254 3169 345 3231 nasci
369 3168 488 3253 potuit,
521 3171 610 3255 cujus
642 3179 822 3253 conceptum
850 3169 913 3232 oiri
935 3179 965 3232 ct
987 3169 1128 3233 mulieris

6 3270 177 3360 conjunctio
202 3289 268 3330 aon
288 3266 478 3352 praecessit,·
502 3275 532 3328 et
553 3265 641 3328 bomo
664 3263 748 3328 nibil
765 3265 855 3330 debet
877 3265 970 3329 aliud
992 3264 1128 3343 medere,

6 3371 57 3432 uisi
83 3365 180 3458 quood
207 3374 317 3451 potest
345 3365 378 3428 oi
408 3373 439 3426 et
468 3363 594 3426 ratione
623 3373 758 3426 naturae
784 3363 935 3449 probare.
988 3365 1077 3428 Haec
1100 3373 1130 3427 et

7 3467 61 3530 ulia
79 3463 205 3541 malta,
236 3460 349 3547 quibus
371 3459 474 3524 uerbis
498 3471 527 3523 et
540 3460 646 3546 factis
675 3461 861 3525 catholicam
880 3461 981 3545 fidem
1010 3463 1129 3548 impep-

6 3568 76 3630 cnn't
100 3577 136 3629 et
163 3563 343 3646 impupnat,
372 3581 428 3622 suo
454 3557 519 3621 loco
545 3567 574 3620 et
597 3569 733 3644 tempore
766 3561 847 3624 sicut
877 3560 963 3624 decet
986 3569 1016 3624 et
1039 3583 1130 3645 eape-

7 3663 42 3726 la
63 3659 243 3748 manifeste
262 3667 414 3742 potenmt
436 3655 676 3741 comprobari.²)

75 3783 136 3846 28.
158 3775 313 3840 Effatum
326 3769 557 3857 blasphemum
568 3771 607 3833 de
620 3773 720 3836 tribus
732 3773 956 3859 impostoribus
969 3797 989 3837 a
1000 3773 1130 3838 Thoma

8 3879 245 3965 l'antipratano
269 3866 470 3934 adscribitur
493 3868 621 3933 Simoni
645 3869 859 3952 Toruaoensi,
889 3871 1015 3935 doctori
1039 3871 1130 3934 Pari·

7 3977 104 4042 riensi:
156 3969 345 4054 „Magister
367 3966 483 4032 Simon
507 3966 548 4031 de
572 3967 734 4050 Tornaco,
766 3969 894 4049 scribit,
927 3969 1063 4034 Parisiis
1094 3970 1130 4033 in

14 4119 217 4135 -.-...---

62 4198 78 4264 ¹l
102 4196 141 4248 v,
165 4183 308 4254 Raynald
328 4183 363 4238 ad
381 4199 405 4240 a
427 4182 504 4240 1239.
523 4199 568 4237 un.
591 4183 622 4236 17
642 4197 698 4248 sqq.

62 4283 81 4346 Ι·)
103 4267 254 4340 Rnyuald
276 4281 301 4320 a
321 4265 398 4319 1239.
418 4281 444 4320 u.
463 4264 506 4319 26.
