3000 4838
435 485 476 540 De
493 485 638 540 donatione
658 485 841 540 Constantini.
1164 488 1199 541 27

100 627 258 715 diplomate
294 650 361 692 non
400 638 553 714 quartus,
592 629 650 694 sed
685 627 851 693 secundus
884 629 977 694 locus
1006 626 1200 715 adsignatus

98 727 204 810 fnisset,
227 749 288 791 nec
313 727 413 790 tantis
437 727 595 791 encomiis
619 726 793 790 ecclesiam
807 727 993 792 Romanam
1016 736 1199 792 ornassent.

97 823 252 889 Praeterea
274 834 402 888 textum
426 845 583 908 graecum
600 825 786 889 versionem
814 845 885 888 ease
909 847 951 888 ex
975 824 1133 891 idiomate
1156 824 1200 891 la-

18 925 19 956 ³
97 926 164 1006 tino,
186 922 305 988 eruditi
324 923 397 1008 jam
421 925 636 988 conveniunt.
645 925 669 1004 ι)

171 1039 220 1102 34.
267 1036 365 1102 Multi
404 1038 604 1120 existimant,
643 1036 768 1100 Romae
804 1034 1012 1103 Constantini
1051 1038 1198 1124 diploma
1215 1038 1252 1078 ΛΠ
1266 1039 1364 1080 ΒΜ·

97 1135 256 1199 confictum
289 1135 400 1216 fuisse,
431 1145 468 1199 ut
496 1137 685 1199 sanatione
709 1137 847 1220 antiqua
870 1134 1088 1200 fundamenta
1111 1137 1199 1222 prin-

97 1235 207 1320 cipatus
230 1231 341 1298 civilis
364 1233 589 1298 Romanorum
606 1232 805 1297 Pontificum
831 1233 1061 1300 conderentur.
1101 1234 1199 1299 Hanc

96 1333 274 1396 sententiam
307 1332 391 1394 varii
423 1339 573 1394 auctores
606 1340 675 1395 tum
711 1329 864 1394 catholici
888 1340 959 1394 tum
984 1339 1201 1416 protestantes

18 1503 19 1512 χ
95 1439 329 1514 proposuerunt.
375 1429 492 1493 Petrus
523 1427 564 1492 de
588 1428 703 1493 Marsa
735 1430 899 1514 opinatur,
937 1427 1020 1492 illud
1053 1428 1200 1493 edictum

18 1513 19 1530 ¹
90 1529 171 1612 jussu
185 1527 411 1592 Romanorum
425 1526 625 1594 Pontificum
649 1548 826 1612 procusum
851 1527 952 1590 fuisse
975 1528 1032 1612 pia
1055 1526 1200 1612 quadam

94 1624 251 1690 industria.
299 1625 399 1688 Anno
423 1622 550 1688 scilicet
574 1624 637 1688 767
670 1625 897 1710 repetentibus
920 1625 1037 1710 legatis
1062 1625 1201 1711 Cptanis

94 1723 238 1809 aPipino
264 1724 415 1806 regiones
437 1721 562 1792 Italiae,
581 1744 663 1808 quas
687 1743 747 1786 rex
771 1721 930 1787 ecclesiae
954 1724 1124 1787 Romanae
1147 1724 1201 1787 tri·

94 1819 203 1902 tuerat,
233 1821 385 1886 Joannes
408 1818 632 1884 subdiaconus
657 1829 689 1884 et
712 1819 917 1906 Pamphilus,
950 1819 1049 1905 legati
1074 1829 1201 1907 aposto-

18 1931 19 1950 *
92 1917 163 1982 licae
184 1917 291 1998 Sedis,
318 1919 518 1982 mentionem
543 1919 729 2004 injecerunt
752 1917 925 1984 haereseos
949 1917 1201 1984 iconoclasticae

92 2013 250 2081 aGraccis
275 2017 364 2080 fotae
388 2025 502 2080 contm
516 2016 651 2080 Patrum
676 2016 899 2083 traditionem.
946 2017 1034 2081 Dein
1059 2038 1137 2081 vero
1159 2016 1202 2081 de

93 2116 178 2178 variis
199 2114 378 2199 legationis
402 2113 567 2198 capitibus
591 2135 667 2177 cum
692 2111 831 2179 Graecis
859 2137 969 2179 coram
994 2114 1114 2200 Pipino
1139 2113 1202 2178 dis·
1276 2111 1281 2116 ’

92 2221 252 2295 captarunt
277 2219 377 2296 atqua
390 2212 424 2274 in
441 2219 608 2275 conventu
625 2208 864 2276 Gentiliacensi
889 2235 928 2276 ea
943 2211 1092 2276 discussa
1115 2220 1201 2276 sunt.

93 2307 269 2373 Verisimile
293 2310 404 2395 itaque
422 2307 555 2388 ridetur
571 2307 762 2374 doctissimo
786 2311 869 2392 viro,
894 2320 973 2373 tunc
985 2310 1025 2374 de
1039 2331 1202 2374 consensu

95 2403 187 2492 Pipini
219 2407 312 2491 regie
344 2408 566 2490 excogitatam
599 2406 700 2471 fuisse
733 2406 945 2472 donationem
981 2409 1200 2487 Constantini,

92 2523 145 2587 qna
165 2506 353 2590 pertinacia
369 2503 576 2589 Cptanorum
600 2503 872 2590 retunderetur.¹)
895 2543 939 2553 -
967 2504 1111 2586 „Verum
1127 2505 1202 2590 quis

91 2601 199 2685 credat,
223 2604 274 2668 ait
297 2603 414 2666 merito
436 2601 566 2666 Natalis
589 2601 792 2686 Alexander,
817 2602 974 2690 Pipinum
998 2603 1202 2667 consensisse
1283 2655 1286 2664 .

92 2698 243 2784 figmento,
269 2699 362 2786 quod
378 2721 471 2764 suam
488 2701 523 2763 in
540 2693 725 2764 Rom'anam
742 2698 914 2765 eeclesiam
939 2701 1201 2765 munificentiam

92 2796 262 2864 deleturum
288 2806 361 2862 erat
383 2819 426 2861 ex
448 2796 622 2862 hominum
647 2799 829 2863 memoria?
877 2799 960 2880 Quis
984 2797 1047 2862 sibi
1071 2821 1202 2885 persua·

93 2893 166 2978 dest,
182 2897 327 2962 Paulum
342 2896 361 2959 I
383 2896 571 2983 piissimum
586 2896 782 2976 Pontificem
799 2897 985 2962 istiusmodi
1001 2896 1202 2982 imperasse?

92 2993 163 3073 Quis
184 2996 381 3081 suspicetur,
406 2991 499 3057 illum
524 2995 580 3080 qui
596 2993 716 3080 Pipino
741 2996 853 3059 omnia
869 3004 1006 3081 accepta
1029 2994 1201 3078 referebat,

92 3090 221 3157 voluisse
245 3112 435 3178 supponere
458 3090 620 3174 edictum,
653 3090 742 3177 quod
765 3090 878 3177 Pipini
902 3091 1065 3156 beneficia
1089 3091 1202 3156 oblite·

92 3189 237 3270 meatu)

167 3307 220 3371 35.
268 3305 388 3370 Nostro
424 3317 572 3390 tempore
602 3307 689 3368 inter
711 3303 794 3372 alios
818 3302 994 3390 Ddllinger
1017 3306 1202 3371 Romanam
1231 3335 1353 3375 assensa.

92 3405 240 3488 originem
279 3402 470 3488 diplomatis
502 3401 712 3468 Constantini
752 3401 903 3488 pluribus
935 3404 1076 3488 probare
1111 3406 1203 3468 nisus

91 3503 170 3582 est.⁴)
214 3501 424 3584 Argumenta
454 3522 539 3586 quae
572 3499 648 3564 huic
672 3491 891 3586 suppositioni
915 3500 1029 3566 favent
1052 3500 1095 3566 ad
1119 3501 1202 3567 haec

92 3597 192 3663 reduci
215 3608 365 3685 possunt.
398 3598 509 3678 Quum
535 3597 746 3663 Constantini
777 3599 907 3664 matio
931 3599 965 3662 iu
990 3599 1202 3664 commodum

92 3691 175 3761 Sedis
189 3697 360 3761 Romanae
375 3698 513 3783 ejusque
535 3696 613 3761 cleri
629 3696 752 3760 directe
769 3707 893 3782 vergat,
918 3695 995 3760 inde
1015 3697 1086 3782 jam
1110 3718 1203 3780 prae·

110 3851 293 3860 —-·——.-.-.—-

155 3936 174 4000 ¹)
192 3933 247 3991 Gir.
268 3933 389 3988 Grauert
407 3933 424 3987 l.
444 3949 466 3990 c.
485 3933 533 3988 Ν.
808 3999 809 4002 ¹

156 4017 175 4084 ²)
192 4016 233 4071 De
251 4014 394 4070 eoncordia
411 4013 517 4069 sacerd
537 4017 567 4068 et
584 4011 695 4080 Imperii
713 4012 744 4068 L.
763 4013 813 4070 III.
832 4030 854 4070 c.
876 4017 918 4068 12.
941 4013 996 4068 Otr.
1017 4013 1107 4068 Natal.
1122 4012 1202 4069 Alex.

94 4091 123 4146 u
139 4095 245 4153 acciit
263 4096 338 4150 Saea
357 4093 406 4148 IV.
425 4093 540 4148 Dissert
558 4093 644 4148 XXV.
663 4093 724 4148 Art.
744 4094 795 4150 111.

155 4175 448 4322 ΞζΙΙῖἰοῦυΡειικιίεὶηὶΙιι,
467 4253 500 4310 V.
520 4253 571 4309 Die
589 4253 753 4323 Schenkung
772 4254 959 4310 Constantina.
