2852 4836
309 449 361 505 138
469 405 473 416 ι
522 451 622 505 XXXI.
643 451 682 506 De
701 451 848 506 abolitione
867 451 975 505 Ordinis
994 450 1209 520 Templariorum

308 593 553 659 attribuendam
579 615 660 659 esse.
708 593 874 674 Vidimus,
907 593 1112 658 Clementem
1137 593 1201 658 bac
1225 595 1257 658 in
1278 617 1312 656 re
1331 594 1397 676 rigo·

308 713 377 756 rem
402 695 627 757 necessarium
651 692 844 772 ostendisse,
870 691 1098 777 Ordinemque
1122 690 1166 755 ab
1190 712 1228 755 eo
1252 691 1398 754 coaluisse

307 811 519 876 suppressum
560 801 596 854 ut
631 790 762 854 cederet
795 789 968 875 Philippo,
1009 789 1067 854 sed
1103 791 1182 875 quia
1215 789 1398 874 gravissimas

307 887 446 952 aderant
484 891 639 954 rationes.
682 925 719 936 —
763 887 996 952 Confessiones
1030 886 1293 972 Templariorum
1327 887 1399 948 unire

307 995 442 1070 propter
464 996 628 1052 tormenta
653 997 685 1051 et
710 997 833 1051 metum
859 986 963 1050 iactas
993 1007 1076 1066 esse,
1107 988 1216 1071 iisque
1246 983 1324 1049 nibil
1349 1005 1401 1068 pro·

308 1083 391 1164 bari,
416 1084 482 1148 dici
497 1087 621 1170 nequit,
646 1087 693 1148 uti
707 1107 748 1148 ex
764 1084 861 1149 dictis
885 1083 1060 1168 colligitur.
1091 1083 1186 1148 Multi
1202 1083 1401 1147 confessisunt

308 1184 379 1245 siue
412 1184 593 1248 tormentis,
650 1181 825 1247 Caeterum
859 1181 1103 1246 admittendum
1135 1191 1194 1264 est,
1228 1203 1293 1246 non
1316 1201 1403 1244 omncs

169 1315 183 1343 n
215 1314 288 1342 eor·
308 1279 514 1366 Templarios
537 1281 638 1346 fuisse
662 1303 746 1350 reos.
772 1293 804 1345 et
828 1283 885 1367 qui
910 1291 1120 1365 negaverunt
1143 1281 1285 1344 crimina
1300 1276 1346 1340 rel
1360 1273 1402 1338 suh

184 1438 256 1467 Μ,
308 1382 481 1443 tormentis
505 1379 626 1444 iactam
651 1379 892 1444 confessionem
917 1390 1127 1462 revocarunt,
1161 1387 1334 1464 potuerunt
1354 1393 1404 1436 esso

308 1479 501 1542 innocentes
533 1477 587 1542 vel
617 1477 786 1543 obstinati.
835 1477 887 1542 lix
918 1478 1107 1542 testimonio
1136 1476 1282 1540 auctoris
1306 1473 1413 1542 corso,

306 1576 447 1640 Joannis
503 1573 662 1640 Canonici
719 1600 744 1642 s.
794 1577 942 1639 Victoris
996 1575 1212 1653 Parisiensis,
1277 1567 1413 1656 Magister

307 1695 448 1756 inagnns
472 1672 570 1738 nullis
594 1675 767 1738 tormentis
791 1675 931 1738 affectus
954 1672 1034 1754 fuit,
1066 1682 1178 1738 tamen
1211 1670 1332 1756 pluries
1352 1677 1413 1730 con

306 1773 410 1837 fessus
426 1783 475 1836 est
490 1772 623 1852 abusus,
648 1783 680 1835 et
703 1781 817 1858 postea
841 1773 954 1836 omnia
969 1772 1115 1856 negarit.
1147 1768 1271 1836 Scribit
1285 1767 1408 1832 1Ιοιιιιιι

306 1868 443 1953 loquens
481 1868 522 1933 de
558 1869 820 1955 depositionibus
844 1869 1120 1954 Templariorum.
1176 1869 1302 1944 „Tertii
1325 1867 1408 1952 prim

305 1967 443 2052 confessi
480 1979 566 2045 sunt,
607 1969 663 2032 aad
701 1969 851 2032 diruerunt
883 1979 1012 2054 posteo,
1053 1990 1084 2030 ae
1119 1967 1265 2030 merrtitor
1302 1973 1409 2050 propter

306 2065 527 2128 vehementiam
565 2076 795 2152 tormentorum.
848 2065 898 2128 De
931 2065 1042 2150 quibus
1079 2087 1144 2128 noa
1172 2063 1247 2150 fait
1277 2063 1404 2146 anist

304 2161 472 2248 perreralir,
497 2164 573 2246 quia
596 2166 663 2226 siae
687 2165 772 2226 omrai
796 2172 948 2226 tormento
972 2184 1095 2226 errores
1112 2160 1263 2248 plenarie
1289 2177 1411 2243 rcropno

303 2261 358 2324 oit
408 2260 476 2324 Nee
499 2271 544 2324 est
567 2261 747 2340 verisimile,
778 2259 862 2346 qnod
893 2263 956 2324 oiri
986 2272 1051 2326 tom
1074 2259 1206 2340 nobiles,
1237 2259 1319 2323 sicut
1342 2253 1412 2318 arodi

304 2359 462 2422 intereos
486 2369 586 2440 crant,
618 2382 755 2444 anquam
779 2368 901 2423 tantam
930 2357 1086 2422 vilitatem
1108 2368 1338 2444 copnoscereat,
1367 2350 1413 2414 nisi

303 2457 457 2519 veraciter
480 2457 528 2520 ito
561 2468 649 2520 esset.
658 2455 681 2536 ¹)
728 2455 977 2540 Denegatioues
1000 2455 1266 2541 Templariorum
1293 2454 1347 2539 qni
1369 2451 1414 2544 Ριι1

304 2555 391 2618 risile
416 2553 579 2618 combusti
603 2567 688 2634 sunt,
715 2553 860 2618 valorem
878 2553 1097 2619 sufficientem
1114 2565 1230 2618 contra
1246 2551 1313 2616 alia
1330 2539 1414 2614 muri

304 2661 500 2734 argumenta
524 2673 589 2716 non
607 2651 741 2716 habent.
773 2651 940 2716 Videntur
954 2651 1055 2716 fnisse
1069 2653 1190 2736 partim
1215 2639 1414 2736 perscrutati

304 2747 471 2830 obstinati,
498 2745 617 2834 partim
642 2751 724 2814 forte
749 2751 950 2816 innocentes.

392 2891 445 2956 52.
464 2891 653 2955 Difficulter
669 2903 805 2956 consent
820 2890 922 2977 aliqui
938 2892 1069 2955 admitti
1086 2911 1194 2976 posse,
1220 2891 1255 2953 iu
1269 2887 1414 2954 Ordinem

304 2987 396 3052 illum
427 3001 611 3075 equestrem
645 3003 711 3054 tarn
744 2989 925 3055 horrendos
960 2989 1094 3069 abusus,
1136 2999 1173 3050 ut
1206 2987 1374 3052 sodomiae
1394 2993 1414 3042 d

303 3085 534 3170 abnegationis
558 3087 647 3166 fidei,
672 3089 852 3173 irrepsisse,
884 3111 946 3152 neo
971 3088 1101 3172 concipi
1127 3107 1232 3172 posse,
1265 3079 1414 3170 quomodo

303 3185 413 3248 statim
446 3185 478 3249 in
511 3187 659 3270 ingressu
684 3189 823 3270 permoti
853 3186 977 3252 fuerint
1000 3185 1161 3252 Ordinem
1195 3183 1414 3268 ingredientes

303 3292 339 3345 ut
370 3285 452 3346 ritus
484 3282 556 3349 illos
594 3283 837 3349 abominabiles
868 3283 1093 3350 observarent.
1148 3281 1232 3347 Inde
1274 3297 1414 3362 magnust

302 3381 544 3466 praejudicium
585 3405 656 3448 esse
696 3381 916 3464 concludunt,
956 3380 1163 3466 Templarios
1202 3377 1294 3444 haud
1333 3378 1414 3442 fuiss:

301 3501 384 3546 reos.
420 3517 457 3528 -
492 3479 557 3544 Sed
582 3480 920 3546 animadvertendum
945 3492 1004 3562 est,
1038 3480 1117 3544 dum
1142 3481 1254 3563 agitur
1278 3477 1319 3540 de
1343 3476 1414 3539 farn

303 3575 473 3660 historice,
503 3577 674 3644 fidendum
699 3601 766 3644 non
790 3601 861 3644 esse
886 3578 1100 3664 praejudiciis
1124 3589 1156 3642 et
1180 3573 1414 3662 hypothesibus

302 3674 359 3739 sed
384 3687 579 3760 argumenta
603 3698 674 3740 esse
698 3676 933 3759 examinanda.
966 3675 1059 3742 Haec
1082 3697 1160 3740 vero
1185 3672 1318 3758 culpam
1337 3671 1412 3734 Tcru

313 3873 519 3880 ——————--

377 3987 395 4050 ¹l
414 3985 506 4040 Prius
525 3985 591 4040 Vita
610 3985 756 4040 Clementia
775 3986 807 4040 V.
845 3988 895 4054 Ap.
915 3985 1008 4043 Balut
1026 3993 1048 4040 t.
1068 3985 1089 4040 I.
1110 4001 1135 4054 p.
1154 3988 1199 4041 22.
1218 4015 1253 4026 -
1272 3983 1366 4052 Quoad
1383 3981 1414 4034 n

301 4065 395 4122 cobunr
425 4065 459 4120 de
479 4065 569 4133 liolay
602 4065 664 4120 ride
694 4079 764 4134 qnae
795 4063 878 4121 hebet
897 4065 1058 4135 christophe
1089 4065 1107 4122 l.
1134 4081 1157 4122 c
1185 4065 1257 4120 ‘M
1291 4063 1412 4118 Nosces

300 4145 392 4200 Plenas
407 4144 602 4215 Jmtillcatlres
620 4159 647 4198 ιι.
667 4145 745 4203 XIII.
783 4145 820 4201 Oe
839 4144 917 4213 qu'on
943 4146 1002 4200 doit
1029 4159 1125 4215 pomer
1152 4145 1189 4200 dn
1217 4143 1301 4214 grand
1333 4145 1414 4198 main

301 4227 422 4294 Jacqrres
441 4226 475 4281 de
494 4226 591 4293 llolay.
