2858 4834
318 1175 323 1194 1

162 1737 320 1782 alternorum

196 1802 285 1852 cptnlo.

333 460 389 516 228
566 458 652 514 XXV.
676 460 718 514 De
736 474 818 514 eausa
835 475 856 514 a.
875 459 993 516 Thomas
1011 460 1226 518 cantuariensis.

334 624 399 690 que
420 611 571 689 peterent
593 625 613 668 a
636 603 768 672 Joanne
792 603 913 668 XXIII
942 603 1127 669 secundum
1151 604 1316 670 Hadriani
1347 625 1418 674 exon

332 701 425 788 plum
441 700 691 766 translationem
713 723 854 766 coronae
869 701 1052 767 Hiberniae
1076 704 1111 766 in
1127 702 1323 769 Eduardum
1338 704 1418 768 Bruu

333 819 433 886 quem
456 799 520 884 ipsi
543 789 738 884 prinoipem*
754 821 851 866 suum
874 821 945 864 esse
962 799 1129 865 volebant.
1175 800 1266 866 Hinc
1290 824 1385 887 quum
1404 815 1418 892 1

332 919 372 961 ea
395 895 534 981 epistola
563 907 746 983 urpumauto
770 897 815 960 ad
837 898 989 961 bominem
1020 899 1147 962 motiva
1180 898 1379 963 deducerent
1404 909 1418 980 1

331 996 526 1081 petitionem
540 1015 633 1058 suam
657 993 871 1077 fulciendam,
894 994 986 1059 locus
1009 1016 1077 1059 non
1101 1005 1180 1078 erat,
1205 1007 1242 1061 ut
1258 997 1329 1083 ejus
1346 1007 1418 1082 genu

331 1095 470 1160 nitatem
492 1091 683 1157 indubium
702 1103 871 1158 vocarent.
910 1091 1085 1158 Caeterum
1102 1093 1193 1180 apud
1208 1094 1373 1159 Hibernos
1387 1095 1418 1158 sal

332 1191 406 1256 culo
421 1189 505 1256 XIV
519 1191 667 1275 viguisse
691 1190 903 1256 traditionem
928 1189 984 1254 vel
1008 1192 1209 1276 opinionem,
1227 1192 1387 1258 Hadriani
1401 1191 1418 1257 1

330 1290 527 1374 rescriptum
557 1289 803 1373 supposititium
838 1288 949 1369 fuisse,
984 1287 1095 1373 colligi
1128 1299 1237 1374 potest
1266 1312 1311 1355 ex
1340 1289 1418 1378 littei

331 1387 460 1452 consilli
473 1386 556 1470 regii
565 1384 759 1468 Hiberniae,
775 1407 861 1472 quae
875 1409 895 1450 a
905 1385 1071 1451 Guilelmo
1089 1386 1130 1451 de
1140 1387 1356 1473 Nottingbam
1370 1387 1418 1466 oiri

330 1509 361 1550 a.
388 1484 473 1555 1325
507 1484 668 1548 canonico
702 1482 861 1548 ecclesiae
895 1483 1094 1548 cathedralis
1129 1484 1365 1566 Dublinensis,
1393 1487 1418 1560 ii

331 1605 430 1648 mano
454 1581 608 1646 Pontifici
632 1580 774 1645 traditae
798 1581 942 1649 fuerunt.
989 1583 1028 1646 In
1053 1581 1418 1686 11111111111111111)

332 1682 519 1746 cusationes
544 1686 658 1742 contra
677 1678 843 1743 Hibernos
868 1680 1098 1762 continentum
1122 1681 1209 1744 inter
1231 1680 1300 1746 alia
1324 1683 1418 1756 dicitu

330 1779 515 1844 descrentes
538 1777 645 1855 atium,
678 1777 850 1841 Dominum
872 1801 973 1864 rapam
996 1777 1133 1862 Aupls'oe
1166 1801 1206 1842 eae
1224 1777 1326 1864 falsa
1357 1761 1418 1866 supp

331 1879 433 1950 1111111
457 1887 488 1939 11
511 1898 551 1939 ese
565 1873 671 1959 falcis
694 1873 801 1938 Bullia
825 1885 942 1939 terram
957 1875 1133 1940 Hiberniae
1156 1877 1382 1942 indominica
1400 1880 1418 1980 ‘l

325 1985 490 2062 patrasse,
514 1997 552 2038 uo
566 1973 768 2036 communiter
783 1973 838 2036 boc
862 1972 1042 2060 1111111111)
1068 2010 1111 2020 -
1134 1973 1301 2039 Beronius
1325 1976 1418 2072 quidel

331 2095 374 2138 ex
403 2073 557 2148 1711111111
579 2070 794 2154 manuscr-apto
823 2069 989 2134 Hadriani
1019 2070 1145 2136 litteras
1169 2071 1362 2140 Annalibus
1389 2099 1401 2138 s

328 2169 386 2260 (ad
410 2193 440 2235 a.
466 2165 566 2254 1158)
591 2167 739 2248 inseruit,
772 2167 830 2231 sed
862 2167 944 2232 illud
976 2165 1238 2254 manuscriptum
1273 2171 1414 2236 secundo

328 2266 586 2353 explicationem
600 2265 780 2351 Augustini
798 2266 953 2349 Theiner,
976 2269 1032 2352 qui
1050 2277 1160 2332 nostro
1177 2277 1331 2354 tempore
1345 2269 1416 2334 bibli

325 2365 444 2430 thecae
467 2364 652 2428 Vaticanae
676 2365 830 2449 praefuit,
847 2389 850 2398 “
865 2365 972 2430 codex
1007 2374 1065 2449 est,
1101 2365 1136 2430 in
1159 2388 1224 2452 quo
1257 2371 1415 2453 manscrip

327 2465 516 2528 continetur
554 2463 704 2526 Historia
747 2467 851 2554 major
895 2462 1055 2529 Gulielmi
1093 2463 1212 2529 Parisii
1252 2469 1388 2551 (mortui

328 2562 438 2644 1259),
470 2561 614 2625 auctoris
637 2558 782 2642 levioris,
816 2562 873 2647 qui
894 2560 1067 2646 epistolam
1100 2559 1190 2626 illam
1222 2583 1284 2628 suo
1310 2575 1412 2650 tempo

257 2737 260 2752 ι
326 2669 415 2726 certe
434 2659 505 2745 jam
529 2667 642 2723 notam
666 2660 701 2722 in
725 2681 822 2723 suum
846 2681 928 2745 opus
951 2658 1074 2725 retulit.
1121 2659 1412 2748 Argumentump

325 2759 532 2843 genuinitate
556 2754 715 2841 epistolae
739 2755 817 2819 inde
841 2778 907 2820 non
932 2755 1116 2824 conficitur.
1189 2829 1192 2835 ,

415 2853 580 2920 Omnibus
604 2854 705 2936 igitur
729 2853 947 2920 consideratis
981 2876 1163 2937 censemus,
1195 2857 1319 2939 gravia
1343 2858 1401 2923 ade

326 2962 522 3038 argumenta
568 2961 682 3016 contra
727 2951 934 3016 authentiam
981 2951 1139 3037 epistolae
1182 2951 1355 3020 Hadriani
1394 2955 1407 3020 I

326 3049 439 3130 Quum
464 3070 542 3113 vero
566 3051 788 3135 peremptoria
811 3050 894 3115 forte
918 3050 985 3116 dloi
1017 3060 1194 3137 nequeant,
1225 3057 1400 3140 exposuim

326 3148 406 3234 quid
431 3148 472 3212 de
496 3151 709 3212 concessione
732 3147 898 3213 Hadriani
921 3148 972 3214 IV
1004 3150 1175 3234 supposita
1205 3148 1279 3235 ejus
1316 3155 1415 3216 verita

325 3244 506 3310 dicendum
530 3245 581 3312 eit.

400 3509 421 3582 ¹)
441 3511 474 3566 V.
492 3511 549 3566 The
567 3509 639 3565 Iriab
657 3510 749 3567 eccles.
769 3510 880 3576 Record,
899 3510 917 3565 l.
937 3525 959 3565 c.
977 3525 1003 3580 p.
1023 3511 1066 3564 62.
