<?xml version="1.0" encoding="UTF-8"?>
<!DOCTYPE html PUBLIC "-//W3C//DTD XHTML 1.0 Transitional//EN"
    "http://www.w3.org/TR/xhtml1/DTD/xhtml1-transitional.dtd">
<html xmlns="http://www.w3.org/1999/xhtml" xml:lang="en" lang="en">
 <head>
  <title>
</title>
<meta http-equiv="Content-Type" content="text/html;charset=utf-8" />
  <meta name='ocr-system' content='tesseract 3.04.00' />
  <meta name='ocr-capabilities' content='ocr_page ocr_carea ocr_par ocr_line ocrx_word'/>
</head>
<body>
  <div class='ocr_page' id='page_1' title='image "./dissertationess00junggoog_0856.png"; bbox 0 0 2902 4848; ppageno 0'>
   <div class='ocr_carea' id='block_1_1' title="bbox 251 467 1135 536">
    <p class='ocr_par' dir='ltr' id='par_1_1' title="bbox 251 467 1135 536">
     <span class='ocr_line' id='line_1_1' title="bbox 251 467 1135 536; baseline 0 -14"><span class='ocrx_word' id='word_1_1' title='bbox 251 469 293 524; x_wconf 91' lang='lat' dir='ltr'><strong><em>De</em></strong></span> <span class='ocrx_word' id='word_1_2' title='bbox 311 467 426 524; x_wconf 77' lang='lat' dir='ltr'><strong>decretis</strong></span> <span class='ocrx_word' id='word_1_3' title='bbox 444 467 576 524; x_wconf 77' lang='lat' dir='ltr'>sessionis</span> <span class='ocrx_word' id='word_1_4' title='bbox 594 475 709 535; x_wconf 75' lang='lat' dir='ltr'><strong><em>querno</em></strong></span> <span class='ocrx_word' id='word_1_5' title='bbox 728 473 757 524; x_wconf 88' lang='lat' dir='ltr'><strong><em>ct</em></strong></span> <span class='ocrx_word' id='word_1_6' title='bbox 775 467 896 536; x_wconf 73' lang='lat' dir='ltr'><strong><em>quinino.</em></strong></span> <span class='ocrx_word' id='word_1_7' title='bbox 1082 467 1135 524; x_wconf 79' lang='lat'><strong><em>323</em></strong></span> 
     </span>
    </p>
   </div>
   <div class='ocr_carea' id='block_1_2' title="bbox 27 611 1292 2167">
    <p class='ocr_par' dir='ltr' id='par_1_2' title="bbox 27 611 1292 2167">
     <span class='ocr_line' id='line_1_2' title="bbox 38 611 1136 702; baseline 0 -28"><span class='ocrx_word' id='word_1_8' title='bbox 38 613 193 700; x_wconf 78' lang='lat' dir='ltr'><strong><em>decerptas</em></strong></span> <span class='ocrx_word' id='word_1_9' title='bbox 215 617 316 702; x_wconf 64' lang='lat' dir='ltr'><strong><em>piata</em></strong></span> <span class='ocrx_word' id='word_1_10' title='bbox 344 635 481 698; x_wconf 84' lang='lat' dir='ltr'><strong><em>prauum</em></strong></span> <span class='ocrx_word' id='word_1_11' title='bbox 510 614 651 698; x_wconf 87' lang='lat' dir='ltr'><strong><em>ipsorum</em></strong></span> <span class='ocrx_word' id='word_1_12' title='bbox 674 611 905 676; x_wconf 87' lang='lat' dir='ltr'><strong><em>Basileensium</em></strong></span> <span class='ocrx_word' id='word_1_13' title='bbox 936 611 1136 690; x_wconf 86' lang='lat' dir='ltr'><strong><em>intellectum,</em></strong></span> 
     </span>
     <span class='ocr_line' id='line_1_3' title="bbox 37 707 1138 797; baseline 0 -23"><span class='ocrx_word' id='word_1_14' title='bbox 37 735 107 795; x_wconf 74' lang='lat' dir='ltr'><strong><em>orum</em></strong></span> <span class='ocrx_word' id='word_1_15' title='bbox 125 710 222 797; x_wconf 91' lang='lat' dir='ltr'><strong><em>facta</em></strong></span> <span class='ocrx_word' id='word_1_16' title='bbox 259 710 486 789; x_wconf 86' lang='lat' dir='ltr'><strong><em>demonstrant,</em></strong></span> <span class='ocrx_word' id='word_1_17' title='bbox 517 709 615 774; x_wconf 71' lang='lat' dir='ltr'><strong><em>colisti</em></strong></span> <span class='ocrx_word' id='word_1_18' title='bbox 644 720 865 774; x_wconf 87' lang='lat' dir='ltr'><strong><em>sacrosanctae</em></strong></span> <span class='ocrx_word' id='word_1_19' title='bbox 890 707 1075 795; x_wconf 78' lang='lat' dir='ltr'><strong><em>Scripturas</em></strong></span> <span class='ocrx_word' id='word_1_20' title='bbox 1108 720 1138 774; x_wconf 89' lang='lat' dir='ltr'><strong><em>et</em></strong></span> 
     </span>
     <span class='ocr_line' id='line_1_4' title="bbox 37 804 1138 893; baseline -0.002 -21"><span class='ocrx_word' id='word_1_21' title='bbox 37 805 204 874; x_wconf 83' lang='lat' dir='ltr'><strong><em>Sanctorum</em></strong></span> <span class='ocrx_word' id='word_1_22' title='bbox 226 809 358 874; x_wconf 81' lang='lat' dir='ltr'><strong><em>Petrum</em></strong></span> <span class='ocrx_word' id='word_1_23' title='bbox 390 817 419 869; x_wconf 88' lang='lat' dir='ltr'><strong><em>et</em></strong></span> <span class='ocrx_word' id='word_1_24' title='bbox 449 807 553 893; x_wconf 88' lang='lat' dir='ltr'><strong><em>ipsius</em></strong></span> <span class='ocrx_word' id='word_1_25' title='bbox 580 804 832 872; x_wconf 85' lang='lat' dir='ltr'><strong><em>Constantiensis</em></strong></span> <span class='ocrx_word' id='word_1_26' title='bbox 868 805 1004 872; x_wconf 74' lang='lat' dir='ltr'><strong><em>Consilii</em></strong></span> <span class='ocrx_word' id='word_1_27' title='bbox 1032 807 1138 872; x_wconf 88' lang='lat' dir='ltr'><strong><em>sensui</em></strong></span> 
     </span>
     <span class='ocr_line' id='line_1_5' title="bbox 35 903 1138 992; baseline 0 -22"><span class='ocrx_word' id='word_1_28' title='bbox 35 907 209 970; x_wconf 68' lang='lat' dir='ltr'><strong><em>usurarium</em></strong></span> <span class='ocrx_word' id='word_1_29' title='bbox 214 955 225 985; x_wconf 89' lang='lat'><strong><em>,</em></strong></span> <span class='ocrx_word' id='word_1_30' title='bbox 264 927 384 968; x_wconf 84' lang='lat' dir='ltr'><strong><em>necnon</em></strong></span> <span class='ocrx_word' id='word_1_31' title='bbox 409 903 602 992; x_wconf 79' lang='lat' dir='ltr'><strong><em>praefatam</em></strong></span> <span class='ocrx_word' id='word_1_32' title='bbox 634 914 788 968; x_wconf 76' lang='lat' dir='ltr'><strong><em>assertam</em></strong></span> <span class='ocrx_word' id='word_1_33' title='bbox 822 904 1050 970; x_wconf 72' lang='lat' dir='ltr'><strong><em>declarationis</em></strong></span> <span class='ocrx_word' id='word_1_34' title='bbox 1084 929 1138 970; x_wconf 90' lang='lat' dir='ltr'><strong><em>seu</em></strong></span> 
     </span>
     <span class='ocr_line' id='line_1_6' title="bbox 31 1001 1138 1088; baseline -0.002 -20"><span class='ocrx_word' id='word_1_35' title='bbox 31 1005 207 1088; x_wconf 65' lang='lat' dir='ltr'><strong><em>privationis</em></strong></span> <span class='ocrx_word' id='word_1_36' title='bbox 230 1003 428 1081; x_wconf 87' lang='lat' dir='ltr'><strong><em>sententiam,</em></strong></span> <span class='ocrx_word' id='word_1_37' title='bbox 454 1051 461 1068; x_wconf 92' lang='lat'><strong>.</strong></span> <span class='ocrx_word' id='word_1_38' title='bbox 487 1050 494 1066; x_wconf 91' lang='lat'><strong>.</strong></span> <span class='ocrx_word' id='word_1_39' title='bbox 521 1049 529 1066; x_wconf 93' lang='lat'><strong>.</strong></span> <span class='ocrx_word' id='word_1_40' title='bbox 554 1012 705 1088; x_wconf 78' lang='lat' dir='ltr'><strong><em>tanquam</em></strong></span> <span class='ocrx_word' id='word_1_41' title='bbox 728 1002 846 1088; x_wconf 88' lang='lat' dir='ltr'><strong><em>impias</em></strong></span> <span class='ocrx_word' id='word_1_42' title='bbox 874 1011 903 1066; x_wconf 87' lang='lat' dir='ltr'><strong><em>et</em></strong></span> <span class='ocrx_word' id='word_1_43' title='bbox 929 1001 1138 1066; x_wconf 86' lang='lat' dir='ltr'><strong><em>scandalooas</em></strong></span> 
     </span>
     <span class='ocr_line' id='line_1_7' title="bbox 34 1099 1137 1188; baseline 0 -24"><span class='ocrx_word' id='word_1_44' title='bbox 34 1101 304 1166; x_wconf 82' lang='lat' dir='ltr'><strong><em>...damnamus</em></strong></span> <span class='ocrx_word' id='word_1_45' title='bbox 328 1111 357 1164; x_wconf 86' lang='lat' dir='ltr'><strong><em>et</em></strong></span> <span class='ocrx_word' id='word_1_46' title='bbox 380 1099 595 1188; x_wconf 76' lang='lat' dir='ltr'><strong><em>reprobamus.</em></strong></span> <span class='ocrx_word' id='word_1_47' title='bbox 643 1099 757 1181; x_wconf 84' lang='lat' dir='ltr'><strong><em>Vides,</em></strong></span> <span class='ocrx_word' id='word_1_48' title='bbox 782 1099 971 1182; x_wconf 83' lang='lat' dir='ltr'><strong><em>Eugenium</em></strong></span> <span class='ocrx_word' id='word_1_49' title='bbox 996 1121 1137 1186; x_wconf 89' lang='lat' dir='ltr'><strong><em>pronun·</em></strong></span> 
     </span>
     <span class='ocr_line' id='line_1_8' title="bbox 33 1195 1139 1283; baseline 0.002 -25"><span class='ocrx_word' id='word_1_50' title='bbox 33 1199 99 1262; x_wconf 82' lang='lat' dir='ltr'><strong><em>tisre</em></strong></span> <span class='ocrx_word' id='word_1_51' title='bbox 121 1199 312 1264; x_wconf 83' lang='lat' dir='ltr'><strong><em>intellectum</em></strong></span> <span class='ocrx_word' id='word_1_52' title='bbox 334 1198 586 1278; x_wconf 82' lang='lat' dir='ltr'><strong><em>Besileensium,</em></strong></span> <span class='ocrx_word' id='word_1_53' title='bbox 611 1197 721 1283; x_wconf 81' lang='lat' dir='ltr'><strong><em>quood</em></strong></span> <span class='ocrx_word' id='word_1_54' title='bbox 737 1195 810 1262; x_wconf 81' lang='lat' dir='ltr'><strong><em>illes</em></strong></span> <span class='ocrx_word' id='word_1_55' title='bbox 826 1199 1077 1283; x_wconf 84' lang='lat' dir='ltr'><strong><em>propositiones,</em></strong></span> <span class='ocrx_word' id='word_1_56' title='bbox 1103 1206 1139 1260; x_wconf 90' lang='lat' dir='ltr'><strong><em>ut</em></strong></span> 
     </span>
     <span class='ocr_line' id='line_1_9' title="bbox 32 1284 1292 1382; baseline 0.002 -24"><span class='ocrx_word' id='word_1_57' title='bbox 32 1299 218 1361; x_wconf 81' lang='lat' dir='ltr'><strong><em>contrarium</em></strong></span> <span class='ocrx_word' id='word_1_58' title='bbox 258 1297 369 1360; x_wconf 85' lang='lat' dir='ltr'><strong><em>sensui</em></strong></span> <span class='ocrx_word' id='word_1_59' title='bbox 407 1299 511 1382; x_wconf 90' lang='lat' dir='ltr'><strong><em>ipsius</em></strong></span> <span class='ocrx_word' id='word_1_60' title='bbox 550 1284 692 1360; x_wconf 74' lang='lat' dir='ltr'><strong><em>Consilii</em></strong></span> <span class='ocrx_word' id='word_1_61' title='bbox 733 1297 1005 1362; x_wconf 81' lang='lat' dir='ltr'><strong><em>Constantiensis.</em></strong></span> <span class='ocrx_word' id='word_1_62' title='bbox 1059 1295 1136 1360; x_wconf 93' lang='lat' dir='ltr'><strong><em>Dici</em></strong></span> <span class='ocrx_word' id='word_1_63' title='bbox 1160 1321 1292 1361; x_wconf 66' lang='lat' dir='ltr'><strong><em>sensusn-</em></strong></span> 
     </span>
     <span class='ocr_line' id='line_1_10' title="bbox 32 1385 1278 1480; baseline 0.002 -25"><span class='ocrx_word' id='word_1_64' title='bbox 32 1396 138 1479; x_wconf 91' lang='lat' dir='ltr'><strong><em>nequit,</em></strong></span> <span class='ocrx_word' id='word_1_65' title='bbox 170 1394 397 1458; x_wconf 82' lang='lat' dir='ltr'><strong><em>diversitatem</em></strong></span> <span class='ocrx_word' id='word_1_66' title='bbox 429 1393 661 1475; x_wconf 87' lang='lat' dir='ltr'><strong><em>incoluisse,</em></strong></span> <span class='ocrx_word' id='word_1_67' title='bbox 696 1393 784 1480; x_wconf 90' lang='lat' dir='ltr'><strong><em>quod</em></strong></span> <span class='ocrx_word' id='word_1_68' title='bbox 810 1393 1015 1458; x_wconf 84' lang='lat' dir='ltr'><strong><em>Basileenses</em></strong></span> <span class='ocrx_word' id='word_1_69' title='bbox 1043 1415 1136 1479; x_wconf 89' lang='lat' dir='ltr'><strong><em>supe·</em></strong></span> <span class='ocrx_word' id='word_1_70' title='bbox 1180 1385 1278 1424; x_wconf 56' lang='lat' dir='ltr'><strong><em>mmm·</em></strong></span> 
     </span>
     <span class='ocr_line' id='line_1_11' title="bbox 30 1491 1138 1578; baseline 0.002 -24"><span class='ocrx_word' id='word_1_71' title='bbox 30 1494 197 1558; x_wconf 85' lang='lat' dir='ltr'><strong><em>ricritatem</em></strong></span> <span class='ocrx_word' id='word_1_72' title='bbox 215 1491 357 1557; x_wconf 78' lang='lat' dir='ltr'><strong><em>Consilii</em></strong></span> <span class='ocrx_word' id='word_1_73' title='bbox 380 1493 611 1578; x_wconf 86' lang='lat' dir='ltr'><strong><em>proposuerint</em></strong></span> <span class='ocrx_word' id='word_1_74' title='bbox 626 1503 662 1555; x_wconf 92' lang='lat' dir='ltr'><strong><em>ut</em></strong></span> <span class='ocrx_word' id='word_1_75' title='bbox 678 1493 841 1556; x_wconf 87' lang='lat' dir='ltr'><strong><em>veritatem</em></strong></span> <span class='ocrx_word' id='word_1_76' title='bbox 852 1493 931 1575; x_wconf 76' lang='lat' dir='ltr'><strong><em>fidei</em></strong></span> <span class='ocrx_word' id='word_1_77' title='bbox 945 1491 1138 1574; x_wconf 70' lang='lat' dir='ltr'><strong><em>catholicae,</em></strong></span> 
     </span>
     <span class='ocr_line' id='line_1_12' title="bbox 30 1589 1138 1677; baseline 0.005 -25"><span class='ocrx_word' id='word_1_78' title='bbox 30 1589 56 1652; x_wconf 89' lang='lat' dir='ltr'><strong><em>id</em></strong></span> <span class='ocrx_word' id='word_1_79' title='bbox 77 1593 163 1655; x_wconf 91' lang='lat' dir='ltr'><strong><em>enim</em></strong></span> <span class='ocrx_word' id='word_1_80' title='bbox 189 1590 295 1655; x_wconf 90' lang='lat' dir='ltr'><strong><em>solum</em></strong></span> <span class='ocrx_word' id='word_1_81' title='bbox 319 1613 386 1656; x_wconf 91' lang='lat' dir='ltr'><strong><em>non</em></strong></span> <span class='ocrx_word' id='word_1_82' title='bbox 410 1591 527 1655; x_wconf 87' lang='lat' dir='ltr'><strong><em>fuisset</em></strong></span> <span class='ocrx_word' id='word_1_83' title='bbox 550 1593 634 1654; x_wconf 85' lang='lat' dir='ltr'><strong><em>tanti</em></strong></span> <span class='ocrx_word' id='word_1_84' title='bbox 660 1592 817 1654; x_wconf 88' lang='lat' dir='ltr'><strong><em>momenti</em></strong></span> <span class='ocrx_word' id='word_1_85' title='bbox 843 1613 903 1654; x_wconf 89' lang='lat' dir='ltr'><strong><em>nec</em></strong></span> <span class='ocrx_word' id='word_1_86' title='bbox 925 1605 1138 1677; x_wconf 79' lang='lat' dir='ltr'><strong><em>provocasset</em></strong></span> 
     </span>
     <span class='ocr_line' id='line_1_13' title="bbox 29 1687 1137 1761; baseline 0.005 -11"><span class='ocrx_word' id='word_1_87' title='bbox 29 1711 187 1753; x_wconf 80' lang='lat' dir='ltr'><strong><em>censuram</em></strong></span> <span class='ocrx_word' id='word_1_88' title='bbox 221 1700 288 1753; x_wconf 81' lang='lat' dir='ltr'><strong><em>tum</em></strong></span> <span class='ocrx_word' id='word_1_89' title='bbox 319 1711 487 1761; x_wconf 87' lang='lat' dir='ltr'><strong><em>severam;</em></strong></span> <span class='ocrx_word' id='word_1_90' title='bbox 524 1688 582 1752; x_wconf 89' lang='lat' dir='ltr'><strong><em>sed</em></strong></span> <span class='ocrx_word' id='word_1_91' title='bbox 614 1711 656 1752; x_wconf 87' lang='lat' dir='ltr'><strong><em>ex</em></strong></span> <span class='ocrx_word' id='word_1_92' title='bbox 680 1687 792 1752; x_wconf 86' lang='lat' dir='ltr'><strong><em>verbis</em></strong></span> <span class='ocrx_word' id='word_1_93' title='bbox 816 1687 1039 1754; x_wconf 82' lang='lat' dir='ltr'><strong><em>damnationis</em></strong></span> <span class='ocrx_word' id='word_1_94' title='bbox 1063 1713 1137 1756; x_wconf 90' lang='lat' dir='ltr'><strong><em>con-</em></strong></span> 
     </span>
     <span class='ocr_line' id='line_1_14' title="bbox 29 1783 1137 1871; baseline 0.005 -23"><span class='ocrx_word' id='word_1_95' title='bbox 29 1783 219 1852; x_wconf 84' lang='lat' dir='ltr'><strong><em>cludendum</em></strong></span> <span class='ocrx_word' id='word_1_96' title='bbox 244 1797 302 1864; x_wconf 89' lang='lat' dir='ltr'><strong><em>est,</em></strong></span> <span class='ocrx_word' id='word_1_97' title='bbox 327 1785 516 1870; x_wconf 85' lang='lat' dir='ltr'><strong><em>Eugenium</em></strong></span> <span class='ocrx_word' id='word_1_98' title='bbox 540 1787 678 1871; x_wconf 87' lang='lat' dir='ltr'><strong><em>rejicere</em></strong></span> <span class='ocrx_word' id='word_1_99' title='bbox 702 1787 909 1867; x_wconf 84' lang='lat' dir='ltr'><strong><em>sententiam,</em></strong></span> <span class='ocrx_word' id='word_1_100' title='bbox 935 1810 955 1850; x_wconf 83' lang='lat' dir='ltr'><strong>a</strong></span> <span class='ocrx_word' id='word_1_101' title='bbox 979 1788 1137 1853; x_wconf 86' lang='lat' dir='ltr'><strong><em>Constan-</em></strong></span> 
     </span>
     <span class='ocr_line' id='line_1_15' title="bbox 27 1882 1136 1969; baseline 0.007 -25"><span class='ocrx_word' id='word_1_102' title='bbox 27 1885 178 1950; x_wconf 87' lang='lat' dir='ltr'><strong><em>tisnsibus</em></strong></span> <span class='ocrx_word' id='word_1_103' title='bbox 201 1886 385 1948; x_wconf 86' lang='lat' dir='ltr'><strong><em>universim</em></strong></span> <span class='ocrx_word' id='word_1_104' title='bbox 409 1882 611 1948; x_wconf 83' lang='lat' dir='ltr'><strong><em>declaratam</em></strong></span> <span class='ocrx_word' id='word_1_105' title='bbox 631 1906 700 1948; x_wconf 89' lang='lat' dir='ltr'><strong><em>esse</em></strong></span> <span class='ocrx_word' id='word_1_106' title='bbox 718 1887 982 1969; x_wconf 83' lang='lat' dir='ltr'><strong><em>superioritatem</em></strong></span> <span class='ocrx_word' id='word_1_107' title='bbox 997 1885 1136 1952; x_wconf 84' lang='lat' dir='ltr'><strong><em>Consilii</em></strong></span> 
     </span>
     <span class='ocr_line' id='line_1_16' title="bbox 27 1981 1136 2068; baseline 0.005 -24"><span class='ocrx_word' id='word_1_108' title='bbox 27 2005 115 2068; x_wconf 82' lang='lat' dir='ltr'><strong><em>supra</em></strong></span> <span class='ocrx_word' id='word_1_109' title='bbox 154 1983 293 2067; x_wconf 76' lang='lat' dir='ltr'><strong><em>Papam,</em></strong></span> <span class='ocrx_word' id='word_1_110' title='bbox 334 1992 367 2045; x_wconf 90' lang='lat' dir='ltr'><strong><em>et</em></strong></span> <span class='ocrx_word' id='word_1_111' title='bbox 398 1981 558 2064; x_wconf 84' lang='lat' dir='ltr'><strong><em>indicare,</em></strong></span> <span class='ocrx_word' id='word_1_112' title='bbox 598 1984 661 2046; x_wconf 80' lang='lat' dir='ltr'><strong><em>ista</em></strong></span> <span class='ocrx_word' id='word_1_113' title='bbox 693 1982 826 2047; x_wconf 84' lang='lat' dir='ltr'><strong><em>decreta</em></strong></span> <span class='ocrx_word' id='word_1_114' title='bbox 855 2006 952 2048; x_wconf 90' lang='lat' dir='ltr'><strong><em>sensu</em></strong></span> <span class='ocrx_word' id='word_1_115' title='bbox 989 1987 1136 2050; x_wconf 88' lang='lat' dir='ltr'><strong><em>restricto</em></strong></span> 
     </span>
     <span class='ocr_line' id='line_1_17' title="bbox 27 2079 1136 2167; baseline 0.005 -24"><span class='ocrx_word' id='word_1_116' title='bbox 27 2103 75 2163; x_wconf 86' lang='lat' dir='ltr'><strong><em>pro</em></strong></span> <span class='ocrx_word' id='word_1_117' title='bbox 97 2091 285 2167; x_wconf 90' lang='lat' dir='ltr'><strong><em>temporum</em></strong></span> <span class='ocrx_word' id='word_1_118' title='bbox 310 2079 487 2166; x_wconf 87' lang='lat' dir='ltr'><strong><em>adjunctis,</em></strong></span> <span class='ocrx_word' id='word_1_119' title='bbox 514 2081 561 2143; x_wconf 90' lang='lat' dir='ltr'><strong><em>uti</em></strong></span> <span class='ocrx_word' id='word_1_120' title='bbox 585 2081 810 2165; x_wconf 85' lang='lat' dir='ltr'><strong><em>exposuimus,</em></strong></span> <span class='ocrx_word' id='word_1_121' title='bbox 836 2080 926 2145; x_wconf 84' lang='lat' dir='ltr'><strong><em>edita</em></strong></span> <span class='ocrx_word' id='word_1_122' title='bbox 941 2104 1022 2148; x_wconf 85' lang='lat' dir='ltr'><strong><em>esse.</em></strong></span> <span class='ocrx_word' id='word_1_123' title='bbox 1052 2083 1136 2148; x_wconf 86' lang='lat' dir='ltr'><strong><em>Con·</em></strong></span> 
     </span>
    </p>
   </div>
   <div class='ocr_carea' id='block_1_3' title="bbox 20 2176 1136 2460">
    <p class='ocr_par' dir='ltr' id='par_1_3' title="bbox 20 2176 1136 2460">
     <span class='ocr_line' id='line_1_18' title="bbox 26 2176 1134 2266; baseline 0.005 -25"><span class='ocrx_word' id='word_1_124' title='bbox 26 2179 164 2244; x_wconf 81' lang='lat' dir='ltr'><strong><em>firmatur</em></strong></span> <span class='ocrx_word' id='word_1_125' title='bbox 194 2177 257 2242; x_wconf 89' lang='lat' dir='ltr'><strong><em>hcc</em></strong></span> <span class='ocrx_word' id='word_1_126' title='bbox 288 2176 353 2241; x_wconf 92' lang='lat' dir='ltr'><strong><em>illis</em></strong></span> <span class='ocrx_word' id='word_1_127' title='bbox 385 2177 496 2241; x_wconf 90' lang='lat' dir='ltr'><strong><em>verbis</em></strong></span> <span class='ocrx_word' id='word_1_128' title='bbox 520 2177 667 2262; x_wconf 86' lang='lat' dir='ltr'><strong><em>ejusdem</em></strong></span> <span class='ocrx_word' id='word_1_129' title='bbox 694 2178 949 2243; x_wconf 86' lang='lat' dir='ltr'><strong><em>Constitutionis</em></strong></span> <span class='ocrx_word' id='word_1_130' title='bbox 973 2180 1134 2266; x_wconf 86' lang='lat' dir='ltr'><strong><em>Eugenii:</em></strong></span> 
     </span>
     <span class='ocr_line' id='line_1_19' title="bbox 25 2274 1136 2363; baseline 0.004 -25"><span class='ocrx_word' id='word_1_131' title='bbox 25 2277 55 2338; x_wconf 87' lang='lat' dir='ltr'><strong><em>In</em></strong></span> <span class='ocrx_word' id='word_1_132' title='bbox 75 2279 129 2340; x_wconf 82' lang='lat' dir='ltr'><strong><em>loc</em></strong></span> <span class='ocrx_word' id='word_1_133' title='bbox 147 2275 415 2363; x_wconf 81' lang='lat' dir='ltr'><strong><em>perniciosissimi</em></strong></span> <span class='ocrx_word' id='word_1_134' title='bbox 438 2275 512 2338; x_wconf 87' lang='lat' dir='ltr'><strong><em>dum</em></strong></span> <span class='ocrx_word' id='word_1_135' title='bbox 535 2298 623 2339; x_wconf 87' lang='lat' dir='ltr'><strong><em>suam</em></strong></span> <span class='ocrx_word' id='word_1_136' title='bbox 654 2274 884 2359; x_wconf 61' lang='lat' dir='ltr'><strong><em>malignitatem</em></strong></span> <span class='ocrx_word' id='word_1_137' title='bbox 914 2275 969 2340; x_wconf 81' lang='lat' dir='ltr'><strong><em>sub</em></strong></span> <span class='ocrx_word' id='word_1_138' title='bbox 992 2281 1136 2342; x_wconf 84' lang='lat' dir='ltr'><strong><em>ueritatis</em></strong></span> 
     </span>
     <span class='ocr_line' id='line_1_20' title="bbox 20 2369 1136 2460; baseline 0.002 -22"><span class='ocrx_word' id='word_1_139' title='bbox 20 2373 87 2456; x_wconf 79' lang='lat' dir='ltr'><strong><em>fidei</em></strong></span> <span class='ocrx_word' id='word_1_140' title='bbox 105 2375 190 2460; x_wconf 82' lang='lat' dir='ltr'><strong><em>fuco</em></strong></span> <span class='ocrx_word' id='word_1_141' title='bbox 224 2369 376 2450; x_wconf 83' lang='lat' dir='ltr'><strong><em>colorant,</em></strong></span> <span class='ocrx_word' id='word_1_142' title='bbox 420 2370 657 2438; x_wconf 84' lang='lat' dir='ltr'><strong><em>Constanticnse</em></strong></span> <span class='ocrx_word' id='word_1_143' title='bbox 685 2371 858 2437; x_wconf 84' lang='lat' dir='ltr'><strong><em>Concilium</em></strong></span> <span class='ocrx_word' id='word_1_144' title='bbox 886 2375 921 2438; x_wconf 88' lang='lat' dir='ltr'><strong><em>in</em></strong></span> <span class='ocrx_word' id='word_1_145' title='bbox 951 2375 1069 2439; x_wconf 82' lang='lat' dir='ltr'><strong><em>malum</em></strong></span> <span class='ocrx_word' id='word_1_146' title='bbox 1098 2401 1136 2440; x_wconf 90' lang='lat' dir='ltr'><strong><em>cc</em></strong></span> 
     </span>
    </p>
   </div>
   <div class='ocr_carea' id='block_1_4' title="bbox 15 2471 1137 4106">
    <p class='ocr_par' dir='ltr' id='par_1_4' title="bbox 21 2471 1137 2950">
     <span class='ocr_line' id='line_1_21' title="bbox 25 2471 1135 2560; baseline 0.006 -30"><span class='ocrx_word' id='word_1_147' title='bbox 25 2473 180 2556; x_wconf 85' lang='lat' dir='ltr'><strong><em>reprobum</em></strong></span> <span class='ocrx_word' id='word_1_148' title='bbox 203 2493 336 2547; x_wconf 85' lang='lat' dir='ltr'><strong><em>sensum,</em></strong></span> <span class='ocrx_word' id='word_1_149' title='bbox 368 2481 398 2534; x_wconf 90' lang='lat' dir='ltr'><strong><em>et</em></strong></span> <span class='ocrx_word' id='word_1_150' title='bbox 430 2493 452 2533; x_wconf 89' lang='lat' dir='ltr'><strong><em>a</em></strong></span> <span class='ocrx_word' id='word_1_151' title='bbox 475 2494 555 2534; x_wconf 88' lang='lat' dir='ltr'><strong><em>sane</em></strong></span> <span class='ocrx_word' id='word_1_152' title='bbox 578 2471 726 2534; x_wconf 89' lang='lat' dir='ltr'><strong><em>doctrina</em></strong></span> <span class='ocrx_word' id='word_1_153' title='bbox 746 2473 876 2557; x_wconf 85' lang='lat' dir='ltr'><strong><em>penitus</em></strong></span> <span class='ocrx_word' id='word_1_154' title='bbox 906 2471 1044 2536; x_wconf 84' lang='lat' dir='ltr'><strong><em>alienum</em></strong></span> <span class='ocrx_word' id='word_1_155' title='bbox 1061 2499 1135 2560; x_wconf 89' lang='lat' dir='ltr'><strong><em>per-</em></strong></span> 
     </span>
     <span class='ocr_line' id='line_1_22' title="bbox 23 2569 1136 2658; baseline 0.008 -32"><span class='ocrx_word' id='word_1_156' title='bbox 23 2573 152 2648; x_wconf 82' lang='lat' dir='ltr'><strong><em>trclunt,</em></strong></span> <span class='ocrx_word' id='word_1_157' title='bbox 187 2578 379 2632; x_wconf 86' lang='lat' dir='ltr'><strong><em>caeterorum</em></strong></span> <span class='ocrx_word' id='word_1_158' title='bbox 408 2569 674 2632; x_wconf 72' lang='lat' dir='ltr'><strong><em>schismaticorum</em></strong></span> <span class='ocrx_word' id='word_1_159' title='bbox 705 2578 734 2631; x_wconf 90' lang='lat' dir='ltr'><strong><em>et</em></strong></span> <span class='ocrx_word' id='word_1_160' title='bbox 761 2569 985 2634; x_wconf 75' lang='lat' dir='ltr'><strong><em>haereticorum</em></strong></span> <span class='ocrx_word' id='word_1_161' title='bbox 1008 2569 1136 2658; x_wconf 81' lang='lat' dir='ltr'><strong><em>falsam</em></strong></span> 
     </span>
     <span class='ocr_line' id='line_1_23' title="bbox 22 2667 1136 2754; baseline 0.006 -26"><span class='ocrx_word' id='word_1_162' title='bbox 22 2667 193 2732; x_wconf 85' lang='lat' dir='ltr'><strong><em>doctrinam</em></strong></span> <span class='ocrx_word' id='word_1_163' title='bbox 216 2677 385 2751; x_wconf 81' lang='lat' dir='ltr'><strong><em>sequentes,</em></strong></span> <span class='ocrx_word' id='word_1_164' title='bbox 417 2669 471 2751; x_wconf 77' lang='lat' dir='ltr'><strong><em>qui</em></strong></span> <span class='ocrx_word' id='word_1_165' title='bbox 494 2667 637 2751; x_wconf 73' lang='lat' dir='ltr'><strong><em>confictos</em></strong></span> <span class='ocrx_word' id='word_1_166' title='bbox 667 2688 790 2729; x_wconf 85' lang='lat' dir='ltr'><strong><em>errores</em></strong></span> <span class='ocrx_word' id='word_1_167' title='bbox 813 2676 843 2730; x_wconf 89' lang='lat' dir='ltr'><strong><em>et</em></strong></span> <span class='ocrx_word' id='word_1_168' title='bbox 864 2669 965 2754; x_wconf 86' lang='lat' dir='ltr'><strong><em>impia</em></strong></span> <span class='ocrx_word' id='word_1_169' title='bbox 988 2669 1136 2754; x_wconf 73' lang='lat' dir='ltr'><strong><em>docmata</em></strong></span> 
     </span>
     <span class='ocr_line' id='line_1_24' title="bbox 22 2762 1137 2849; baseline 0.005 -23"><span class='ocrx_word' id='word_1_170' title='bbox 22 2786 54 2827; x_wconf 77' lang='lat' dir='ltr'><strong><em>er</em></strong></span> <span class='ocrx_word' id='word_1_171' title='bbox 75 2766 198 2830; x_wconf 84' lang='lat' dir='ltr'><strong><em>dicimis</em></strong></span> <span class='ocrx_word' id='word_1_172' title='bbox 222 2763 398 2849; x_wconf 75' lang='lat' dir='ltr'><strong><em>Semptnris</em></strong></span> <span class='ocrx_word' id='word_1_173' title='bbox 421 2775 450 2827; x_wconf 88' lang='lat' dir='ltr'><strong><em>et</em></strong></span> <span class='ocrx_word' id='word_1_174' title='bbox 473 2767 590 2828; x_wconf 87' lang='lat' dir='ltr'><strong><em>sanctis</em></strong></span> <span class='ocrx_word' id='word_1_175' title='bbox 614 2762 765 2829; x_wconf 85' lang='lat' dir='ltr'><strong><em>Patribus</em></strong></span> <span class='ocrx_word' id='word_1_176' title='bbox 788 2787 936 2849; x_wconf 78' lang='lat' dir='ltr'><strong><em>peruerse</em></strong></span> <span class='ocrx_word' id='word_1_177' title='bbox 967 2765 1137 2834; x_wconf 85' lang='lat' dir='ltr'><strong><em>intellectis</em></strong></span> 
     </span>
     <span class='ocr_line' id='line_1_25' title="bbox 21 2860 529 2950; baseline 0 -26"><span class='ocrx_word' id='word_1_178' title='bbox 21 2886 133 2950; x_wconf 86' lang='lat' dir='ltr'><strong><em>semper</em></strong></span> <span class='ocrx_word' id='word_1_179' title='bbox 157 2861 323 2926; x_wconf 80' lang='lat' dir='ltr'><strong><em>adstruere</em></strong></span> <span class='ocrx_word' id='word_1_180' title='bbox 346 2860 529 2926; x_wconf 84' lang='lat' dir='ltr'><strong><em>moliuntur.</em></strong></span> 
     </span>
    </p>

    <p class='ocr_par' dir='ltr' id='par_1_5' title="bbox 15 2958 1135 3926">
     <span class='ocr_line' id='line_1_26' title="bbox 102 2958 1133 3048; baseline 0.005 -24"><span class='ocrx_word' id='word_1_181' title='bbox 102 2961 274 3025; x_wconf 90' lang='lat' dir='ltr'><strong><em>Postremo</em></strong></span> <span class='ocrx_word' id='word_1_182' title='bbox 305 2959 488 3024; x_wconf 81' lang='lat' dir='ltr'><strong><em>notandum</em></strong></span> <span class='ocrx_word' id='word_1_183' title='bbox 520 2968 578 3040; x_wconf 90' lang='lat' dir='ltr'><strong><em>est,</em></strong></span> <span class='ocrx_word' id='word_1_184' title='bbox 617 2958 704 3044; x_wconf 92' lang='lat' dir='ltr'><strong><em>quod</em></strong></span> <span class='ocrx_word' id='word_1_185' title='bbox 731 2959 901 3042; x_wconf 85' lang='lat' dir='ltr'><strong><em>Eugenius</em></strong></span> <span class='ocrx_word' id='word_1_186' title='bbox 934 2984 1133 3048; x_wconf 81' lang='lat' dir='ltr'><strong><em>supponere,</em></strong></span> 
     </span>
     <span class='ocr_line' id='line_1_27' title="bbox 20 3056 1134 3142; baseline 0.008 -24"><span class='ocrx_word' id='word_1_187' title='bbox 20 3079 146 3122; x_wconf 86' lang='lat' dir='ltr'><strong><em>sensum</em></strong></span> <span class='ocrx_word' id='word_1_188' title='bbox 172 3057 361 3142; x_wconf 82' lang='lat' dir='ltr'><strong><em>sequiorem</em></strong></span> <span class='ocrx_word' id='word_1_189' title='bbox 387 3057 528 3122; x_wconf 87' lang='lat' dir='ltr'><strong><em>decretis</em></strong></span> <span class='ocrx_word' id='word_1_190' title='bbox 552 3056 863 3122; x_wconf 81' lang='lat' dir='ltr'><strong><em>Constantiensibus</em></strong></span> <span class='ocrx_word' id='word_1_191' title='bbox 893 3058 1036 3142; x_wconf 86' lang='lat' dir='ltr'><strong><em>subesse,</em></strong></span> <span class='ocrx_word' id='word_1_192' title='bbox 1069 3084 1134 3127; x_wconf 91' lang='lat' dir='ltr'><strong><em>non</em></strong></span> 
     </span>
     <span class='ocr_line' id='line_1_28' title="bbox 20 3153 1133 3234; baseline 0.008 -17"><span class='ocrx_word' id='word_1_193' title='bbox 20 3154 85 3218; x_wconf 89' lang='lat' dir='ltr'><strong><em>ideo</em></strong></span> <span class='ocrx_word' id='word_1_194' title='bbox 117 3167 233 3220; x_wconf 82' lang='lat' dir='ltr'><strong><em>tamen</em></strong></span> <span class='ocrx_word' id='word_1_195' title='bbox 267 3154 397 3234; x_wconf 88' lang='lat' dir='ltr'><strong><em>delinit,</em></strong></span> <span class='ocrx_word' id='word_1_196' title='bbox 432 3177 471 3220; x_wconf 84' lang='lat' dir='ltr'><strong><em>ca</em></strong></span> <span class='ocrx_word' id='word_1_197' title='bbox 500 3177 570 3219; x_wconf 89' lang='lat' dir='ltr'><strong><em>esse</em></strong></span> <span class='ocrx_word' id='word_1_198' title='bbox 595 3153 727 3219; x_wconf 79' lang='lat' dir='ltr'><strong><em>decretu</em></strong></span> <span class='ocrx_word' id='word_1_199' title='bbox 752 3155 892 3220; x_wconf 87' lang='lat' dir='ltr'><strong><em>Consilii</em></strong></span> <span class='ocrx_word' id='word_1_200' title='bbox 919 3161 1133 3226; x_wconf 84' lang='lat' dir='ltr'><strong><em>oecumenici.</em></strong></span> 
     </span>
     <span class='ocr_line' id='line_1_29' title="bbox 19 3254 1135 3342; baseline 0.007 -27"><span class='ocrx_word' id='word_1_201' title='bbox 19 3254 81 3319; x_wconf 93' lang='lat' dir='ltr'><strong><em>lmo</em></strong></span> <span class='ocrx_word' id='word_1_202' title='bbox 121 3255 234 3342; x_wconf 88' lang='lat' dir='ltr'><strong><em>potius</em></strong></span> <span class='ocrx_word' id='word_1_203' title='bbox 272 3255 474 3318; x_wconf 84' lang='lat' dir='ltr'><strong><em>contrarium</em></strong></span> <span class='ocrx_word' id='word_1_204' title='bbox 514 3254 656 3332; x_wconf 83' lang='lat' dir='ltr'><strong><em>indicet,</em></strong></span> <span class='ocrx_word' id='word_1_205' title='bbox 697 3275 797 3339; x_wconf 89' lang='lat' dir='ltr'><strong><em>quum</em></strong></span> <span class='ocrx_word' id='word_1_206' title='bbox 834 3256 897 3317; x_wconf 81' lang='lat' dir='ltr'><strong><em>ait:</em></strong></span> <span class='ocrx_word' id='word_1_207' title='bbox 935 3255 1135 3324; x_wconf 86' lang='lat' dir='ltr'><strong><em>Basileensec</em></strong></span> 
     </span>
     <span class='ocr_line' id='line_1_30' title="bbox 17 3351 1135 3440; baseline 0.008 -27"><span class='ocrx_word' id='word_1_208' title='bbox 17 3351 144 3431; x_wconf 73' lang='lat' dir='ltr'><strong><em>discsse,</em></strong></span> <span class='ocrx_word' id='word_1_209' title='bbox 183 3375 213 3416; x_wconf 89' lang='lat' dir='ltr'><strong><em>se</em></strong></span> <span class='ocrx_word' id='word_1_210' title='bbox 237 3353 397 3417; x_wconf 74' lang='lat' dir='ltr'><strong><em>inhaerere</em></strong></span> <span class='ocrx_word' id='word_1_211' title='bbox 433 3351 621 3439; x_wconf 82' lang='lat' dir='ltr'><strong><em>quibusdam</em></strong></span> <span class='ocrx_word' id='word_1_212' title='bbox 655 3353 803 3432; x_wconf 85' lang='lat' dir='ltr'><strong><em>decretis,</em></strong></span> <span class='ocrx_word' id='word_1_213' title='bbox 843 3351 915 3417; x_wconf 88' lang='lat' dir='ltr'><strong><em>lieet</em></strong></span> <span class='ocrx_word' id='word_1_214' title='bbox 944 3379 1005 3440; x_wconf 86' lang='lat' dir='ltr'><strong><em>per·</em></strong></span> <span class='ocrx_word' id='word_1_215' title='bbox 1039 3381 1135 3421; x_wconf 87' lang='lat' dir='ltr'><strong><em>unam</em></strong></span> 
     </span>
     <span class='ocr_line' id='line_1_31' title="bbox 19 3449 1134 3537; baseline 0.007 -25"><span class='ocrx_word' id='word_1_216' title='bbox 19 3461 135 3515; x_wconf 79' lang='lat' dir='ltr'><strong><em>tantum</em></strong></span> <span class='ocrx_word' id='word_1_217' title='bbox 160 3473 201 3514; x_wconf 71' lang='lat' dir='ltr'><strong><em>sce</em></strong></span> <span class='ocrx_word' id='word_1_218' title='bbox 226 3450 324 3514; x_wconf 80' lang='lat' dir='ltr'><strong><em>tribus</em></strong></span> <span class='ocrx_word' id='word_1_219' title='bbox 353 3451 548 3516; x_wconf 81' lang='lat' dir='ltr'><strong><em>Obedicntiis</em></strong></span> <span class='ocrx_word' id='word_1_220' title='bbox 573 3462 650 3537; x_wconf 86' lang='lat' dir='ltr'><strong><em>post</em></strong></span> <span class='ocrx_word' id='word_1_221' title='bbox 672 3473 825 3514; x_wconf 85' lang='lat' dir='ltr'><strong><em>recessum</em></strong></span> <span class='ocrx_word' id='word_1_222' title='bbox 847 3449 989 3517; x_wconf 78' lang='lat' dir='ltr'><strong><em>Ioannis</em></strong></span> <span class='ocrx_word' id='word_1_223' title='bbox 1012 3453 1134 3534; x_wconf 89' lang='lat' dir='ltr'><strong><em>XXIII,</em></strong></span> 
     </span>
     <span class='ocr_line' id='line_1_32' title="bbox 17 3547 1135 3636; baseline 0.006 -27"><span class='ocrx_word' id='word_1_224' title='bbox 17 3550 56 3612; x_wconf 87' lang='lat' dir='ltr'><strong><em>sic</em></strong></span> <span class='ocrx_word' id='word_1_225' title='bbox 84 3551 120 3612; x_wconf 87' lang='lat' dir='ltr'><strong><em>in</em></strong></span> <span class='ocrx_word' id='word_1_226' title='bbox 156 3548 264 3612; x_wconf 86' lang='lat' dir='ltr'><strong><em>cadem</em></strong></span> <span class='ocrx_word' id='word_1_227' title='bbox 293 3548 479 3614; x_wconf 85' lang='lat' dir='ltr'><strong><em>Obedientia</em></strong></span> <span class='ocrx_word' id='word_1_228' title='bbox 510 3549 702 3636; x_wconf 88' lang='lat' dir='ltr'><strong><em>nuncupati,</em></strong></span> <span class='ocrx_word' id='word_1_229' title='bbox 736 3547 940 3614; x_wconf 81' lang='lat' dir='ltr'><strong><em>Constantios</em></strong></span> <span class='ocrx_word' id='word_1_230' title='bbox 973 3553 1135 3616; x_wconf 72' lang='lat' dir='ltr'><strong><em>schismate</em></strong></span> 
     </span>
     <span class='ocr_line' id='line_1_33' title="bbox 17 3645 1134 3731; baseline 0.007 -25"><span class='ocrx_word' id='word_1_231' title='bbox 17 3647 230 3731; x_wconf 76' lang='lat' dir='ltr'><strong><em>tnncoiqente,</em></strong></span> <span class='ocrx_word' id='word_1_232' title='bbox 254 3647 358 3710; x_wconf 83' lang='lat' dir='ltr'><strong><em>editis.</em></strong></span> <span class='ocrx_word' id='word_1_233' title='bbox 400 3645 531 3727; x_wconf 81' lang='lat' dir='ltr'><strong><em>Quibus</em></strong></span> <span class='ocrx_word' id='word_1_234' title='bbox 548 3646 659 3710; x_wconf 89' lang='lat' dir='ltr'><strong><em>verbis</em></strong></span> <span class='ocrx_word' id='word_1_235' title='bbox 683 3647 762 3709; x_wconf 83' lang='lat' dir='ltr'><strong><em>setis</em></strong></span> <span class='ocrx_word' id='word_1_236' title='bbox 786 3647 905 3728; x_wconf 88' lang='lat' dir='ltr'><strong><em>innuit,</em></strong></span> <span class='ocrx_word' id='word_1_237' title='bbox 930 3646 986 3714; x_wconf 84' lang='lat' dir='ltr'><strong><em>illa</em></strong></span> <span class='ocrx_word' id='word_1_238' title='bbox 1002 3649 1134 3714; x_wconf 81' lang='lat' dir='ltr'><strong><em>decreta</em></strong></span> 
     </span>
     <span class='ocr_line' id='line_1_34' title="bbox 15 3743 1134 3826; baseline 0.005 -21"><span class='ocrx_word' id='word_1_239' title='bbox 15 3767 127 3809; x_wconf 82' lang='lat' dir='ltr'><strong><em>revers</em></strong></span> <span class='ocrx_word' id='word_1_240' title='bbox 154 3743 298 3808; x_wconf 88' lang='lat' dir='ltr'><strong><em>Consilii</em></strong></span> <span class='ocrx_word' id='word_1_241' title='bbox 322 3746 528 3808; x_wconf 87' lang='lat' dir='ltr'><strong><em>oecumenici</em></strong></span> <span class='ocrx_word' id='word_1_242' title='bbox 552 3766 619 3808; x_wconf 91' lang='lat' dir='ltr'><strong><em>non</em></strong></span> <span class='ocrx_word' id='word_1_243' title='bbox 644 3766 725 3826; x_wconf 89' lang='lat' dir='ltr'><strong><em>esse,</em></strong></span> <span class='ocrx_word' id='word_1_244' title='bbox 750 3766 812 3808; x_wconf 88' lang='lat' dir='ltr'><strong><em>nes</em></strong></span> <span class='ocrx_word' id='word_1_245' title='bbox 836 3765 999 3809; x_wconf 84' lang='lat' dir='ltr'><strong><em>summam</em></strong></span> <span class='ocrx_word' id='word_1_246' title='bbox 1024 3757 1134 3812; x_wconf 85' lang='lat' dir='ltr'><strong><em>aucto·</em></strong></span> 
     </span>
     <span class='ocr_line' id='line_1_35' title="bbox 16 3843 496 3926; baseline 0.004 -23"><span class='ocrx_word' id='word_1_247' title='bbox 16 3843 143 3908; x_wconf 80' lang='lat' dir='ltr'><strong><em>ritatem</em></strong></span> <span class='ocrx_word' id='word_1_248' title='bbox 169 3843 251 3926; x_wconf 89' lang='lat' dir='ltr'><strong><em>ipsis</em></strong></span> <span class='ocrx_word' id='word_1_249' title='bbox 275 3844 496 3924; x_wconf 88' lang='lat' dir='ltr'><strong><em>convenire.¹)</em></strong></span> 
     </span>
    </p>

    <p class='ocr_par' dir='ltr' id='par_1_6' title="bbox 16 3939 1134 4106">
     <span class='ocr_line' id='line_1_36' title="bbox 98 3939 1132 4026; baseline 0 -20"><span class='ocrx_word' id='word_1_250' title='bbox 98 3941 157 4006; x_wconf 88' lang='lat'><strong><em>39.</em></strong></span> <span class='ocrx_word' id='word_1_251' title='bbox 189 3939 301 4004; x_wconf 81' lang='lat' dir='ltr'><strong><em>Pauca</em></strong></span> <span class='ocrx_word' id='word_1_252' title='bbox 326 3939 567 4026; x_wconf 86' lang='lat' dir='ltr'><strong><em>subjungamus</em></strong></span> <span class='ocrx_word' id='word_1_253' title='bbox 591 3939 632 4004; x_wconf 91' lang='lat' dir='ltr'><strong><em>de</em></strong></span> <span class='ocrx_word' id='word_1_254' title='bbox 657 3939 856 4024; x_wconf 84' lang='lat' dir='ltr'><strong><em>quibusdem</em></strong></span> <span class='ocrx_word' id='word_1_255' title='bbox 881 3939 993 4005; x_wconf 87' lang='lat' dir='ltr'><strong><em>verbis</em></strong></span> <span class='ocrx_word' id='word_1_256' title='bbox 1017 3943 1067 4006; x_wconf 91' lang='lat' dir='ltr'><strong><em>Pii</em></strong></span> <span class='ocrx_word' id='word_1_257' title='bbox 1089 3943 1132 4020; x_wconf 89' lang='lat' dir='ltr'><strong><em>ll,</em></strong></span> 
     </span>
     <span class='ocr_line' id='line_1_37' title="bbox 16 4036 1134 4106; baseline 0.004 -6"><span class='ocrx_word' id='word_1_258' title='bbox 16 4059 52 4100; x_wconf 91' lang='lat' dir='ltr'><strong><em>ne</em></strong></span> <span class='ocrx_word' id='word_1_259' title='bbox 82 4037 267 4104; x_wconf 84' lang='lat' dir='ltr'><strong><em>difficultas</em></strong></span> <span class='ocrx_word' id='word_1_260' title='bbox 300 4061 343 4102; x_wconf 86' lang='lat' dir='ltr'><strong><em>ex</em></strong></span> <span class='ocrx_word' id='word_1_261' title='bbox 373 4041 414 4102; x_wconf 93' lang='lat' dir='ltr'><strong><em>iis</em></strong></span> <span class='ocrx_word' id='word_1_262' title='bbox 452 4037 630 4103; x_wconf 86' lang='lat' dir='ltr'><strong><em>oboriatur.</em></strong></span> <span class='ocrx_word' id='word_1_263' title='bbox 687 4036 753 4102; x_wconf 90' lang='lat' dir='ltr'><strong><em>Hic</em></strong></span> <span class='ocrx_word' id='word_1_264' title='bbox 785 4037 939 4101; x_wconf 87' lang='lat' dir='ltr'><strong><em>Pontifex</em></strong></span> <span class='ocrx_word' id='word_1_265' title='bbox 973 4041 1004 4103; x_wconf 90' lang='lat' dir='ltr'><strong><em>in</em></strong></span> <span class='ocrx_word' id='word_1_266' title='bbox 1037 4039 1134 4106; x_wconf 85' lang='lat' dir='ltr'><strong><em>Bulle</em></strong></span> 
     </span>
    </p>
   </div>
   <div class='ocr_carea' id='block_1_5' title="bbox 82 4248 1026 4393">
    <p class='ocr_par' dir='ltr' id='par_1_7' title="bbox 82 4248 1026 4393">
     <span class='ocr_line' id='line_1_38' title="bbox 82 4248 905 4322; baseline 0 -16"><span class='ocrx_word' id='word_1_267' title='bbox 82 4254 104 4322; x_wconf 88' lang='lat'><strong><em>¹)</em></strong></span> <span class='ocrx_word' id='word_1_268' title='bbox 126 4253 170 4306; x_wconf 90' lang='lat' dir='ltr'><strong><em>De</em></strong></span> <span class='ocrx_word' id='word_1_269' title='bbox 189 4251 307 4318; x_wconf 82' lang='lat' dir='ltr'><strong><em>Eugenii</em></strong></span> <span class='ocrx_word' id='word_1_270' title='bbox 327 4257 418 4306; x_wconf 89' lang='lat' dir='ltr'><strong><em>mente</em></strong></span> <span class='ocrx_word' id='word_1_271' title='bbox 437 4251 521 4306; x_wconf 84' lang='lat' dir='ltr'><strong><em>etiem</em></strong></span> <span class='ocrx_word' id='word_1_272' title='bbox 539 4248 654 4304; x_wconf 80' lang='lat' dir='ltr'><strong><em>inferius</em></strong></span> <span class='ocrx_word' id='word_1_273' title='bbox 672 4264 759 4304; x_wconf 88' lang='lat' dir='ltr'><strong><em>sermo</em></strong></span> <span class='ocrx_word' id='word_1_274' title='bbox 777 4254 905 4306; x_wconf 88' lang='lat' dir='ltr'><strong><em>recurret.</em></strong></span> 
     </span>
     <span class='ocr_line' id='line_1_39' title="bbox 976 4338 1026 4393; baseline 0.02 -1"><span class='ocrx_word' id='word_1_275' title='bbox 976 4338 1026 4393; x_wconf 83' lang='lat'><strong><em>21*</em></strong></span> 
     </span>
    </p>
   </div>
   <div class='ocr_carea' id='block_1_6' title="bbox 0 0 1456 4848">
    <p class='ocr_par' dir='ltr' id='par_1_8' title="bbox 0 0 1456 4848">
     <span class='ocr_line' id='line_1_40' title="bbox 0 0 1456 4848; baseline 0 4"><span class='ocrx_word' id='word_1_276' title='bbox 0 0 1456 4848; x_wconf 95' lang='lat' dir='ltr'><strong><em> </em></strong></span> 
     </span>
    </p>
   </div>
  </div>
 </body>
</html>
