2902 4848
286 463 341 516 382
412 463 524 520 XXXV.
544 464 584 519 Dc
603 463 703 518 cruat.
721 462 872 518 Basilesnsi
891 479 923 518 ec
941 463 975 517 ds
993 462 1099 529 synodo
1120 462 1287 517 Florentius.

287 607 393 672 Jmm
407 609 586 693 Imperator
609 630 649 671 ec
665 619 797 693 atroque
815 619 913 694 parte
937 609 1101 672 convenire
1125 629 1191 684 sese,
1214 618 1252 670 nt
1273 607 1398 687 deliratio

287 717 317 768 et
348 716 448 768 tomas
476 705 605 770 anienis
634 728 743 791 praece
774 715 804 769 et
836 704 935 768 latim
967 703 1156 770 scriberetur
1184 706 1220 768 in
1248 705 1399 791 diptyclnssr,

287 814 424 889 aparte
447 803 572 888 qnidam
600 803 734 866 dextero
769 802 879 880 lamna,
912 813 947 866 ul
978 803 1090 866 Latini
1115 802 1351 880 subscriberent,
1377 815 1400 865 et

286 901 505 988 appenderent
543 899 663 965 ballam
696 901 823 986 Papae:
863 901 902 964 ab
933 901 1038 964 altera
1070 923 1142 964 vero
1163 912 1267 986 -porte
1299 902 1401 966 &aeci

286 999 526 1077 subscriberent,
558 1010 588 1062 et
618 1009 833 1086 apponeretur
857 1021 958 1062 aurea
981 996 1071 1062 balla
1094 999 1313 1084 Imperatoris.
1338 1048 1344 1063 .
1367 1049 1401 1062 ..

287 1097 384 1160 Ferr'a
407 1119 479 1160 oero
504 1095 640 1160 secunda
664 1107 756 1159 senta
768 1096 919 1161 dietatis·
931 1095 1031 1181 facta
1048 1106 1095 1160 est
1109 1097 1184 1160 anio
1202 1093 1400 1162 ecclesiarum.

287 1204 316 1256 et
346 1193 429 1259 lecta
459 1207 505 1259 est
535 1195 678 1278 definitio
705 1204 783 1280 post
814 1193 1053 1258 celebrationem
1084 1195 1214 1260 Missae.
1242 1241 1250 1257 .
1278 1244 1285 1258 .
1310 1243 1318 1258 .
1341 1195 1403 1256 Post

286 1289 421 1357 litanias
453 1295 641 1357 decantatas
679 1293 815 1356 recitata
856 1303 902 1356 cst
931 1291 1072 1374 definitio
1106 1291 1206 1356 latiae
1237 1305 1270 1356 et
1298 1315 1402 1376 praece,

286 1389 385 1452 latine
408 1390 534 1476 quidem
557 1415 577 1454 a
606 1389 825 1455 Cardinalis.
844 1389 983 1454 Sabinae
1000 1387 1175 1476 (luliaco),
1210 1412 1323 1474 praeco
1344 1411 1403 1452 rem
1439 1405 1440 1470 r

286 1511 305 1550 a
329 1487 521 1552 Bessarione
545 1489 780 1573 ardeiepiscopo
807 1488 963 1552 Nicaeno.
976 1487 1000 1572 ¹)

374 1587 428 1650 45.
468 1586 680 1650 Definitionis
705 1585 801 1650 Bulla
831 1607 954 1670 magns
978 1607 1054 1649 cum
1079 1595 1257 1650 venustate
1286 1597 1318 1650 et
1347 1595 1403 1648 arte

175 1673 220 1700 Μ’
286 1685 474 1770 conscripta
498 1694 557 1748 est.
604 1684 658 1748 Ex
683 1706 749 1770 qua
773 1706 881 1768 pauca
905 1681 1106 1764 delibamus,
1132 1684 1268 1769 atejus
1292 1684 1403 1760 indoles

286 1793 505 1863 cognoscatur
536 1793 568 1846 et
591 1782 755 1868 quaedam
787 1781 926 1846 inferius
950 1781 1175 1846 examinando
1207 1804 1293 1866 prae
1317 1780 1403 1846 oculis
1440 1737 1441 1822 i

286 1878 481 1946 habeantur.
528 1881 687 1965 Eapenias
712 1881 907 1966 Episcopus,
943 1901 1049 1942 servus
1080 1902 1243 1943 serrorum
1269 1881 1341 1958 Dei,
1370 1879 1402 1940 ol

279 1989 469 2092 perpetuom
503 1980 552 2042 rei
586 1980 775 2044 memoriam.
833 1973 1051 2042 Consentiente
1087 1977 1131 2040 ad
1165 1978 1263 2062 infra
1299 1980 1398 2064 scripto

285 2077 448 2140 carissimo
478 2079 513 2140 in
541 2074 666 2140 Christo
688 2073 762 2158 filio
793 2086 900 2138 nostro
924 2075 1053 2140 Joonne
1086 2073 1281 2160 Palacolopo
1305 2079 1398 2140 Roma

284 2197 396 2237 noram
429 2176 623 2260 Imperatore
664 2173 801 2252 illast-ri,
838 2197 875 2237 ac
910 2172 1153 2237 locotenentibas
1188 2173 1400 2238 venerabilius·

276 2271 424 2360 fratrum
439 2283 618 2336 reostroram
636 2223 899 2358 patriarcbaram
923 2281 952 2332 et
975 2272 1108 2334 caeteris
1119 2271 1302 2336 Ecclesiam
1317 2275 1401 2334 orta-

286 2370 380 2433 talem
414 2369 738 2456 repraesentantibus.
788 2369 958 2432 Laetantur
991 2369 1070 2432 coeli
1101 2379 1131 2432 et
1163 2367 1288 2434 emrltct
1317 2381 1403 2444 terrm

284 2469 428 2533 sublatas
459 2481 504 2533 est
528 2469 610 2532 enim
634 2468 671 2530 {le
696 2469 797 2532 medlo
818 2468 946 2553 paries,
983 2469 1036 2552 qai
1060 2467 1291 2532 occidentalem
1318 2469 1402 2530 orien-

286 2566 438 2652 talemque
454 2566 797 2630 clivoidebatEcclcsiam
814 2576 843 2628 et
854 2589 927 2651 par
942 2576 1032 2650 atque
1048 2566 1218 2630 concordia
1235 2567 1365 2632 rediit..
1380 2615 1403 2628 ..

285 2666 323 2727 In
346 2667 470 2728 nomine
500 2667 597 2749 ipitra·
621 2675 749 2728 sanctae
777 2665 965 2742 Trinitatis,
999 2664 1108 2728 Patris
1131 2675 1162 2728 et
1186 2665 1270 2730 Filii
1294 2677 1322 2728 et
1346 2666 1403 2749 n'pr'-

190 2751 192 2756 ’
283 2764 364 2825 ritas
388 2765 501 2845 sancti,
525 2765 579 2826 loc
603 2786 693 2826 sacro
716 2763 915 2848 approbante
938 2761 1113 2826 universali
1126 2761 1320 2828 Florentino
1339 2761 1404 2828 Cem-

283 2859 368 2941 cilio,
393 2861 573 2944 definimus,
597 2872 632 2923 at
654 2861 728 2923 baec
743 2860 826 2942 fidei
849 2861 966 2924 veritas
990 2859 1029 2922 ab
1054 2859 1198 2922 omnibns
1226 2857 1406 2924 Christianis

283 2958 433 3022 credatar
456 2969 485 3022 et
500 2961 694 3044 suscipiatur
707 2961 811 3042 sicque
828 2980 932 3022 omnes
948 2958 1172 3044 profiteantur.
1223 2961 1406 3046 Sequuntur

285 3055 363 3121 dein
395 3057 605 3122 definitiones
637 3057 678 3120 de
702 3058 804 3120 variis
829 3058 961 3142 punctis
992 3055 1069 3120 fidei
1095 3058 1337 3136 controversis,
1370 3053 1404 3116 dc

284 3154 428 3239 Spiritus
452 3156 557 3218 sancti
581 3155 801 3240 processione,
827 3154 867 3217 de
893 3175 978 3238 pane
1002 3153 1249 3233 Eucharistico,
1275 3153 1318 3218 de
1341 3175 1405 3238 pur·

282 3254 410 3337 galerio
441 3263 473 3316 et
504 3254 632 3316 visione
662 3253 727 3315 Dei
760 3251 929 3331 beatifica,
967 3274 1006 3314 ac
1037 3251 1172 3316 demum
1202 3251 1244 3316 de
1269 3253 1402 3335 primatu

284 3349 425 3413 Romani
450 3350 631 3414 Pontificis.
679 3350 774 3414 Haec
798 3349 946 3413 definitio
971 3351 1091 3413 summi
1117 3353 1276 3414 momenti
1312 3352 1355 3413 its
1376 3369 1404 3410 se

285 3447 400 3512 habet:
434 3449 512 3511 ltem
535 3448 713 3531 definimus,
746 3458 887 3510 sanctam
912 3445 1130 3532 Apostolicam
1155 3447 1266 3510 Sedem
1297 3460 1327 3510 et
1350 3449 1401 3510 ln·

284 3569 410 3610 mamam
434 3547 614 3630 Pontificem
643 3547 676 3609 in
701 3546 879 3609 uniuersam
903 3545 1006 3608 orbem
1030 3555 1132 3608 tenere
1160 3547 1352 3630 primatum,
1380 3555 1403 3606 rt

283 3647 388 3730 ipram
414 3645 591 3728 Pontificem
616 3646 794 3708 Romanam
816 3665 1021 3707 successorem
1053 3665 1118 3706 esce
1142 3644 1181 3707 B.
1208 3643 1297 3706 Petri
1319 3645 1400 3729 prin·

283 3745 365 3828 cipis
388 3743 621 3828 Apostolornm,
653 3753 682 3805 et
711 3765 817 3805 ceram
843 3738 962 3806 Cbn'stl
990 3741 1144 3804 nica-riam
1175 3743 1331 3826 totiusque
1353 3741 1401 3804 Ec·

283 3841 398 3906 clesiae
421 3853 516 3927 caput
549 3852 578 3904 et
601 3842 737 3904 omnium
764 3837 1017 3904 Christianorum
1038 3849 1163 3925 patrem
1194 3863 1231 3902 ac
1252 3840 1401 3902 doctorem

283 3941 427 4018 existere,
452 3951 480 4002 et
504 3941 570 4026 ipsi
592 3943 625 4002 in
642 3939 679 4002 B.
699 3941 790 4002 Petro
809 3939 976 4024 pascendi,
1001 3938 1130 4024 rependi
1153 3962 1191 4002 ac
1211 3936 1403 4023 prrbrrnandi

284 4037 493 4102 universalem
503 4040 677 4103 Ecclesiam
700 4062 721 4101 a
744 4039 881 4101 Domino
904 4049 1011 4102 nostro
1035 4037 1115 4102 lesa
1134 4035 1256 4102 Cbristo
1276 4035 1398 4120 monam

360 4263 379 4326 ¹)
399 4261 508 4318 Collect.
529 4263 607 4315 Cone.
628 4260 730 4314 Labbei
750 4267 770 4316 t.
791 4259 868 4312 XIII.
888 4277 910 4314 c.
931 4261 991 4315 510.
