2844 4840
366 474 406 529 De
425 473 556 528 electione
575 473 721 530 Clementis
741 473 773 528 V.
1095 475 1131 532 85

32 615 198 703 Philippum
221 617 388 682 studuisse
410 616 604 684 Cardiuales
628 619 784 698 excitare,
808 627 845 680 ut
868 639 1040 702 personam
1066 620 1128 703 ipsi

30 725 138 794 gratam
160 715 327 799 eligerent,
351 715 441 780 haud
465 726 515 780 est
537 739 597 780 cur
625 716 828 796 inficiemur3
859 725 1026 781 caeterum
1051 739 1129 780 vero

29 809 63 872 ad
90 811 275 878 electionem
308 813 488 880 Clementis
526 837 603 900 pars
638 813 768 878 illorum
804 815 908 878 variis
944 813 1129 880 rationibus

29 911 136 974 moveri
159 920 294 996 poterat.

103 1052 130 1115 7.
166 1053 457 1134 Quemadmodum
482 1053 638 1118 videlicet
662 1055 696 1117 in
721 1056 850 1139 magnis
874 1052 1043 1122 Ecclesiae
1068 1052 1127 1117 1111-
1186 1067 1253 1108 Ratio

27 1147 208 1214 fictrltatibus
233 1174 308 1216 cum
323 1151 543 1238 'potestatibus
567 1150 688 1215 saeculi
706 1151 840 1215 evenire
857 1151 947 1234 solet,
973 1174 1038 1215 nou
1063 1173 1129 1215 una
1158 1132 1285 1172 ΜΘΝ*

25 1257 82 1308 erat
103 1252 263 1314 sententia
281 1249 508 1314 Cardinalium
534 1249 575 1313 de
591 1249 687 1314 modo
709 1249 841 1334 agendi,
867 1252 922 1336 qni
943 1249 1131 1336 sequendus

24 1355 106 1408 essct.
152 1346 226 1411 Una
251 1371 326 1432 pars
345 1349 422 1434 jura
447 1347 626 1428 Ecclesiae,
659 1348 756 1410 sicuti
781 1347 968 1412 Bonifatius
999 1349 1130 1442 fecerat,
1172 1345 1176 1358 ’

25 1463 88 1504 cum
121 1444 231 1528 vigore
270 1457 383 1509 contra
419 1467 529 1530 regem
562 1443 766 1509 vindicanda
802 1467 872 1509 esse
910 1445 1132 1538 existimabat,

23 1537 111 1602 altera
136 1563 210 1605 vero
235 1565 311 1628 pars
329 1541 556 1608 Cardinalium
581 1543 805 1608 conciliationi
831 1542 1035 1609 studendum
1062 1567 1132 1609 esse

23 1657 53 1697 eo
75 1641 175 1722 magis
198 1640 388 1720 censebant,
420 1639 509 1727 quod
534 1663 654 1725 magna
678 1639 866 1705 schismatis
893 1641 1042 1727 pericula
1067 1644 1131 1728 ipsi

24 1735 266 1802 considerabant
288 1748 321 1802 et
344 1738 552 1825 splendorem
571 1760 683 1822 regum
701 1735 830 1802 Galliae
854 1760 1033 1826 eorumque
1057 1763 1132 1805 con-

23 1831 136 1898 tinuam
161 1857 264 1921 usque
288 1837 330 1900 ad
354 1837 580 1900 recentissima
605 1847 753 1922 tempora
777 1839 933 1922 pietatem
957 1859 996 1902 ac
1021 1839 1054 1901 in
1072 1837 1130 1902 Ec·

24 1927 148 2014 alesiam,
168 1935 317 1997 animum
340 1934 507 1998 devotum.
540 1935 744 2000 Bertrandus
768 1933 1037 2020 archiepiscopus
1053 1934 1131 1998 Bur·

22 2025 188 2110 ‹ligalcnsis
218 2043 297 2118 apta
321 2033 401 2118 ipsis
425 2055 565 2118 persona
590 2033 697 2097 videri
722 2042 859 2117 poterat.
906 2033 1038 2097 Etenim
1063 2035 1132 2117 regi

21 2126 142 2208 quidem
168 2141 324 2216 acceptus
353 2141 432 2212 crat,
465 2129 521 2194 sed
545 2132 644 2194 etiam
667 2129 834 2194 Bonifatio
858 2131 1012 2195 addictus
1035 2129 1133 2195 habe·

22 2221 115 2292 hatur.
163 2229 217 2292 Ab
243 2231 313 2314 ipso
338 2231 426 2292 enirn
450 2252 480 2294 a.
509 2229 593 2293 1295
617 2230 791 2314 episcopus
809 2227 1043 2294 Convenarum
1059 2227 1133 2310 (Co-

22 2325 155 2412 niuges)
193 2350 233 2390 ac
273 2325 350 2391 dein
388 2349 418 2391 a.
455 2327 538 2390 1299
577 2325 847 2412 archiepiscopus
884 2325 1134 2412 Burdigalensis

20 2434 138 2487 creatus
163 2437 243 2506 erat,
268 2437 301 2488 et
323 2449 353 2489 a.
381 2426 476 2507 1302,
502 2426 609 2488 invito
633 2447 719 2509 rege,
745 2424 787 2489 ad
816 2423 994 2490 concilium
1019 2425 1134 2488 Roma-

21 2539 88 2583 num
113 2535 263 2588 venerat.
309 2523 427 2586 Frater
457 2523 571 2608 ipsius,
604 2521 780 2601 Berardus,
813 2523 920 2586 fuerat
948 2521 1135 2587 Cardinalis

19 2621 187 2706 episcopus
211 2621 392 2701 Ostiensis3
424 2630 456 2684 et
479 2620 618 2705 Pipinus
641 2620 862 2684 Bononiensis
895 2618 934 2685 Ο.
958 2619 995 2683 Ρ.
1026 2620 1134 2700 refert,

22 2713 246 2798 Bertrandum,
283 2719 362 2784 dum
398 2740 427 2782 a.
464 2719 550 2782 1302
584 2717 708 2782 Romae
743 2717 887 2802 degeret,
921 2719 1069 2782 favorem
1104 2727 1137 2780 et

19 2817 194 2880 amicitiam
209 2817 368 2881 Bonifatii
393 2827 426 2881 et
443 2814 671 2881 cardinalium
696 2815 759 2879 sibi
785 2814 989 2881 conciliasse.
1021 2813 1133 2894 Quum

18 2925 181 2994 praeterea
204 2937 247 2978 ex
270 2914 397 2979 familia
412 2913 599 2978 Vaseoniae
624 2913 832 2978 nobilissima
856 2913 1016 2978 oriundus
1039 2924 1134 2992 esset,

19 3025 45 3070 et
64 3033 211 3098 eousque
235 3015 269 3077 in
293 3012 357 3077 illis
385 3012 527 3096 degisset
551 3010 679 3076 Galliae
710 3011 917 3095 regionibus,
950 3033 1035 3098 quae
1059 3009 1134 3074 Phi·

18 3105 87 3194 lippi
112 3109 252 3196 quidcm
278 3111 424 3175 dominio
449 3131 588 3190 summo,
614 3109 671 3174 sed
697 3109 838 3194 Angliae
863 3111 949 3194 regis
972 3109 1134 3192 gubernio

17 3225 42 3268 11
70 3207 221 3272 dominio
252 3209 444 3274 immediato
469 3218 505 3272 ut
528 3207 628 3272 feuda
651 3206 925 3292 subjiciebantur,
958 3206 1136 3292 sperabant

18 3304 86 3386 fore,
118 3317 157 3370 ut
183 3305 328 3392 Philippi
361 3307 504 3371 influxui
535 3304 624 3369 haud
656 3306 796 3370 nimium
825 3303 981 3370 Pontifex
1012 3305 1136 3369 electus

17 3403 167 3482 subesset,
200 3425 238 3468 co
270 3404 323 3468 vel
352 3406 468 3488 magis,
501 3401 590 3488 quod
620 3403 862 3488 supponebant,
894 3424 970 3466 eum
994 3401 1133 3466 Romam

17 3523 77 3564 esse
101 3511 294 3568 venturum.

95 3647 125 3713 8.
159 3644 229 3708 Sed
255 3643 408 3708 Clemens
430 3643 545 3708 turbas
564 3625 602 3706 11
624 3643 808 3727 potentium
837 3641 998 3706 nobilium
1023 3642 1137 3705 factio·

18 3765 154 3831 numque
175 3741 360 3808 discordias
383 3741 527 3806 inltalia
550 3739 780 3820 reformidans,
806 3739 945 3804 Romam
969 3739 1135 3824 proficisci

18 3841 135 3908 distulit
169 3854 203 3905 et
229 3841 262 3904 in
287 3837 397 3904 Gallia
424 3839 467 3903 ad
491 3851 622 3923 tempus
655 3858 825 3902 remanere
853 3838 1033 3902 constituit.
1080 3835 1136 3901 Sic

19 3961 114 4024 perse
132 3939 292 4006 subditus
308 3949 378 4002 erat
394 3937 536 4002 influxui
554 3938 696 4022 potentis
707 3933 835 4000 Galliae
851 3937 947 4019 regis,
964 3945 1084 3998 etcum
1098 3955 1135 3998 eo

18 4039 225 4104 concordiam
237 4046 269 4098 11
277 4057 392 4120 pacem
409 4055 606 4100 conservare
622 4043 782 4118 quantum
795 4042 914 4118 posset,
930 4041 1065 4096 coactus
1077 4039 1136 4095 est.

17 4139 118 4202 uatus
131 4137 190 4202 hic
198 4155 311 4198 rerum
322 4133 467 4218 profecto
483 4130 629 4219 periculo
646 4131 762 4216 plenus
777 4141 857 4211 erat,
875 4153 912 4195 eo
929 4131 1035 4213 inagis
1047 4128 1136 4215 quod

18 4233 194 4322 Philippus,
220 4230 351 4296 callidis
370 4231 596 4296 circumdatus
616 4228 822 4310 consiliariis,
847 4228 1039 4293 violentiam
1060 4227 1135 4292 dolo
