2814 4848
280 475 334 528 418
478 471 608 526 XXVIII.
628 472 667 524 De
686 477 762 527 statu
781 471 919 526 societatis
939 472 1030 526 christ.
1050 488 1119 526 saec.
1139 471 1215 526 XIII

281 619 467 680 restitueret
496 615 659 682 Iacobum
692 616 943 680 Praenestinum
978 625 1010 679 et
1039 614 1196 681 Ottonem
1227 639 1254 682 s.
1279 616 1401 680 Nicolai

282 713 485 794 Cardinales,
511 723 547 776 ut
570 716 752 778 exercitum
777 736 872 778 suum
889 713 931 778 ab
952 714 1051 779 Urbis
1066 715 1200 778 viciniis
1222 713 1401 780 reduceret.

280 822 313 877 et
335 812 406 876 loco
432 814 552 897 inquo
577 811 692 875 electio
717 811 906 897 peragenda
930 813 1015 876 foret
1037 811 1170 897 plenam
1195 815 1402 876 securitatem

280 912 492 992 concederet3
517 909 627 996 plures
651 932 693 973 ex
717 912 808 995 ipsis,
833 932 874 974 ne
894 910 1051 974 violentia
1074 909 1117 974 ad
1141 909 1340 974 electionem
1365 911 1402 972 ia·

280 1009 432 1074 ciendam
458 1020 662 1092 cogerentur,
687 1007 877 1091 Anagniam
901 1008 1067 1092 sugerunt.
1114 1009 1303 1093 Imperator
1337 1030 1403 1070 con·

280 1108 421 1171 ditiones
446 1107 518 1170 illas
542 1105 717 1169 admittere
741 1105 863 1185 noluit3
888 1105 1104 1169 nihilominus
1122 1129 1200 1170 vero
1226 1107 1405 1171 invehebat

280 1208 313 1269 in
339 1204 542 1284 Cardinales,
568 1203 656 1289 quod
682 1205 716 1266 in
740 1203 882 1268 creando
907 1204 1069 1268 Pontifice
1095 1227 1203 1268 moras
1227 1205 1405 1268 traherent.

280 1302 505 1368 Continuabat
528 1303 629 1365 etiam
654 1301 827 1364 devastare
847 1301 1006 1366 ditionem
1023 1301 1284 1366 ecclesiasticam
1311 1315 1405 1390 atque

279 1405 326 1465 ita
350 1401 523 1464 manifeste
548 1398 753 1479 ostendebat,
790 1422 854 1464 non
880 1411 1008 1464 tantum
1034 1399 1186 1485 Gregorii
1210 1403 1261 1466 IX
1303 1425 1405 1488 perso·

279 1521 367 1581 nam,
392 1499 448 1562 sed
477 1497 710 1584 pontificatum
741 1499 850 1583 ipsunt
883 1497 925 1562 ab
958 1520 995 1562 eo
1028 1501 1259 1584 impugnatum
1298 1503 1405 1564 fuisse.

280 1597 393 1678 Quum
419 1595 615 1662 Cardinales
638 1595 729 1659 haud
754 1597 917 1678 cederent,
943 1597 1078 1660 tandem
1095 1598 1291 1662 Fridericus
1320 1599 1405 1676 duos,

279 1718 360 1783 quos
384 1697 533 1781 captivos
552 1693 696 1773 tenebat,
722 1692 916 1759 Cardinales
936 1695 1075 1774 dimisit,
1099 1719 1138 1758 ac
1165 1707 1244 1760 tunc
1271 1697 1405 1761 dcnrunr

279 1795 454 1878 Anagniae
486 1793 539 1856 die
564 1793 624 1856 25⁰
649 1791 745 1856 Junii
768 1795 847 1856 anni
875 1794 959 1856 1243
988 1796 1138 1858 unanimi
1171 1806 1247 1858 voto
1287 1796 1405 1859 electus

279 1904 327 1956 est
350 1895 383 1956 in
408 1891 603 1957 Pontificem
622 1889 815 1956 Sinibaldus
838 1891 967 1954 Fliscus
987 1891 1184 1970 Genncnsis,
1217 1891 1405 1958 Cardinalir

279 1991 501 2056 st'Lauren
465 1999 513 2070 trr,
542 1991 597 2074 qui
622 1991 825 2053 Innocentius
847 1990 898 2052 IV
920 1989 1078 2075 appellari
1104 1990 1219 2055 voluit.

367 2091 421 2153 34.
446 2088 512 2151 Hic
527 2087 692 2166 Pontifex,
717 2090 774 2174 qui
798 2090 829 2150 in
855 2088 1072 2168 Fridericum,
1098 2091 1146 2152 uti
1175 2091 1202 2151 is
1225 2089 1405 2190 fatebatur,

235 2184 241 2193 ’
278 2209 408 2272 semper
431 2208 465 2249 se
489 2184 689 2250 benevolum
715 2185 911 2260 ostenderat,
945 2185 1028 2250 nihil
1053 2189 1158 2270 magis
1187 2188 1283 2252 cordi
1313 2183 1405 2274 lrab3

277 2284 343 2364 bat,
377 2305 476 2369 quam
508 2291 544 2346 ut
531 2283 753 2346 tconcordia
784 2286 871 2347 inter
902 2283 1196 2350 Sacerdotiumt
1163 2295 1196 2348 et
1219 2261 1405 2375 Ιῐιιρειίιιιι4

277 2384 512 2447 restitueretur
560 2383 600 2444 In
617 2379 707 2444 hunc
732 2380 832 2444 finem
849 2393 992 2446 oratores
1008 2382 1192 2468 Melphium
1219 2386 1328 2452 misit
1357 2387 1404 2450 ub

277 2479 467 2543 Fridericus
483 2478 686 2560 versabatur,
712 2501 750 2542 ao
775 2479 816 2542 de
840 2501 921 2564 pace
946 2502 1020 2544 cum
1047 2483 1119 2565 ipso
1136 2485 1310 2548 tractavit.
1350 2487 1404 2548 Ini

277 2579 322 2642 tio
354 2579 537 2663 Imperator
567 2579 664 2640 reniti
696 2579 787 2640 visus
818 2588 883 2657 est,
916 2577 1102 2664 multasque
1133 2579 1340 2644 Innocentio
1368 2581 1404 2644 lp

277 2678 448 2763 proposuit
472 2674 631 2760 querelas,
657 2697 739 2760 quas
753 2675 907 2738 Pontifex
933 2676 1059 2740 diluere
1079 2677 1214 2754 studuit.
1257 2677 1404 2742 Deruum

277 2795 392 2838 versus
416 2774 515 2836 finem
552 2775 630 2836 anni
658 2773 753 2853 1243,
785 2795 888 2858 quum
913 2773 1104 2838 Fridericus
1138 2775 1404 2841 aviterbienst

276 2871 339 2936 bus
363 2893 484 2954 magna
508 2869 601 2934 clade
625 2871 763 2934 affectus
788 2885 881 2954 esset,
907 2875 1094 2957 proniorem
1119 2873 1162 2936 ad
1186 2877 1404 2942 concordiam

277 2993 346 3034 sese
371 2969 523 3052 ostendit,
548 2979 647 3054 atque
672 2968 726 3032 die
749 2970 810 3032 31⁰
834 2969 944 3032 Martii
969 2972 1048 3034 anni
1076 2973 1162 3034 1244
1185 2991 1253 3055 pax
1281 2973 1404 3058 Ronntr

277 3067 432 3131 conclusa
456 3077 514 3131 est.
562 3065 717 3131 Oratores
741 3065 990 3151 Imperatoris
983 3091 1017 3130 ιιι
1051 3079 1217 3132 conventu
1243 3067 1404 3166 Οιιιιίἰιιιι4

275 3165 367 3246 lium,
394 3164 625 3250 praelatorum,
651 3175 784 3228 senatus
799 3164 979 3251 populique
995 3167 1135 3230 Romani
1152 3167 1241 3231 illius
1268 3174 1404 3291 ιιοιιιίιι4

271 3265 437 3348 jurarunt,
455 3283 531 3326 eum
548 3262 713 3326 mandatis
732 3261 930 3347 Apostolicis
955 3266 1043 3328 circa
1058 3287 1096 3328 ea
1110 3267 1229 3350 capita,
1257 3267 1305 3330 ob
1325 3281 1404 3356 quat

276 3385 295 3424 a
319 3359 479 3443 Gregorio
496 3361 546 3424 IX
570 3361 677 3423 suerat
698 3363 1016 3442 excommunicatus,
1040 3365 1236 3447 pariturum,
1264 3379 1301 3428 et
1317 3372 1400 3430 sistis

276 3459 440 3522 facturum
475 3481 533 3544 pro
563 3457 693 3521 damnis
725 3481 809 3543 quae
833 3459 981 3523 ecclesiis
1012 3475 1044 3524 et
1074 3460 1315 3528 ecclesiasticis
1343 3489 1403 3551 per

276 3558 364 3620 sonis
388 3555 554 3621 intulerat.
603 3557 839 3621 Verumtamen
864 3581 940 3622 mox
960 3559 1149 3622 Fridericus
1173 3565 1267 3646 pacis
1293 3567 1403 3630 condi

276 3656 381 3719 tiones
405 3653 579 3718 arbitrario
613 3654 710 3718 modo
735 3666 849 3719 contra
872 3655 1045 3720 Pontifieis
1075 3679 1207 3720 sensum
1243 3661 1403 3748 inter-pre

275 3762 363 3816 tatus
387 3763 445 3829 est,
472 3775 530 3837 per
554 3753 804 3837 Frangipanunr
833 3753 994 3818 familiam
1018 3755 1142 3818 Romae
1174 3755 1293 3820 turbas
1321 3763 1399 3822 cxci

275 3852 369 3932 tavit,
402 3872 463 3914 nec
493 3861 570 3914 ante
602 3852 753 3935 captivos
784 3851 949 3916 dimittere
981 3867 1013 3916 et
1043 3855 1207 3917 territoria
1237 3877 1403 3942 occupari

275 3948 413 4013 reddere
437 3947 552 4028 voluit,
584 3959 691 4034 quam'
709 3949 751 4013 ab
776 3953 1119 4015 excommunicatione
1150 3965 1237 4016 esset
1263 3955 1403 4020 solutus

276 4046 388 4126 Quum
422 4045 634 4131 Imperatoris
665 4049 796 4112 animus
824 4047 952 4112 hostilis
976 4051 1122 4134 apertius
1141 4072 1176 4114 se
1200 4052 1403 4136 ostenderet}

275 4146 410 4229 ipseque
436 4145 574 4208 insidias
596 4156 729 4230 pararet
744 4145 897 4209 Pontifici
916 4147 988 4231 jam
1013 4147 1057 4211 ad
1081 4171 1116 4212 se
1139 4147 1309 4213 Narniam
1338 4155 1403 4236 proi

275 4243 414 4327 paranti,
448 4241 664 4307 Innocentius
686 4245 738 4307 IV
771 4243 825 4308 die
849 4244 909 4310 28⁰
932 4244 1026 4311 Junii
1058 4268 1134 4310 cum
1164 4245 1402 4313 Cardinalibu:
