2858 4834
309 473 361 524 206
541 469 626 523 XXV.
646 469 685 523 De
703 485 785 523 causa
803 487 824 522 s.
843 469 960 522 Thomas
979 469 1191 524 i'antuariensis

309 637 344 679 se
368 637 432 678 non
467 614 640 678 mandasse
672 613 808 677 caedem
836 611 1087 698 archiepiscopi,
1125 625 1277 700 paratum
1318 627 1423 679 tamen

309 735 388 791 esse,
414 714 569 797 quoniam
584 711 724 774 funestis
748 712 817 774 suis
834 709 945 774 verbis
968 707 1056 774 illius
1072 712 1312 797 perpetrandae
1337 735 1423 777 ocra·

309 812 435 874 sionem
460 809 613 876 dedisset.
638 808 681 872 ad
705 807 913 872 subeundam
938 809 1121 873 secundum
1143 810 1316 875 Pontificis
1339 835 1423 876 man·

310 908 387 972 data
411 909 658 993 poenitentiam.
695 905 889 970 Alexander
903 905 955 969 III
979 906 1204 972 interfectores
1228 931 1252 973 s.
1270 908 1423 988 Thomas,

310 1019 342 1069 et
366 1006 560 1091 omnesqui
585 1004 716 1069 crimini
741 1006 794 1068 isti
823 1003 995 1080 auxilium,
1033 1005 1206 1070 consilium
1239 1007 1291 1070 vel
1323 1031 1423 1072 asseu·

310 1127 381 1167 sum
397 1104 628 1188 praebuerant,
642 1105 956 1184 excommunicavit,
973 1101 1137 1167 Thomam
1151 1125 1227 1168 vero
1243 1127 1331 1169 anno
1345 1107 1423 1169 ll'lli

311 1203 397 1264 inter
408 1200 547 1266 Sanctos
571 1223 610 1265 ac
630 1200 800 1266 Ecclesiae
827 1211 987 1285 martyres
1008 1200 1191 1265 declaravit
1214 1225 1284 1266 esse
1308 1202 1423 1268 haben

312 1299 390 1363 dum
416 1310 448 1362 et
471 1298 657 1364 colendum.
675 1337 717 1347 —
733 1299 899 1385 Episcopi,
924 1301 980 1386 qui
1003 1301 1037 1364 iu
1054 1321 1210 1364 censuras
1234 1300 1423 1365 inciderant.

313 1397 424 1465 multis
449 1399 614 1462 instantiis
638 1409 670 1460 et
684 1398 907 1462 satisfactione
931 1399 1088 1482 praestita
1112 1397 1352 1463 absolutionem
1377 1402 1423 1462 ob«

164 1503 276 1553 Rosertss
312 1498 492 1560 tinuerunt.
539 1495 759 1560 Eboracensis
789 1505 900 1559 tamen
924 1494 1192 1581 archiepiscopus
1223 1499 1367 1582 perstitit
1398 1499 1423 1560 iu

141 1565 371 1658 m'⁰'⁸⁰⁹¹¹⁸¹⁸'sua
395 1597 567 1659 aversione
592 1605 706 1658 contra
730 1617 754 1658 s.
780 1604 970 1673 martyrem.
996 1616 1057 1657 nec
1080 1596 1216 1676 agitatio
1248 1597 1361 1658 statim
1387 1619 1423 1658 se

312 1693 389 1757 data
413 1705 461 1755 est
485 1693 750 1758 adversariorum
776 1715 800 1756 s.
825 1692 983 1772 Thomas,
1010 1693 1055 1755 uti
1081 1693 1206 1755 eruitur
1229 1714 1271 1756 ex
1294 1693 1423 1778 epistola

311 1791 452 1856 loannis
477 1789 729 1855 Sarisberiensis
756 1789 798 1854 ad
833 1789 1035 1856 Gulielmum
1067 1789 1291 1855 Senonensem
1329 1791 1418 1854 archi

312 1890 514 1974 episcopum,
539 1897 626 1952 etex
649 1888 786 1975 epistola
801 1888 933 1972 Rogerii
951 1889 1178 1970 eboracensis,
1204 1891 1328 1973 scripta
1348 1903 1423 1974 post

312 2009 411 2074 ‹puam
436 2010 456 2050 a
472 1988 687 2073 suspensione
710 1985 836 2051 solutus
861 1998 918 2051 est.
950 1987 1072 2052 Scribit
1097 1986 1252 2050 videlicet
1268 1987 1415 2052 loannes

313 2085 429 2151 Sedent
452 2109 467 2149 e
492 2067 616 2172 sapione
638 2083 819 2171 blasphemi,
844 2087 898 2169 qai
921 2085 976 2148 aab
999 2088 1123 2148 nomine
1147 2095 1176 2148 et
1195 2085 1309 2148 bonore
1335 2109 1423 2148 sacer

312 2183 416 2247 dotati
437 2183 646 2247 saeerdotiam
665 2194 912 2270 persequantur,
931 2184 1135 2268 principibus
1158 2183 1343 2253 adulantes,
1364 2208 1423 2270 prs

311 2293 485 2346 secutorum
501 2283 661 2346 Ecclesiae
678 2283 891 2369 justificantes
915 2305 1052 2360 saraam,
1077 2281 1254 2344 exaltantes
1282 2283 1316 2345 ia
1348 2281 1423 2354 rebat

309 2383 466 2468 pessimis,
494 2381 613 2445 seilicet
645 2381 729 2466 quod
746 2380 958 2468 potestatibus
983 2381 1173 2444 adstiterunt
1197 2380 1350 2458 adsersm
1374 2366 1423 2442 Do

312 2481 430 2543 mirsam
457 2491 486 2544 et
513 2481 663 2543 adsersus
691 2477 848 2543 Christum
882 2483 958 2567 ejas,
997 2484 1085 2569 cajeta
1123 2479 1253 2562 sanquis
1286 2501 1350 2564 per
1388 2501 1422 2540 eoi

306 2577 441 2664 *effusus
472 2577 543 2640 licet
566 2577 701 2641 militam
727 2579 912 2650 ministerio,
948 2577 987 2639 de
1012 2589 1098 2641 terra
1120 2574 1237 2640 clamat
1260 2576 1303 2638 ad
1330 2577 1422 2639 Domi

313 2700 396 2740 nam.
423 2725 430 2738 .
457 2725 464 2739 .
490 2725 496 2738 .
525 2677 645 2739 Horam
669 2687 765 2761 caput
788 2687 834 2739 est
861 2675 916 2738 ille
942 2675 1161 2753 Eboraceasis,
1193 2697 1280 2760 qoem
1312 2675 1422 2760 nidisti

314 2785 343 2835 et
367 2774 503 2838 audatis
523 2773 636 2859 palam
661 2777 692 2837 iu
717 2775 807 2837 curia
838 2775 1102 2860 archiepiscopum
1127 2783 1376 2857 persequentem.
1408 2773 1422 2826 ν’

313 2874 369 2958 qui
390 2872 540 2958 indignus
563 2872 671 2940 fueras
701 2895 752 2936 ore
783 2871 946 2958 sacrilepo,
979 2895 1038 2957 qao
1062 2893 1163 2935 aecem
1194 2872 1347 2955 martyris
1368 2892 1421 2954 pro

315 2973 448 3048 curavit,
472 2970 731 3057 ipsiusproferre
747 2993 876 3034 reomao:
899 2993 967 3034 eam
985 2969 1096 3056 plane,
1122 2968 1287 3032 mendosas
1310 2979 1343 3031 et
1359 2991 1421 3030 men

313 3070 391 3145 dam,
416 3073 488 3158 jam
512 3069 668 3132 inauditis
691 3079 904 3132 coruscantem
933 3066 1106 3145 miraculis,
1145 3067 1255 3132 adbuc.
1286 3067 1369 3129 siem
1399 3075 1421 3156 rt

315 3169 432 3232 litteris
455 3172 521 3257 ejas
543 3178 647 3254 patet,
671 3169 815 3231 nominat
839 3167 1036 3231 Pharaonem
1084 3163 1148 3230 Sed
1178 3187 1239 3228 noa
1272 3169 1421 3227 movemur

317 3267 527 3353 siflapitiosa
551 3263 654 3330 bellua
679 3277 845 3351 martyrem
872 3266 1101 3345 contorserat,
1134 3287 1211 3349 quae
1236 3265 1317 3326 sicat
1343 3283 1420 3346 opert

316 3363 488 3450 manifesta
511 3366 706 3441 conuincam,
731 3364 829 3426 Deum
854 3365 960 3448 amque
983 3387 1047 3427 aon
1069 3373 1200 3426 veretur.
1208 3362 1232 3442 ¹)
1278 3359 1420 3443 Rogsriut

318 3485 397 3526 vero
430 3485 450 3526 a
479 3464 693 3547 suspensione
723 3461 892 3526 absolutus
930 3461 973 3524 ad
1012 3459 1136 3525 clerum
1178 3480 1274 3523 suum
1307 3457 1420 3550 scribit

318 3561 494 3625 Familiare
518 3570 563 3623 est
587 3559 728 3624 omnibus
751 3560 880 3644 iniquis,
904 3561 1025 3646 paones
1041 3559 1184 3622 maamsci
1193 3565 1332 3643 poemat
1355 3563 1420 3619 occat

317 3661 445 3738 sionem,
479 3658 655 3722 maledictis
678 3681 730 3722 eos
752 3657 864 3743 quibus
886 3657 1029 3722 invideat
1052 3659 1186 3736 inurere,
1217 3665 1247 3718 et
1277 3650 1419 3718 oeneaatl

318 3758 480 3821 uerborum
503 3756 624 3844 jaculis
646 3756 745 3842 fipere
775 3757 964 3821 innocentes.
1021 3755 1171 3819 Fecerant
1199 3754 1255 3817 loc
1290 3754 1346 3838 qui
1368 3757 1419 3840 jot

394 4021 415 4090 ¹)
435 4023 502 4090 Epp.
522 4022 586 4076 edit.
607 4022 681 4075 Gites
699 4023 751 4076 vol.
765 4020 802 4076 11.
822 4035 862 4089 ep.
882 4021 943 4076 305.
963 4036 1026 4089 pag.
1046 4019 1105 4074 260.
1120 4049 1154 4058 -
1168 4018 1269 4086 Arguit
1289 4018 1352 4072 (lein
1370 4017 1418 4068 bun

320 4104 470 4173 praesulem
489 4109 521 4156 ut
538 4103 639 4172 flagitii
658 4103 842 4170 impudicitiae
860 4117 943 4156 reum.
982 4101 1022 4156 De
1040 4099 1144 4170 objecto
1171 4099 1283 4153 crimine
1302 4105 1418 4152 tamena

321 4191 489 4254 purgaverat
519 4183 667 4252 angerius
705 4182 751 4237 sed
782 4181 918 4251 flagitium
949 4181 1116 4236 communem
1152 4178 1289 4233 contendit
1321 4177 1418 4233 Joanne

317 4264 533 4321 Sarisberiensis.
