2850 4834
421 453 634 521 'templariorum
653 463 754 510 reatus.
1098 457 1149 512 14³

24 593 134 660 Etiam
170 596 351 681 Loyseleur
379 597 542 683 ejusmodi
574 599 747 683 opiniones
780 599 942 680 emittit,¹)=
976 611 1076 686 atque
1106 601 1148 666 N.

23 693 232 780 Deschamps
248 698 284 760 in
294 716 393 782 opere
411 694 587 782 posthumo
603 695 645 760 de
661 696 875 762 societatibus
889 699 1024 762 secretis
1039 698 1147 764 eidem

22 795 205 858 sententiae
228 793 470 878 suffragatur·.²)
510 791 679 858 Absolute
710 794 845 881 quidem
876 816 943 858 non
974 809 1147 880 repugnat.
1234 851 1246 866 ,

21 889 229 975 Templarios
252 894 414 976 integram
439 894 629 958 societatem
664 891 865 958 haereticam
889 914 964 957 cum
989 893 1149 958 doctrinis

20 988 208 1075 ritibusque
230 993 365 1056 secretis
385 991 605 1071 constituisse,
629 1001 729 1076 atque
745 991 808 1057 hec
824 993 988 1056 sententia
1003 991 1148 1056 admissa

19 1089 98 1150 ritus
133 1089 229 1174 impii
259 1087 393 1174 aliaque
423 1088 571 1152 facinora
602 1089 776 1154 commode
799 1087 1018 1176 explicantur.
1066 1088 1147 1154 Cen·

19 1205 128 1248 semus
155 1197 277 1268 umen,
302 1196 500 1270 argumenta
523 1208 608 1272 quae
631 1187 816 1251 afferuntur
839 1185 875 1250 id
891 1208 956 1251 non
982 1188 1147 1269 evincere,

20 1304 126 1367 neque
152 1285 232 1348 satis
256 1284 433 1370 probatum
458 1306 539 1364 esse,
570 1285 736 1348 exstitisse
760 1293 883 1348 statuta
914 1297 1040 1349 secreta
1064 1287 1147 1371 ejus·

19 1380 105 1444 modi
140 1384 320 1448 societatis.
378 1379 610 1446 Confessiones
645 1381 772 1468 aliquot
802 1380 1065 1466 Templariorum
1106 1383 1148 1448 de

19 1480 151 1564 scriptis
174 1478 340 1544 libellisve
365 1482 509 1560 secretis,
534 1501 600 1544 non
626 1479 782 1544 videntur
805 1479 1059 1544 fundamentum
1084 1481 1147 1545 sul·

18 1576 133 1641 ficiens
167 1577 213 1642 ad
238 1577 325 1642 hanc
356 1580 546 1663 opinionem
578 1577 747 1642 tuendam.
782 1613 819 1626 —
854 1575 1025 1642 Sententia
1059 1600 1146 1660 vero,

20 1673 358 1740 francomuratorum
391 1677 563 1740 societates
596 1675 878 1738 continuationem
909 1696 979 1740 esse
1012 1676 1148 1744 Ordinis

18 1771 298 1858 Templsriorum,
324 1775 440 1838 merito
460 1774 531 1858 jam
557 1773 691 1857 saepius
714 1771 851 1857 explosa
863 1783 921 1854 est,
948 1796 1008 1840 nec
1025 1775 1147 1842 talibus

20 1871 213 1936 fictionibus
238 1894 411 1938 censemus
434 1893 504 1936 csse
536 1870 788 1937 inhaerendum.
819 1909 862 1918 —
892 1869 958 1935 Sed
987 1875 1087 1937 etiem
1120 1876 1146 1938 si

19 1989 77 2032 non
103 1969 309 2053 admittitur,
343 1981 447 2033 totum
472 1969 633 2035 Ordinem
658 1967 922 2054 Templariorum
957 1972 990 2033 in
1022 1985 1145 2036 sectam

19 2065 222 2132 haereticam
255 2068 482 2153 degenerasse,
514 2068 584 2132 lieri
609 2069 726 2153 potuit,
758 2077 795 2132 ut
818 2065 912 2131 multi
936 2068 1148 2134 allicerentur

20 2165 254 2230 incredulitate
282 2167 449 2252 variisque
478 2167 569 2230 vitiis
597 2164 750 2250 turpibus
774 2167 807 2228 in
832 2165 995 2250 ejusmodi
1020 2166 1147 2233 Ordine

20 2262 161 2342 militari,
199 2264 295 2349 cujus
318 2265 467 2328 membra
491 2263 634 2328 decursu
657 2263 815 2348 temporis
839 2262 1068 2346 dominationi,
1099 2267 1145 2330 di·

20 2363 113 2445 ···itiis,
142 2361 375 2448 voluptatibus
400 2363 506 2445 magis
530 2361 701 2446 magisque
726 2359 912 2426 inhiabant.

97 2497 156 2560 55.
212 2494 333 2558 Notum
373 2505 430 2574 est,
471 2506 577 2558 aetate
613 2494 773 2558 Friderici
805 2493 840 2557 11
877 2494 1143 2561 incredulitatem
1172 2513 1303 2562 nxpuuuo

20 2593 215 2680 morninque
240 2594 274 2656 in
299 2592 486 2678 voluptates
515 2592 774 2672 dissolutionem,
806 2592 909 2676 ipsius
932 2577 1315 2678 Imperatoris⁰⁰m¹¹‘¹⁰”¹'·

20 2691 168 2777 exemplo
198 2690 296 2754 valde
320 2713 354 2754 se
378 2711 595 2776 propagasse,
628 2713 667 2753 ac
698 2690 781 2752 forte
811 2711 849 2753 eo
881 2699 1027 2776 tempore
1051 2693 1147 2757 Tern-

20 2787 200 2872 pleriorum
226 2787 316 2854 Ordo
349 2790 559 2873 corruptione
583 2787 815 2852 vehementius
837 2787 979 2854 infectus
1003 2802 1060 2856 est.
1106 2791 1146 2856 In

21 2885 124 2952 Gallia
153 2885 379 2967 meridionali,
404 2887 452 2949 uti
472 2887 544 2972 jam
569 2887 749 2968 innuimus,
773 2885 954 2971 Templarii
984 2911 1063 2954 sane
1086 2889 1145 2954 fre·

20 2997 157 3068 quenter
190 2984 467 3048 consuetudinem
492 2981 681 3046 habuerunt
709 3005 783 3046 cum
809 2982 973 3065 Catharis,
1006 3008 1144 3072 quorum

18 3085 183 3150 erroribus
202 3083 324 3147 multae
340 3082 486 3147 familiae
510 3083 637 3146 nobiles
653 3082 808 3147 addictae
822 3093 932 3160 erant3
957 3083 990 3147 iu
1009 3083 1145 3150 Oriente

20 3201 87 3246 raro
127 3181 289 3266 exempla
338 3181 676 3264 lluhamedanorum,
730 3179 888 3265 Syrorum
939 3181 1145 3247 Palaestinae

20 3284 79 3344 rita
103 3266 219 3346 mollis
243 3293 276 3344 et
293 3278 521 3365 voluptatibus
537 3279 660 3360 dedita,
686 3278 1017 3365 Christianorumque
1031 3277 1144 3345 Orien·

19 3380 52 3440 tis
74 3378 227 3464 lugenda
252 3380 286 3442 in
310 3388 416 3442 sectas
439 3377 571 3458 divisio,
612 3379 777 3441 occasioni
819 3399 888 3441 esse
923 3389 1067 3462 potuere,
1109 3391 1144 3442 ut

21 3475 92 3540 tides
116 3503 161 3541 ac
188 3497 296 3540 moros
321 3475 462 3539 militum
495 3474 625 3539 illorum
656 3487 953 3560 corrumperentur.
1001 3473 1144 3554 Quando

22 3595 88 3639 tero
102 3572 443 3660 compluresOrdinis
462 3573 631 3657 dignitarii
644 3572 766 3657 aliique
775 3572 956 3658 Templarii
967 3595 1034 3638 non
1046 3577 1143 3659 pauci

103 3783 205 3790 .---·---
216 3783 231 3789 --

83 3917 104 3974 ²)
125 3911 170 3966 La
189 3910 315 3965 doctrine
332 3912 435 3964 secrete
453 3911 500 3964 des
518 3909 674 3978 remotius,
694 3908 773 3964 Paris
793 3909 872 3964 1872.

83 4004 102 4058 ἢ
125 4003 160 4057 N.
177 4001 350 4068 Deschamps,
369 3999 421 4054 Les
439 4000 553 4054 sociates
572 4001 687 4053 secretas
706 4005 735 4053 et
753 3996 781 4052 lc
799 3999 909 4064 sociate,
929 4013 963 4052 ou
977 3997 1143 4066 philosophie

23 4079 48 4134 te
67 4083 202 4139 lhistoire
226 4081 453 4148 contemperatus.
490 4078 637 4135 neuxiems
656 4079 772 4144 edition,
798 4079 881 4134 'l'ome
899 4079 920 4135 I.
941 4079 970 4132 1.
992 4079 1026 4132 11.
1047 4077 1095 4134 ch.
1116 4079 1143 4133 1:

23 4161 64 4216 les
80 4163 208 4232 origines
224 4162 259 4216 de
277 4161 304 4214 la
317 4160 586 4228 Francmcconnerie;
606 4163 631 4216 tr.
645 4159 698 4214 Les
717 4159 862 4228 templiers,
882 4159 1031 4226 quatritme
1050 4173 1143 4214 source

23 4243 49 4296 te
65 4245 90 4298 ts
107 4241 286 4312 maconucrie
305 4241 404 4309 (Paris,
423 4241 511 4296 Oudin
530 4241 626 4296 urere
646 4240 736 4311 1880).
