2828 4842
358 511 504 580 Expeditio
523 511 644 566 cruciata
662 517 769 578 quarta.
1090 511 1145 565 sot

43 655 158 739 Imperii
181 655 360 740 impotente
385 655 568 740 cupiditate
592 654 773 740 flagrantis,
793 653 919 739 juniori
936 653 1057 718 Alexio
1081 655 1144 719 Im·

42 753 162 834 peratori
185 775 224 816 ac
247 752 452 818 benefactori
479 775 537 817 sno
562 754 712 837 ingratus
736 749 823 814 mele
846 750 1000 835 rependit
1024 752 1143 820 vicem.

42 847 154 913 Etenim
177 871 253 914 cum
288 851 495 915 tumultuans
527 849 668 937 populns
702 847 945 914 adolescentem
969 849 1145 914 Nicolaum

42 943 194 1012 Cenabum
218 950 449 1034 inaugurasset
473 949 721 1035 Imperatorem,
755 946 896 1029 insignis
918 946 1068 1031 proditor
1089 947 1145 1012 ille

43 1043 160 1110 Alesios
184 1047 306 1126 Duoas,
332 1047 411 1111 dum
437 1049 508 1110 sive
532 1045 643 1112 dolore
667 1066 778 1109 rerum
802 1046 1036 1130 praesentium,
1062 1047 1144 1127 sive,

42 1155 70 1204 ut
101 1143 256 1208 creditum
297 1156 362 1226 est,
401 1167 531 1210 veneno
561 1152 693 1230 potatus
724 1143 870 1207 animam
907 1154 1020 1226 ageret
1048 1143 1146 1208 Isaac

43 1239 176 1325 Angelus,
211 1251 306 1326 pater
331 1243 477 1328 junioris
499 1240 612 1306 Alexii
635 1240 867 1326 Imperatoris,
901 1238 963 1303 snb
994 1243 1144 1326 specioso

42 1337 158 1402 obtentu
178 1341 348 1426 juniorem
372 1339 530 1404 Alexinm
563 1337 726 1424 eripiendi
751 1359 768 1401 e
792 1359 893 1401 manu
917 1337 1056 1402 furentis
1079 1338 1145 1425 ple·

43 1434 90 1514 bis,
112 1457 180 1500 eum
206 1435 289 1500 nihil
314 1435 523 1502 diffidentem
547 1439 582 1501 in
606 1457 772 1500 carcerem
797 1433 953 1520 conjecit,
984 1446 1018 1499 et
1040 1437 1145 1502 orion.

42 1531 93 1594 tale
114 1535 290 1620 Imperium
321 1537 454 1600 invasit.
502 1535 583 1598 Mox
613 1536 723 1599 vincto
756 1542 789 1596 et
821 1531 991 1596 custodiae
1023 1535 1146 1599 tradito

42 1629 157 1695 Nicolao
174 1629 321 1712 Oanabo,
345 1655 383 1697 eo
408 1632 613 1698 crudelitatis
632 1631 791 1717 prorupit,
818 1639 854 1694 ut
871 1629 1015 1715 junioris
1032 1631 1146 1698 Alexii

43 1727 233 1812 Imperatoris
246 1733 388 1816 propriis
401 1730 556 1795 manibus
572 1729 685 1793 fauces
700 1727 818 1813 laqueo
832 1727 1007 1810 frangeret,
1032 1731 1148 1816 sicque

41 1838 185 1911 arreptam
209 1828 420 1912 tyrannidem
445 1828 640 1892 confirmare
665 1828 832 1891 niteretur.

113 2021 162 2086 97.
191 2021 279 2086 Dein
296 2045 371 2086 cnm
388 2023 526 2086 Francis
550 2021 729 2106 crucigeris
753 2017 914 2104 praelium
939 2022 1222 2086 commiserones
1226 2035 1311 2078 retr

40 2139 122 2181 ausus
152 2130 208 2201 est,
242 2119 300 2184 sed
324 2119 448 2184 infelici
474 2119 579 2183 Marte
602 2117 777 2204 pugnavit,
813 2117 858 2180 ita
886 2128 923 2180 ut
946 2116 1067 2182 Graeci
1097 2119 1145 2182 fn·
1155 2091 1321 2204 ὼῇω

40 2215 148 2296 gientes
172 2239 242 2282 sese
266 2220 353 2282 intra
378 2219 509 2282 moenia
533 2217 679 2281 civitatis
703 2217 898 2300 reciperent.
929 2213 1043 2295 Quum
1066 2238 1147 2280 vero

40 2289 145 2377 exinde
175 2318 332 2380 continuo
356 2339 376 2379 a
400 2313 538 2380 Graecis
569 2323 772 2378 vexarentur
803 2313 953 2391 cruciati,
984 2336 1045 2378 neo
1073 2315 1147 2400 jam

41 2413 128 2492 pactis
156 2423 254 2478 antea
286 2415 378 2477 initis
409 2411 593 2498 Imperator
625 2423 711 2476 stare
742 2409 854 2492 vellet,
892 2433 1005 2476 mense
1037 2411 1147 2498 Aprili

41 2511 241 2595 crucesignati
276 2511 450 2575 consilium
485 2512 632 2575 inierunt
664 2508 880 2596 expugnandi
914 2507 1147 2576 Constantino-

43 2604 138 2692 polim,
178 2619 277 2695 atqne
309 2607 497 2674 incredibili
529 2608 722 2672 fortitudine
760 2617 847 2672 terra
883 2609 1033 2693 marique
1072 2631 1147 2672 eam

41 2703 139 2789 adorti,
162 2705 258 2770 brevi
282 2715 429 2792 tempore
454 2707 507 2770 die
534 2709 591 2771 11ο
608 2705 733 2792 Aprilis
757 2706 837 2770 anni
864 2704 950 2768 1204
974 2707 1147 2771 civitatem

43 2815 189 2885 ceperunt.
237 2802 339 2870 Urbis
363 2801 518 2868 CPtanae
552 2804 771 2888 direptionem
805 2801 979 2866 aLatinis
1011 2804 1147 2885 factam,

43 2919 187 2965 sacrorum
213 2902 478 2988 profanationem
495 2899 627 2985 aliaque
644 2899 768 2964 scelera
785 2901 818 2963 in
834 2899 996 2985 ejusmodi
1012 2902 1147 2966 urbium

43 2998 327 3081 expugnationibus
342 2999 464 3084 patrari
481 3007 595 3062 contra
610 2999 665 3084 jus
683 2998 877 3084 justumque
894 2997 998 3080 solita,
1023 3001 1150 3085 tragice

44 3089 180 3160 describit
203 3108 237 3161 et
260 3097 346 3161 ultra
371 3095 506 3160 modum
530 3103 710 3180 exaggerat
732 3095 877 3160 Nicetes.
910 3093 975 3159 Sed
999 3096 1148 3181 profecto

45 3193 143 3258 mirum
167 3195 274 3260 videri
299 3195 389 3258 haud
421 3193 529 3276 debet,
566 3192 654 3278 qnod
686 3191 741 3255 bio
769 3193 910 3278 scriptor
936 3215 1085 3277 graecus,
1113 3198 1148 3260 in

44 3288 200 3357 schismate
229 3295 398 3379 pertinax,
432 3302 464 3356 et
487 3289 682 3377 inexpiabili
706 3291 741 3354 in
766 3289 949 3354 Romanam
974 3292 1149 3358 ecclesiam

44 3384 102 3450 odio
123 3402 225 3470 actus,
252 3391 389 3456 Latinos
407 3391 561 3454 maximis
577 3388 707 3475 probris
724 3390 912 3452 oneraverit
936 3399 968 3454 et
981 3388 1149 3456 horrenda

25 3481 180 3564 lagitia'
172 3491 256 3574 ipsis
278 3488 501 3574 adscripserit.
548 3486 686 3551 Nicetae
709 3487 821 3572 itaque
844 3488 1067 3571 tesimonium,
1100 3499 1149 3552 ut·

26 3594 104 3660 rpote
126 3586 185 3649 viri
209 3607 351 3670 graecae
375 3593 474 3670 atque
498 3583 680 3649 admodum
696 3582 861 3648 sublestae
876 3583 965 3666 fidei,
991 3608 1148 3670 magnam

47 3677 99 3740 tim
126 3703 188 3746 non
219 3681 331 3748 babet
379 3682 453 3746 Non
485 3693 534 3746 est
571 3694 683 3746 tamen
714 3704 774 3745 cur
811 3703 984 3766 negemus,
1024 3685 1150 3750 scelera

47 3779 184 3856 «puedam
209 3793 244 3845 et
241 3779 473 3866 sacrilegia
465 3805 500 3845 ιιι
525 3780 588 3845 hac
613 3779 705 3844 urbis
722 3777 877 3844 CPtanae
900 3785 1149 3894 expugnatione

47 3879 197 3942 conmissa
228 3851 352 3954 fuisse;
384 3900 461 3942 nam
493 3889 526 3942 et
547 3878 762 3942 Innocentius
785 3877 876 3942 III
869 3901 902 3942 ιιι
933 3882 1002 3944 suis
1032 3878 1151 3947 litteris

48 3967 78 4030 ⁰
97 3975 252 4058 ejusmodi
276 3977 481 4041 facinoribus
505 3978 651 4040 maxime
675 3975 834 4040 dolet-
790 3975 958 4062 ——Capta
981 4000 1001 4041 a
1018 3977 1150 4043 Latinis

49 4061 158 4136 flaua
186 4073 270 4138 urbe
293 4071 457 4161 rebusque
491 4095 549 4159 pro
573 4082 721 4160 tempore
745 4075 946 4159 compositis,
980 4075 1021 4140 de
1045 4076 1149 4142 latino

51 4161 173 4247 eligendo
203 4171 410 4258 Imperatore
443 4182 555 4236 actum
584 4182 646 4254 est,
679 4180 714 4236 et
749 4185 965 4257 promovente
996 4173 1150 4240 Dandolo

970 4315 1022 4368 20*
