3000 4838
295 480 313 532 4
483 479 586 536 XXIII.
605 479 645 534 De
663 485 740 534 statu
759 480 860 535 Eccles.
879 479 962 547 priori
981 485 1059 546 parte
1078 495 1148 552 saec.
1168 480 1227 534 XII.

385 625 416 686 o.
463 623 540 688 dam
573 623 754 706 Gregorius
787 623 851 687 VII
887 623 1011 687 litteras
1040 625 1170 708 accepit
1200 647 1220 686 a
1253 622 1407 688 Miclrae'le

296 721 393 784 Duco
425 719 628 808 Imperatore
658 719 875 802 Graecorum,
914 723 970 807 qui
1005 721 1146 784 Romani
1178 722 1347 786 Pontifiois
1379 733 1409 786 et

296 816 562 882 Occidentaliuni
593 818 756 884 auxilium
781 829 896 884 contra
919 819 1102 883 Turcarum
1128 830 1265 884 conatus
1289 831 1321 884 et
1342 843 1407 907 pro·

294 937 425 1000 gressus
450 915 656 1000 implorabat,
681 927 780 1002 atque
804 918 860 981 hic
875 917 1031 980 Pontifex
1055 917 1134 982 inde
1157 916 1200 981 ah
1225 919 1318 982 initio
1337 941 1408 1004 pon-

294 1014 439 1079 tificatus
462 1015 512 1078 sui
549 1015 794 1100 expeditionem
819 1036 947 1080 sacram
979 1017 1012 1078 in
1037 1014 1207 1081 Orientem
1238 1016 1409 1080 meditatus

294 1121 344 1177 est
371 1135 410 1177 ac
441 1115 662 1199 praeparavit.
710 1113 772 1178 Sed
809 1135 911 1199 quum
945 1134 1024 1177 mox
1051 1114 1081 1176 ei
1105 1115 1303 1198 gravissima
1327 1114 1409 1179 lucta

294 1221 408 1275 contra
431 1210 615 1275 Henricum
639 1210 687 1274 IV
712 1211 924 1296 suscipienda
957 1220 1055 1292 esset,
1088 1211 1178 1296 quod
1201 1222 1410 1297 proposuerat

294 1310 413 1394 exequi
431 1317 504 1373 non
527 1309 645 1395 potuit.

385 1404 524 1470 Alexius
549 1405 738 1470 Comnenus
762 1404 937 1470 Michaelis
960 1406 1078 1470 Ducae
1110 1427 1278 1471 successor·
1310 1408 1409 1493 Impe-

293 1514 382 1568 rator
406 1501 625 1580 Graecorum,
650 1525 752 1589 quum
776 1503 906 1567 'Furcae
930 1505 1036 1588 magis
1061 1506 1231 1590 magisque
1257 1504 1408 1570 Constan·

294 1599 431 1686 tinopoli
462 1602 781 1686 appropinquarent,
820 1602 853 1666 in
878 1603 1016 1666 summis
1039 1603 1201 1684 angustiis
1224 1605 1350 1689 positus
1372 1603 1411 1668 le-

293 1709 386 1781 gatos
409 1697 599 1786 litterasque
624 1701 714 1763 misit
735 1699 779 1763 ad
795 1699 969 1764 Urbanum
994 1699 1028 1764 Π
1050 1709 1082 1764 et
1104 1699 1148 1764 ad
1171 1701 1342 1786 principes
1364 1723 1410 1765 oo·

293 1796 484 1880 cidentales,
509 1807 545 1861 ut
568 1819 623 1861 eos
647 1797 690 1862 ad
705 1797 878 1862 ferendum
890 1799 1033 1883 Imperio
1051 1821 1091 1862 ao
1104 1796 1303 1866 Christianis
1315 1801 1411 1866 Asiae

293 1903 407 1960 contra
430 1895 556 1960 Turoas
580 1895 742 1959 auxilium
768 1898 939 1960 excitaret.
976 1896 1104 1960 Eodem
1127 1905 1275 1981 tempore
1300 1899 1412 1962 Petrus

291 1991 528 2058 Ambianensis
563 1993 764 2078 professione
789 2003 822 2058 et
845 2003 1061 2078 cognomento
1086 1994 1234 2058 Eremita
1266 1995 1411 2059 fidelium

292 2089 530 2173 multitudines,
562 2092 755 2176 praesertim
780 2093 814 2155 in
838 2089 958 2174 Gallia,
989 2091 1120 2155 fervida
1144 2091 1345 2178 eloquentia,
1380 2104 1413 2156 ut

292 2189 490 2255 Christianis
503 2188 650 2255 Orientis
674 2198 912 2271 succurrerent,
938 2190 1102 2253 evocavit.
1142 2189 1260 2254 Petrus
1284 2190 1341 2259 hic
1365 2193 1413 2254 vir

291 2287 412 2352 nobilis
445 2289 481 2351 in
504 2286 659 2351 Picardia
690 2288 792 2350 vitam
830 2289 1035 2352 eremiticam
1059 2286 1234 2373 amplexus
1258 2299 1341 2369 erat,
1376 2311 1412 2354 ac

292 2384 370 2449 dein
400 2385 700 2470 peregrinationem
731 2385 765 2448 iri
789 2383 1012 2449 Palaestinam
1045 2395 1244 2471 susceperat.
1291 2387 1414 2473 Magna

291 2484 423 2568 pietatis
445 2483 535 2546 fama
559 2480 666 2545 clarus
690 2481 826 2546 eTerra
849 2491 964 2546 sancta
988 2505 1018 2548 a.
1038 2482 1122 2548 1093
1146 2505 1301 2550 reversus
1325 2508 1413 2550 enar-

291 2582 379 2645 ravit
401 2580 606 2644 calamitates
629 2589 662 2644 et
686 2578 773 2643 mala
797 2581 959 2665 ingentia,
993 2581 1115 2667 quibus
1138 2580 1207 2645 illio
1231 2581 1413 2648 Christiani

291 2700 471 2765 eorumque
495 2676 654 2742 ecclesiae
678 2699 718 2741 ac
740 2678 796 2762 pia
819 2677 891 2743 loca
916 2677 1198 2765 opprimebantur.
1238 2679 1414 2746 Praeterea

291 2785 450 2863 exparte
473 2776 639 2842 Simeonis
671 2775 880 2861 patriarchae
903 2775 1198 2861 Hierosolymitani
1222 2776 1350 2843 litteras
1373 2778 1414 2844 fe·
1472 2813 1473 2870 p

290 2874 385 2941 rebat
416 2874 460 2939 ad
484 2875 670 2938 Romanum
694 2873 891 2938 Pontificem
915 2884 947 2938 et
969 2874 1012 2939 ad
1036 2876 1204 2960 principes
1227 2877 1414 2941 occidenta-
1472 2895 1473 2964 p

290 2973 347 3054 les,
373 2993 513 3059 quorum
527 2973 676 3036 omnium
689 2970 852 3036 auxilium
865 2971 1025 3036 adversus
1048 2971 1201 3038 infideles
1224 2973 1414 3059 patriarcha
1472 2999 1473 3004 ¹

291 3069 499 3157 implorabat.
546 3069 726 3134 Asserebat
749 3071 866 3134 Petrus
889 3070 1051 3152 Eremita,
1084 3093 1118 3135 se
1142 3093 1162 3135 a
1187 3069 1319 3137 Christo
1345 3075 1413 3159 ipsc
1472 3141 1473 3148 ,

290 3171 327 3234 iu
351 3170 489 3251 visione,
515 3190 601 3254 quae
625 3166 688 3231 sibi
714 3170 749 3232 in
763 3166 903 3232 ecclesia
918 3168 1224 3252 Hierosolymitana
1239 3169 1413 3255 obtigerat,
1472 3203 1473 3210 .

291 3267 472 3332 excitatum
503 3265 619 3347 fuisse,
655 3276 692 3330 ut
715 3264 923 3332 Christianos
946 3265 1138 3352 Europaeos
1170 3266 1214 3331 ad
1243 3267 1413 3334 ferendam

290 3385 387 3450 opem
410 3363 551 3428 fatribus
574 3365 642 3428 suis
667 3365 700 3428 in
725 3363 861 3430 Oriente
885 3366 1055 3429 excitaret.

380 3462 411 3528 6.
459 3461 614 3528 Urbanus
638 3461 672 3525 II
696 3464 865 3546 negotium
889 3462 1011 3527 Terrae
1034 3471 1168 3526 sanotae
1192 3464 1276 3527 serio
1301 3466 1412 3528 animo

290 3581 479 3646 eggressus,
504 3561 601 3624 Petro
625 3559 793 3624 Eremitae
817 3568 1012 3644 potestatem
1035 3561 1114 3624 fecit
1136 3559 1354 3645 praedicandi
1380 3563 1413 3625 in

290 3657 402 3739 Italia,
434 3659 469 3723 in
492 3656 604 3722 Gallia
628 3659 718 3723 etin
743 3657 940 3739 Germania,
970 3679 1101 3722 crucem
1134 3680 1193 3722 seu
1215 3657 1342 3724 bellum
1367 3682 1412 3724 sa·

291 3779 384 3820 orum
408 3756 568 3820 adversus
592 3755 753 3822 infideles.
784 3755 883 3836 Quod
900 3757 1017 3820 Petrus
1040 3766 1131 3820 tanto
1157 3777 1233 3820 oum
1256 3779 1413 3822 successu

291 3855 463 3939 praestitit,
488 3863 526 3918 ut
540 3855 718 3939 principes,
742 3854 865 3938 clerici,
891 3856 1073 3940 ingensque
1096 3853 1211 3940 populi
1235 3854 1412 3920 multitudo

292 3951 334 4016 ad
359 3950 482 4016 bellum
506 3973 636 4015 sacrum
661 3952 843 4017 ineundum
863 3953 934 4039 jam
956 3975 992 4016 se
1006 3954 1227 4037 accingerent.
1257 3953 1413 4018 Pontifex

293 4072 371 4114 vero
405 4047 494 4114 idem
529 4052 699 4133 negotium
729 4059 923 4137 prosecutus
947 4060 996 4115 est
1020 4053 1054 4114 in
1079 4051 1228 4135 synodis,
1270 4073 1354 4136 quas
1378 4053 1411 4114 in

292 4147 388 4212 Italia
412 4169 451 4212 ao
480 4151 515 4212 in
539 4145 648 4212 Gallia
679 4147 869 4215 celebravit.
917 4149 1015 4213 Anno
1043 4148 1128 4214 1095
1160 4148 1215 4212 die
1240 4150 1276 4212 1⁰
1299 4149 1411 4214 Martii

292 4245 481 4310 Placentiae
522 4246 686 4331 synodum
726 4246 920 4328 celebravit,
966 4246 1008 4310 ad
1040 4269 1140 4333 quam
1173 4246 1330 4332 permulti
1370 4267 1411 4310 ex
