2828 4842
46 1301 387 1429 Dissertatio
434 1305 747 1452 vigesima
781 1305 1067 1452 septima.

78 1536 132 1616 Ite
160 1537 491 1638 oppugnatione
524 1537 870 1636 haereticorum,
899 1556 951 1619 oc
980 1535 1036 1618 de

63 1651 315 1752 quibusdum
344 1652 599 1735 Innocentii
627 1653 698 1734 III
728 1651 1050 1736 Decretallbua

85 1975 109 2036 l.
126 1955 311 2036 lnnoceutii
326 1970 510 2057 lIlquanta
525 1972 625 2036 fuerit
636 1971 822 2036 sollicitudo
838 1973 872 2036 in
887 1970 1105 2056 gubernanda
1122 2003 1151 2040 ru
1153 2009 1227 2041 ......
1228 2001 1271 2039 ot.

14 2071 143 2134 arietata
152 2070 332 2136 christiana
343 2080 414 2134 tum
424 2069 616 2135 Occidentis
628 2079 699 2134 tum
709 2069 864 2150 Orientis,
878 2079 1021 2156 quantus
1033 2069 1105 2154 ejus
1122 2067 1157 2104 ¹¹¹¹
1171 2063 1269 2104 ¹⁰⁶⁰¹⁰¹·

14 2169 193 2232 auctoritatis
215 2169 312 2251 vigor
336 2176 369 2231 et
392 2165 544 2232 salutaris
569 2166 717 2232 influxus
744 2170 779 2232 in
799 2169 966 2253 principes
991 2189 1031 2231 ac
1054 2189 1111 2230 na·

11 2263 105 2346 tiones,
140 2288 183 2329 ex
206 2265 429 2350 praecedente
453 2264 621 2348 colligitur
649 2267 883 2332 Disertatione.
930 2264 996 2330 Sed
1020 2287 1110 2350 prae-

12 2357 198 2426 dorsetiam
224 2373 302 2426 sunt
324 2362 425 2445 hujus
448 2361 621 2427 Pontificis
652 2366 778 2444 merita,
811 2363 910 2450 quod,
940 2384 1041 2449 quum
1067 2385 1110 2426 ex

12 2453 181 2524 haeresibus
205 2461 346 2525 funestis
370 2483 409 2524 ca
424 2469 533 2524 aetate
558 2477 686 2525 summa
702 2460 871 2526 Ecclesiae
894 2482 933 2523 ac
950 2459 1027 2524 fidei
1052 2462 1110 2523 im·

11 2557 149 2621 uiuerent
173 2557 376 2638 discrimina,
401 2560 472 2643 ipsc
495 2559 617 2642 insigni
642 2560 764 2622 virtute
785 2560 888 2622 tuitus
909 2568 959 2622 est
981 2557 1110 2642 religio·

12 2671 66 2716 nem
88 2654 307 2741 haeresesque
330 2657 497 2740 repressit.
529 2656 645 2742 ltaque
661 2655 701 2719 de
717 2657 757 2719 iis
779 2677 911 2742 quoque
934 2655 1111 2720 eventibus

11 2753 50 2836 qui
77 2752 139 2817 buc
183 2754 351 2838 pertinent
385 2753 456 2838 jam
494 2754 652 2817 convenit
679 2753 798 2820 dicere.
845 2754 966 2839 Agitur
997 2763 1108 2818 autem

9 2853 161 2936 praecipue
196 2850 240 2915 de
270 2851 552 2936 perniciosissima
580 2849 788 2916 Catharortsm
812 2873 870 2915 seu
893 2851 1111 2936 Albipeoss'am

9 2943 121 3027 haereat,
160 2971 205 3012 ex
237 2949 331 3035 cujus
367 2949 603 3034 propagatione
641 2949 770 3012 funesta
806 2950 934 3033 integra
971 2949 1110 3012 societas

10 3041 164 3111 christiana
188 3045 451 3132 periclitabatur.
483 3046 715 3110 Tractabimus
740 3047 842 3130 igitur
864 3047 902 3110 da
925 3046 1016 3136 hujus
1038 3047 1109 3108 bae-

9 3147 68 3207 saa
88 3147 334 3234 oppugnatione,
366 3166 432 3230 qua
455 3144 582 3226 eadem,
615 3145 810 3209 Innocentio
834 3144 996 3209 Pontifice
1019 3165 1110 3228 prae·

9 3245 95 3307 sertim
118 3255 265 3324 auctore,
290 3242 430 3308 feliciter
452 3265 601 3328 repressa
625 3253 682 3308 est.
728 3241 835 3308 Simul
858 3265 937 3308 vero
961 3242 1111 3306 vindica-

9 3333 95 3405 hinus
117 3342 296 3428 principia,
321 3340 443 3428 quibus
459 3342 493 3405 in
511 3341 744 3427 oppugnandis
768 3341 943 3408 haereticis
959 3340 1111 3406 Ecclesia

9 3439 108 3505 sititur.
131 3479 175 3490 --
202 3439 339 3506 Clarum
373 3449 423 3504 ost
452 3462 549 3526 porro
581 3439 680 3526 hujus
711 3440 882 3506 Pontificis
913 3461 1034 3504 nomen
1066 3438 1110 3503 ob
1141 3459 1146 3474 ·

9 3532 146 3621 insignem
171 3541 247 3623 ejus
270 3539 393 3624 injure
418 3560 582 3602 canonum
607 3539 770 3624 peritiam,
795 3541 964 3625 ipsiusque
988 3537 1051 3601 bac
1075 3539 1110 3602 in

9 3653 33 3698 re
51 3637 261 3702 saluberrima
285 3637 427 3702 decreta.
461 3636 527 3702 Sed
551 3639 768 3702 attentionem
792 3636 967 3724 specialem
986 3655 1111 3700 meren·
1207 3695 1210 3700 .

9 3744 47 3794 tur
67 3737 219 3820 petundum
245 3734 443 3814 Decretalos,
483 3734 604 3822 quibus
628 3738 856 3800 auctoritatem
881 3733 1051 3799 Ecclesiae
1075 3733 1109 3796 in

10 3833 170 3898 ncietatem
190 3833 327 3899 civilem
343 3856 382 3897 ac
396 3833 592 3919 temporalia
615 3835 814 3919 principum,
839 3835 887 3896 uti
913 3832 994 3896 dicit
1017 3827 1110 3911 solet,

10 3927 140 4012 urticat,
172 3932 342 4018 hujusque
370 3932 575 3996 auctoritatis
599 3930 744 3995 indolem
771 3925 938 4017 praeclare
963 3927 1110 4014 exponit.

12 4021 95 4102 Quum
127 4052 206 4095 vero
233 4029 421 4094 Innocentii
446 4029 498 4093 ΙΙΙ
531 4031 695 4093 sententia
719 4030 825 4115 quoad
853 4028 916 4092 hoc
940 4027 1110 4092 doctrinae

12 4141 85 4208 aput
113 4129 239 4194 summi
273 4149 352 4192 sane
395 4129 554 4192 momenti
588 4130 645 4210 sit,
680 4127 721 4192 de
752 4127 817 4192 illis
848 4148 930 4212 quas
964 4124 1111 4188 diximus

9 4217 200 4291 &aetatibus
225 4223 398 4310 aliquanto
414 4227 602 4290 accuratius
617 4227 718 4290 etiam
734 4224 884 4290 hocloco
900 4243 1047 4309 agemus.
1066 4260 1109 4269 —
