2814 4840
312 497 330 552 6
527 513 530 520 ’
587 497 665 552 XXX
694 497 734 551 De
751 495 916 550 Pontificem
934 493 1067 550 Bonifatii
1086 494 1163 549 VIII.

313 641 396 726 ditm,
428 643 476 706 ait
503 641 643 726 scriptor
670 661 813 705 coaevus
837 638 1026 705 Ptolomeus
1049 639 1223 720 Lucensis,
1256 639 1334 724 qrwd
1353 641 1406 724 ipro

311 750 415 803 creato
439 736 534 804 simul
564 761 632 800 oum
656 738 777 801 decreto
806 735 1028 802 Cordinolium
1059 737 1184 800 litterar
1207 737 1305 800 eidem
1326 747 1406 798 trane

312 839 448 918 mittunt,
474 847 504 900 et
527 859 602 900 suae
627 835 800 899 Sanctitoti
824 833 1013 920 sipnifieont,
1044 843 1078 896 ut
1102 834 1146 898 od
1169 833 1271 898 locum
1300 857 1406 896 comma

311 959 390 1012 nem,
414 935 468 999 ubi
491 959 549 998 erio
564 934 664 1020 facto
687 945 756 997 erot
780 933 899 1010 electio,
923 931 1110 1018 dipnoretur
1124 933 1240 997 venire.
1273 931 1332 996 Ille
1353 949 1406 994 cero

312 1033 356 1098 od
378 1035 566 1098 instantiam
588 1034 681 1119 repis,
704 1033 810 1096 uenire
833 1030 999 1095 recusabat
1008 1054 1018 1110 ,ᾔ
1045 1031 1185 1116 quinimo
1206 1031 1320 1094 iisdem
1341 1053 1406 1092 mon<

312 1131 410 1210 duait,
439 1141 474 1194 ut
498 1131 541 1194 od
564 1131 667 1216 ipsum
696 1131 834 1193 veniant.
892 1129 1083 1214 His.'i9itur
1108 1129 1255 1214 peractio
1288 1127 1406 1192 dominil

141 1222 267 1325 ⁰⁰⁰¹⁸⁸¹,¹,¹¹¹
282 1223 448 1292 vLatinus
470 1229 610 1314 praviter
631 1227 820 1312 infirmatur,
845 1227 879 1290 in
903 1227 962 1312 quo
986 1236 1080 1288 totum
1093 1225 1223 1311 pondus
1237 1225 1406 1290 incumbebat

185 1296 224 1336 μ
250 1314 257 1325 ’
312 1349 407 1414 stepen
430 1326 578 1390 electione
597 1322 773 1390 Coeleetini.
799 1372 856 1388 ...
881 1324 934 1388 Eu
941 1323 1111 1409 fertiliori
1128 1323 1293 1388 devotione
1318 1335 1345 1386 et
1359 1345 1406 1386 con

302 1425 443 1510 fidentio
465 1422 616 1488 bonitatis
645 1422 711 1506 fuit
738 1433 838 1485 motus
862 1421 906 1484 ad
929 1419 1127 1484 eteodendum
1156 1421 1195 1484 de
1219 1423 1301 1507 ipso,
1332 1433 1363 1484 ut
1390 1421 1406 1482 ii

311 1545 461 1586 nummum
484 1532 694 1606 assumeretur
715 1519 904 1604 Pontificem.
952 1517 1151 1602 Appresotus
1174 1519 1274 1604 ipitur
1298 1515 1406 1606 oepritnl

311 1621 385 1685 diue
408 1623 541 1685 moritur
564 1620 698 1684 Perueii.
755 1617 819 1682 Sed
841 1617 1035 1680 redeundum
1068 1626 1114 1678 est
1144 1617 1188 1680 od
1215 1615 1406 1690 Caelestinum

311 1721 387 1806 quia
410 1717 471 1784 eibi
488 1717 681 1805 persuaderi
703 1739 767 1780 non
784 1716 893 1802 potuit
916 1724 951 1778 ut
974 1708 1093 1779 ueniret
1116 1715 1291 1793 Penatium,
1321 1715 1372 1778 ssd
1392 1717 1406 1784 ii

311 1815 431 1901 Aquilo
455 1815 561 1901 aliquo
586 1827 722 1902 tempore
740 1815 855 1901 pedem
870 1813 957 1896 fixit.
984 1862 991 1877 .
1018 1865 1024 1878 .
1050 1862 1059 1877 .
1085 1813 1215 1876 Interim
1242 1807 1406 1878 Cordinoli

311 1913 414 1999 aliqui
424 1913 621 2000 praecedunt
636 1911 680 1976 od
695 1913 827 1998 Papam,
853 1909 954 1996 aliqui
966 1910 1195 1995 subsequuntur
1213 1935 1323 1976 cerrus
1339 1909 1406 1997 Apol

311 2010 396 2074 lom:
418 2009 547 2074 ultimus
575 2021 680 2074 tomen
702 2009 747 2072 ad
769 2007 955 2072 veniendum
976 2008 1049 2094 fuit
1073 2009 1220 2074 dominus
1243 1997 1406 2086 Benedicti

315 2105 470 2199 Cojetoni,
496 2119 526 2171 et
545 2106 759 2184 dubitabatur,
783 2105 867 2192 quod
881 2129 945 2169 non
960 2107 1091 2185 ueniret,
1114 2107 1191 2193 quio
1205 2129 1310 2192 repom
1336 2095 1406 2272 aad]

311 2204 488 2292 offenderat
502 2209 538 2270 in
553 2205 724 2290 mrumst)
758 2207 867 2289 Aegre
891 2205 993 2288 igitur
1010 2205 1159 2288 accessit,
1185 2227 1223 2268 eo
1248 2204 1303 2268 vel
1329 2227 1406 2286 ma,

311 2302 399 2389 quod
428 2304 499 2389 jam
533 2303 670 2368 evidens
706 2313 805 2384 esset,
841 2299 994 2367 Carolum
1031 2305 1066 2368 in
1101 2299 1330 2367 Coelostinum
1366 2293 1406 2388 pel

311 2422 468 2486 magnum
492 2422 646 2465 exercere
670 2399 845 2465 inflexum.
1405 2399 1406 2478 l

401 2499 430 2562 7.
456 2499 544 2562 Fecit
566 2497 640 2563 dein
664 2495 866 2578 Caelestinus,
890 2499 937 2563 ait
958 2497 1168 2562 Ptolomaeus
1190 2500 1368 2582 Lucensis,

306 2597 492 2684 petitionem
520 2597 604 2682 repis
629 2621 726 2661 unam
756 2619 901 2682 mopnom
932 2597 1166 2661 ordinationem
1197 2583 1406 2666 cardinalari

312 2693 498 2758 Duodecim
522 2693 678 2758 videlicet
709 2696 835 2759 creavit
859 2691 1062 2777 cardinales,
1093 2696 1282 2782 exquibus
1308 2677 1406 2782 septci

311 2801 405 2856 erant
428 2790 527 2875 Galli,
552 2803 585 2857 et
608 2793 673 2858 duo
692 2792 845 2857 monachi
869 2793 1025 2856 eremitae
1043 2791 1323 2879 Congregationis
1347 2795 1406 2872 sual

311 2888 505 2976 Aegerrimo
534 2901 644 2955 autem
674 2890 820 2955 tulerunt
851 2887 1055 2973 cardinales,
1090 2893 1178 2978 quod
1209 2891 1303 2956 nullo
1339 2914 1391 2956 mo

312 2985 376 3052 heo
399 2989 434 3052 in
458 3011 493 3053 re
517 2988 654 3054 consilia
685 3011 798 3055 sorum
829 2989 935 3076 petiit,
968 2989 1026 3054 sed
1049 3011 1119 3054 rom
1144 3012 1248 3076 usque
1282 2989 1331 3054 ad
1356 2992 1400 3074 ri

310 3083 389 3149 liam
421 3089 596 3152 creationis
631 3087 762 3152 celavit.
818 3087 971 3168 Quodam
1004 3109 1083 3152 vero
1119 3087 1172 3151 die
1196 3097 1270 3173 post
1296 3081 1406 3156 coenal

311 3183 383 3247 sine
407 3185 471 3248 ritu
488 3184 626 3250 solemni
645 3183 855 3251 Cardinalsm
881 3187 980 3250 etiam
997 3181 1124 3250 creavit
1137 3185 1306 3250 ‚loannem
1333 3157 1406 3252 areli

311 3283 502 3368 episcopum
536 3282 810 3348 Beneventanum
843 3285 907 3369 ipsi
932 3281 1029 3347 valde
1056 3295 1205 3367 gratum
1237 3283 1333 3348 unde
1365 3298 1395 3347 ta

313 3377 540 3444 Cardinalium
566 3383 732 3446 contentio
757 3392 873 3446 exorta
896 3392 954 3461 est,
978 3391 1016 3444 ut
1030 3379 1307 3466 archiepiscopus
1333 3361 1406 3467 digri

311 3487 378 3542 tate
394 3477 511 3542 cedere
528 3491 662 3544 coaetus
679 3481 737 3562 sit,
763 3502 829 3566 qua
844 3490 959 3566 postea
982 3501 1024 3542 ex
1040 3479 1176 3565 antiquo
1199 3480 1265 3542 ritu
1293 3469 1406 3552 donati

311 3587 369 3640 est.
393 3613 436 3623 -—
461 3575 635 3642 Monachis
660 3576 914 3643 Cassinensibus
942 3587 974 3640 et
997 3575 1149 3641 habitum
1181 3577 1383 3644 cinericium

310 3673 442 3758 regulas
466 3697 545 3740 suae
569 3674 843 3762 congregationis
871 3673 1077 3740 coelestinus
1100 3675 1339 3760 praescripsit3
1365 3679 1402 3742 rit

311 3771 460 3837 dioribus
476 3784 587 3838 autem
604 3773 804 3861 quibusdam
820 3773 1052 3838 Franciscanis
1071 3774 1232 3859 permisit,
1256 3785 1297 3838 ut
1322 3799 1343 3840 a
1369 3765 1406 3842 cai

311 3873 390 3935 teris
413 3893 447 3936 se
471 3885 662 3958 separarent
686 3883 718 3937 et
741 3871 941 3959 peculiarem
967 3869 1265 3957 Congregutionem
1294 3871 1361 3938 sub
1385 3897 1403 3938 n

311 3971 401 4034 mine
431 3992 614 4057 pauperum
645 3969 866 4035 Eremitarum
900 3971 1148 4036 constituerent.
1172 4006 1216 4018 -
1241 3969 1393 4058 Assnmp

311 4089 390 4133 vero
415 4069 608 4134 secretarios
630 4067 742 4150 laicos,
774 4089 811 4133 eo
836 4067 923 4153 quod
948 4067 1176 4132 sacerdotibus
1206 4068 1406 4158 saecularibt

1405 4195 1406 4230 l

386 4279 406 4352 ¹)
426 4279 460 4338 H.
481 4281 511 4335 E.
527 4280 558 4336 L.
579 4279 679 4336 XXIV.
698 4295 720 4338 o.
739 4279 775 4335 28
784 4294 841 4347 sqq.
861 4296 894 4320 -ι
914 4279 948 4336 V.
967 4279 1100 4348 Rnynsid.
1121 4281 1155 4334 ad
1173 4295 1197 4334 a
1219 4279 1301 4336 1294„
1405 4285 1406 4306 ¹

1392 2883 1406 2960 Q

1389 2975 1406 3072 R
