2964 4838
531 472 625 530 Sixtus
643 475 691 531 iv.
1119 477 1173 532 sir

41 619 182 684 Sixtum
221 618 325 682 fertur
364 616 550 683 inclinasse.
605 617 727 683 Mirum
760 621 861 705 igitur
892 619 1079 686 nullatenus
1111 630 1169 700 est,

42 716 182 782 Sixtum
213 737 292 801 prae
317 715 428 781 indole
459 727 597 780 naturae
621 740 700 781 suae
725 717 784 783 hos
813 728 948 804 nepotes
972 719 1072 782 etiam
1096 717 1170 783 aliis

44 813 253 900 praetulisse.
315 811 526 879 Cardinalem
567 815 606 878 P.
642 814 793 880 Riarium
831 818 973 901 negotiis
1014 816 1169 900 gerendis
1180 819 1343 922 ΡἪΜ·

39 913 257 998 aptissimum
288 912 404 993 fuisse,
436 921 587 976 auctores
620 914 734 977 coaevi
765 914 864 978 etiam
895 917 925 978 ei
956 914 1170 979 adversantes
1216 885 1257 923 Η
1280 895 1314 924 Μ’

40 1019 221 1086 testantur,
246 1011 342 1074 sicuti
358 1009 492 1092 Brutus,
516 1012 573 1096 qui
598 1011 632 1074 in
657 1009 744 1075 Hist.
769 1011 913 1078 Floreat.
937 1012 958 1077 l.
980 1014 1013 1075 V
1038 1011 1171 1078 scribit:

45 1109 131 1172 Erat
154 1107 282 1192 inipso
306 1105 471 1172 calliditas
495 1117 524 1170 et
543 1108 747 1194 perspicacia
771 1119 873 1188 tanta,
897 1120 932 1174 at
953 1133 1052 1191 nemo,
1076 1111 1172 1174 etiam

42 1207 133 1269 omni
157 1216 259 1269 aetate
282 1208 406 1290 mappis
430 1205 610 1270 tractandis
631 1207 836 1292 perendisque
859 1209 952 1272 rebus
969 1219 1052 1287 acta,
1070 1207 1172 1294 plura
1226 1203 1231 1212 ’

39 1313 102 1368 aut
118 1303 308 1390 procideret
332 1305 448 1384 animo,
473 1314 529 1368 aut
547 1313 731 1389 praesta-ret
769 1305 823 1368 ubi
839 1307 972 1392 provisa
989 1315 1171 1392 perspecto·

39 1424 102 1486 quc
127 1397 265 1465 liaberet.
314 1399 432 1464 Merito
456 1411 568 1464 autem
592 1401 656 1486 ipsi
681 1400 838 1488 objicitur
860 1403 996 1489 profusa
1020 1401 1171 1489 prodiga·

42 1497 122 1562 litas
148 1508 181 1561 et
205 1497 453 1582 ingessimus,
477 1500 535 1584 qui
552 1497 621 1562 fero
637 1499 806 1563 Pontificis
831 1499 1036 1586 majestatem
1058 1500 1171 1565 obscu-

39 1595 154 1676 rabat,
187 1617 304 1681 eoque¹
325 1597 434 1660 minus
459 1593 630 1661 Cardinali
657 1597 778 1681 juveni
803 1597 958 1680 (XXVII
981 1601 1023 1679 a.)
1053 1619 1171 1662 conve-

41 1693 171 1774 aiebat,
197 1694 286 1779 quod
310 1717 352 1758 ex
364 1693 492 1759 Ordine
516 1704 587 1758 erat
602 1717 626 1761 s.
641 1694 822 1760 Francisci.
847 1695 1033 1760 Panvinius
1056 1697 1173 1761 scribit

40 1792 85 1856 de
112 1793 205 1878 ipso:
237 1791 348 1856 Petrus
377 1794 447 1878 ipse
479 1791 685 1878 amplissimis
714 1793 964 1858 sacerdotiorum
993 1793 1172 1859 redditibus

41 1899 159 1954 auctas
181 1891 229 1953 ita
252 1890 441 1976 splendidas
463 1901 542 1969 erat,
565 1901 601 1954 ut
616 1891 775 1978 pecuniae
795 1891 979 1977 perdendae
993 1903 1089 1956 acam
1106 1915 1171 1956 esse

40 1988 225 2066 sideralem·
247 2009 322 2051 mam
338 2010 373 2051 co
390 1987 517 2052 biesmo
541 2010 600 2073 qao
625 1998 747 2052 tantum
765 1999 880 2074 postea
904 1989 1091 2076 supervicit,
1115 1990 1171 2053 du·

40 2099 136 2150 centa
161 2109 329 2150 aureorum
352 2085 486 2149 millium
517 2084 738 2172 absumpsisse,
764 2087 824 2150 LX
850 2110 923 2151 vcro
953 2087 1057 2152 millia
1087 2088 1172 2152 aeris

41 2185 166 2262 alieni,
200 2185 328 2271 arpenti
351 2195 455 2247 autem
478 2183 574 2248 celati
600 2181 686 2248 000
698 2184 809 2269 pondo
832 2183 996 2270 reliquisse
1020 2185 1170 2250 traditur.

41 2281 149 2363 Quod
173 2303 251 2346 vero
276 2281 371 2346 addit
394 2281 449 2346 hic
473 2291 604 2346 auctor:
639 2281 726 2346 Obiit
754 2281 972 2368 voluptatibus
1001 2283 1170 2370 consectus,

42 2379 135 2446 nullo
162 2379 360 2444 documento
385 2379 541 2444 historico
566 2379 733 2466 probatur.
782 2379 971 2446 Cardinalis
995 2381 1170 2467 Papiensis

40 2479 183 2565 quidem
200 2479 268 2543 acri
284 2477 369 2563 stylo
386 2479 597 2564 prosequitur
612 2476 727 2542 luxum
741 2479 856 2562 Riarii,
871 2477 1045 2544 libidinem
1059 2489 1169 2545 tamen

40 2579 71 2641 ei
106 2597 176 2642 non
208 2577 339 2662 objicit,
372 2599 434 2640 nec
466 2575 522 2640 ulii
555 2575 731 2660 scriptores
765 2579 891 2644 coaevi.
938 2577 1171 2643 Veliterrsnus

41 2685 169 2756 autern,
194 2695 236 2738 ex
260 2695 325 2762 quo
341 2675 531 2739 Panviuius
553 2673 637 2738 haec
662 2673 855 2760 desumpsit,
880 2675 1013 2759 scripsit
1034 2675 1170 2759 triginta

40 2775 145 2838 annis
167 2783 243 2858 post
265 2781 404 2836 mortem
430 2770 630 2836 Cardinalis.

135 2889 191 2956 37.
238 2885 337 2968 Quae'
357 2885 505 2952 diximus
529 2887 714 2972 sufiiciunt,
747 2895 783 2952 ut
807 2889 849 2953 de
872 2891 1058 2974 nepotismo
1083 2887 1169 2953 sixti

40 3007 190 3072 aequum
221 2985 346 3049 feratur
373 2983 559 3070 judicium3
595 2986 737 3049 excessit
768 3007 848 3050 sane
879 2987 911 3052 iu
945 2987 1059 3052 lavore
1092 3009 1171 3072 erga

42 3083 262 3172 propinquos,
287 3105 326 3148 ac
351 3084 455 3150 nimia
479 3083 579 3147 etiam
605 3083 768 3147 beneficia
792 3079 1018 3148 ecclesiastica
1042 3087 1076 3150 in
1093 3083 1170 3149 Car·

42 3179 192 3246 dinalem
216 3180 351 3248 Petrum
385 3181 535 3245 Riarium
567 3181 760 3246 cumulavit.
820 3179 997 3248 Caeterum
1020 3204 1098 3247 vero
1124 3185 1170 3247 in-

42 3279 157 3364 dignis
182 3299 256 3342 eum
282 3278 460 3344 contulisse
484 3278 556 3343 illos
581 3277 721 3345 honores
746 3292 779 3343 et
802 3303 940 3345 munera
962 3280 1028 3344 dici
1045 3283 1169 3366 nequit,

43 3399 105 3440 neo
119 3375 208 3445 mala
230 3398 289 3463 pro
307 3375 457 3442 Ecclesia
482 3376 638 3442 ulteriora
654 3377 732 3442 inde
748 3390 860 3443 secuta
885 3400 955 3442 esse
971 3377 1169 3462 videntur.¹)

121 3616 141 3688 ¹)
161 3616 290 3674 Severius
308 3616 417 3682 quidem
433 3616 466 3670 ‹le
484 3615 555 3672 Sinti
574 3617 613 3670 lv
636 3615 787 3686 nepotiano
802 3616 911 3686 judicat
928 3615 1066 3684 Kntpfler,
1098 3632 1169 3672 eum·

41 3713 103 3762 que,
130 3697 171 3750 uti
191 3705 221 3750 et
238 3695 385 3752 Alexandri
398 3696 436 3749 VI
455 3697 634 3764 nepotismum
653 3697 752 3750 Italiae
778 3697 926 3752 conditioni
945 3697 1072 3763 politicae
1092 3697 1171 3752 valde

46 3777 170 3830 nocivum
189 3775 273 3832 misse
284 3782 384 3830 censet.
405 3773 733 3845 (Rohrbacher-Kntpfler
751 3778 785 3834 K.
796 3777 829 3833 G.
847 3775 878 3832 Τ.
890 3775 983 3830 xxiii
1002 3793 1027 3844 p.
1047 3779 1100 3830 240
1112 3793 1168 3844 sqq.

45 3855 99 3910 263
115 3857 184 3924 sqq.)
210 3855 247 3910 Ut
265 3861 341 3909 certa
359 3853 410 3909 hac
428 3855 456 3910 in
476 3856 635 3922 quaestione
653 3857 774 3911 ferretur
790 3855 936 3920 sententia,
962 3871 1074 3911 examen
1094 3873 1170 3910 acca·

46 3945 138 3992 ratum
154 3949 243 3992 rernm
262 3933 433 4004 politicamm
452 3935 553 3990 Italiae
570 3938 762 4003 requireretur.
799 3937 942 3992 Caeterum
962 3943 1085 3990 meteres
1103 3936 1169 3990 itali

43 4030 144 4082 graves
162 4015 326 4086 expositioni
344 4031 425 4082 qnam
443 4017 564 4072 dedimus
583 4018 765 4074 consentiant.
793 4019 907 4072 Praeter
925 4017 1084 4084 scriptorem
1103 4018 1169 4071 cita·

46 4103 104 4152 tam
123 4095 236 4162 (Civilis
255 4097 345 4151 cat-toi.
368 4097 450 4171 isos)
471 4097 519 4156 cir,
538 4097 626 4152 Balan
644 4099 736 4154 Storia
753 4099 863 4154 d'Italie
882 4099 911 4154 L.
932 4097 1074 4156 XXXVII.
1093 4098 1170 4154 Inter

45 4175 110 4228 alia:
137 4175 208 4232 Sisto
226 4175 274 4242 IV,
299 4177 401 4243 scribit,
429 4182 505 4244 „amo
532 4185 627 4247 troppo
646 4179 656 4232 i
675 4179 775 4246 nepoti,
801 4179 1014 4247 singolarmente
1033 4179 1169 4234 Girolamo

45 4254 154 4324 Riario;
173 4273 216 4311 ms
228 4273 282 4312 non
301 4259 315 4311 e
335 4273 399 4312 vero
417 4257 466 4312 che
484 4265 560 4312 tutte
580 4257 605 4312 ie
622 4273 670 4313 sue
690 4259 804 4327 imprcse
824 4259 925 4314 lossero
944 4258 1044 4314 dirette
1063 4275 1079 4311 a
1098 4257 1169 4312 tario
