2868 4844
387 487 428 542 De
447 487 567 542 Concilio
585 487 693 542 Pisano.
850 533 853 542 .
1070 488 1123 542 28⁷

21 653 43 694 n.
65 632 188 696 79-81
214 641 247 694 et
270 631 386 695 Petrus
409 629 582 712 Ballerini,
614 631 664 696 De
689 641 805 716 potest.
829 631 965 711 Eculeu,
997 653 1124 696 necnon

19 729 183 812 Gregorius
208 729 301 811 XVI,
336 730 503 816 lbiomplre
527 729 571 794 du
594 727 641 794 St.
668 727 768 816 Sidpc,
801 731 960 794 Discours
984 728 1126 815 prelimi·

19 828 105 908 noire,
133 849 166 892 11.
194 831 221 894 1.
247 849 328 912 sqq„
362 829 419 912 qui
454 828 648 894 existimant
671 829 789 912 potius,
821 830 920 892 etiam
944 837 1020 913 post
1043 825 1126 892 Con·

17 923 114 988 silium
128 925 288 992 Pisanum
304 923 502 1009 Gregorium
515 924 585 988 XII
601 924 786 1008 legitimum
802 924 904 990 fuisse
919 925 1125 990 Pontificem.
1156 942 1163 954 ¹

15 1021 51 1084 Et
78 1045 112 1086 re
142 1017 276 1108 quidenl
311 1045 400 1104 vera,
434 1022 514 1088 dum
544 1022 661 1086 Patres
694 1020 835 1090 Concilii
866 1023 979 1088 Pisani
1012 1034 1126 1088 contra

15 1117 200 1203 Gregorium
224 1131 258 1184 et
279 1120 500 1186 Benedictum
523 1131 769 1205 processerunt,
800 1119 990 1186 nullatenus
1012 1120 1128 1186 solidis

14 1217 65 1300 ipsi
96 1219 160 1282 uisi
192 1229 270 1284 sunt
299 1219 484 1304 principiis.
530 1217 665 1282 Etenim
699 1239 755 1282 eos
785 1217 1027 1303 judicaverunt
1058 1229 1127 1284 tan·

12 1335 102 1396 quam
127 1318 273 1382 notarios
297 1315 480 1384 haereticos
503 1337 544 1380 ac
566 1314 810 1397 schismaticos,
843 1315 1036 1380 enormibus
1069 1317 1128 1380 cri·

12 1411 148 1478 minibus
171 1413 308 1498 perjurii
333 1425 366 1478 et
389 1412 503 1478 violati
528 1415 596 1479 voti
622 1414 775 1494 irretitos,
808 1435 849 1478 ac
877 1414 918 1479 de
950 1413 1006 1480 illa
1037 1427 1126 1478 noto·

9 1510 118 1574 rietatc
142 1511 283 1577 multum
307 1512 497 1598 loquuntur.
531 1511 791 1596 HincSynodus
815 1511 972 1593 declarat,
993 1523 1130 1598 propter·

6 1611 196 1690 praemissas
224 1610 420 1695 iniquitates,
452 1609 588 1682 ammissa
621 1620 650 1673 et
679 1632 833 1688 succesus,
866 1633 905 1674 ue
928 1622 1057 1695 rapuerit
1079 1611 1131 1675 uel

8 1705 157 1789 imperarit
180 1719 237 1772 cut
254 1710 412 1793 procedat,
445 1733 467 1772 a
490 1709 558 1772 Deo
582 1719 612 1772 st
636 1707 932 1774 successionibus
956 1707 1033 1793 fore
1057 1710 1129 1794 ipso

7 1801 87 1872 lucto
118 1803 255 1893 abjectos
287 1816 317 1869 ct
345 1807 506 1891 privatos,
539 1830 577 1872 ac
607 1807 702 1870 etiam
726 1805 766 1879 ab
791 1804 933 1870 Ecclesia
951 1807 1131 1892 praecisos,

7 1923 39 1958 uc
71 1901 278 1968 nibilominus
307 1904 397 1990 ipsos
430 1955 437 1968 .
470 1958 475 1970 .
508 1952 516 1967 .
544 1905 674 1990 privat,
715 1901 826 1990 ubjecit
860 1915 889 1966 at
915 1903 1126 1989 praescindit.

7 1993 103 2060 Haud
128 2020 168 2061 eo
191 2001 293 2082 igitur
315 1999 503 2066 Concilium
527 2022 736 2086 progressum
760 2008 819 2084 est,
851 2010 887 2064 ut
915 2001 1039 2066 directe
1063 2000 1128 2066 sibi

5 2093 266 2162 'iurisdictionem
281 2101 314 2162 iu
330 2099 537 2172 Pontificem,
563 2097 616 2163 vel
632 2100 666 2164 in
682 2097 878 2164 Pontificem
903 2098 1043 2164 dubium
1062 2121 1131 2184 qua

4 2189 102 2255 talem
128 2195 325 2276 vindicaret,
346 2197 404 2261 sed
429 2196 471 2260 ob
495 2198 624 2261 notoria
648 2197 799 2280 crimina,
816 2198 1003 2282 ,praecipue
1027 2195 1130 2261 schis-

1 2293 99 2354 matis
125 2303 159 2357 et
181 2293 337 2376 haeresis,
363 2293 459 2359 binos
483 2295 714 2379 competitores
737 2304 774 2357 ut
799 2317 819 2358 a
836 2294 909 2358 Deo
928 2295 999 2379 jam
1021 2294 1126 2378 digni·

1 2398 66 2452 tate
92 2394 243 2477 privatos
267 2404 299 2456 et
323 2415 364 2456 ex
390 2390 539 2456 Ecclesia
563 2391 715 2456 exclusos
740 2391 931 2473 declaravit,
964 2390 1131 2477 simulque

1 2485 31 2548 ἰι
48 2489 135 2553 tales
152 2492 290 2554 notoriis
306 2489 504 2556 criminibus
519 2511 592 2554 reos
609 2491 807 2554 sententiam
824 2489 919 2554 dixit.
944 2488 1132 2555 Haereseos

1164 917 1192 955 tn
1208 916 1291 956 rstica

1189 983 1248 1017 acta.

9 2590 183 2673 raecipue
206 2590 253 2652 rei
280 2588 386 2652 habiti
410 2599 496 2670 sunt,
522 2587 611 2674 quod
635 2609 672 2651 eo
697 2609 762 2673 quo
787 2609 821 2650 se
845 2599 1014 2670 gesserant
1031 2587 1131 2652 modo

3 2688 273 2768 ·ppugnaverint
305 2698 338 2750 et
369 2687 550 2751 everterint
574 2684 666 2749 illum
690 2685 768 2749 fidei
794 2685 987 2749 articulum:
1028 2683 1129 2750 Credo

0 2805 98 2844 raam
120 2795 265 2847 sanctam
288 2783 474 2850 catholicam
498 2795 528 2848 ct
551 2783 759 2870 apostolicum
783 2782 965 2847 Ecclesiam.

90 2877 145 2944 52.
178 2879 256 2946 Jam
281 2904 359 2948 vero
384 2883 517 2948 nonnisi
542 2879 656 2946 subtili
681 2879 826 2966 quadarn
851 2879 1062 2946 cavillatione
1085 2903 1130 2944 ex

5 2981 251 3064 ¹ensequentiis
277 2980 434 3066 juridicis
465 2979 611 3044 haeresis
644 2993 723 3044 nota
755 2977 819 3043 illis
852 2977 1130 3043 contendentibus
1229 2973 1232 2981 ¹

1 3075 36 3138 le
65 3077 267 3160 pontificatu
291 3079 379 3142 inuri
403 3087 541 3164 poterat,
573 3097 613 3140 ac
642 3075 696 3140 vel
720 3077 810 3162 ipsos
834 3073 1029 3140 Cardinales
1053 3097 1127 3140 cen-

0 3195 109 3238 erem
134 3176 351 3255 existimasse,
377 3159 449 3240 illos
464 3175 505 3240 de
520 3174 607 3238 facto
624 3173 808 3238 haereticos
823 3195 889 3238 non
907 3195 987 3240 esse.
1017 3173 1130 3238 Etiam

14 3273 131 3360 liqna
157 3275 303 3338 maxime
327 3273 437 3360 quoad
454 3271 655 3357 Gregorium
679 3293 745 3336 non
771 3282 865 3336 erant
888 3269 987 3336 valde
1011 3270 1142 3352 solidas

1 3369 47 3434 ’el
76 3370 198 3434 saltem
221 3371 382 3456 gravibus
405 3371 609 3456 argumentis
633 3369 823 3454 impugnari
848 3379 1011 3454 poterant.
1049 3367 1128 3432 Gre-

0 3471 117 3532 orius
140 3471 231 3534 enim
255 3491 293 3533 eo
318 3481 465 3554 tempore
489 3491 523 3533 se
548 3466 744 3532 ostendebat
773 3467 816 3531 ad
841 3470 1023 3532 cessionem
1048 3467 1132 3530 satis

1 3576 156 3630 ›aratum
181 3579 215 3630 et
238 3567 468 3649 contendebat,
500 3589 534 3631 se
568 3566 678 3630 media
707 3575 893 3651 opportuna
923 3565 1129 3648 adhibuisse,

0 3663 245 3749 iupedimenta
276 3677 387 3730 antem
420 3664 567 3729 adfuisse
593 3686 644 3740 ,ex
675 3672 768 3748 parte
796 3661 980 3728 Benedicti.
1029 3661 1127 3743 Quod

1 3765 65 3825 're
97 3783 277 3845 agnoscere
310 3763 489 3828 videbatur
512 3761 705 3828 Alexander
728 3759 770 3841 V,
808 3782 912 3847 quum
944 3761 979 3826 in
1010 3759 1129 3824 litteris

2 3863 64 3924 uis
96 3862 278 3945 encyclicis
300 3873 470 3944 assereret,
493 3860 714 3928 Benedictum
739 3858 780 3924 de
794 3859 892 3924 Luna
907 3857 1030 3923 adduci
1046 3879 1127 3922 nun-

1 3979 109 4043 [nam
126 3961 281 4043 potuisse,
306 3971 343 4024 ut
365 3961 400 4024 in
425 3959 533 4024 locum
559 3959 763 4039 conveniret,
787 3958 853 4020 nisi
869 3958 903 4020 in
919 3979 984 4043 quo
1000 3955 1138 4021 viribus-

0 4057 181 4122 iaritimis
204 4060 426 4144 praestaret.¹)
459 4057 556 4138 Quod
575 4078 653 4121 vero
677 4054 719 4119 ud
741 4055 942 4118 creationem
967 4073 1134 4118 novorum

74 4274 104 4342 ¹)
126 4271 178 4329 cu.-
196 4272 331 4341 Ruynald.
349 4288 374 4326 a.
395 4272 473 4326 1409.
493 4286 519 4324 n.
537 4270 581 4325 81.
