2836 4848
417 481 458 536 De
476 481 612 536 Decretali
630 483 723 535 il'ocil.
1083 481 1136 534 379

47 621 124 686 trahit
153 625 257 709 ipsum
288 627 459 709 negotium
491 624 591 689 civile
627 647 666 689 ac
697 590 891 712 temporale.=
947 624 1058 710 Atque
1089 627 1135 688 ita

45 723 140 802 evenit,
162 733 196 784 ut
213 721 323 808 judex
346 722 528 809 spiritualis
560 724 791 788 auctoritatem
816 733 849 787 et
866 722 1134 809 jurisdictionem
1249 755 1252 762 ⁴

45 826 254 903 competentem
288 820 411 886 babeat
440 823 564 907 passim
597 825 631 886 in
663 844 780 887 causas
810 820 1018 908 temporales,
1050 842 1135 906 quae

43 919 225 1002 caeteroquin
256 919 328 1004 ejus
352 918 510 984 tribunali
535 942 599 985 non
625 918 860 1006 subjiciuntur.
914 919 998 983 Prae
1031 917 1135 982 oculis
1228 924 1230 936 ’

42 1021 129 1077 annm
150 1014 249 1079 babet
272 1017 428 1082 Pontifex
456 1029 593 1103 peecata
617 1017 780 1098 mortalia,
811 1039 869 1082 seu
894 1018 1044 1098 crimina,
1069 1038 1135 1081 ma·

41 1113 110 1174 sine
137 1114 162 1176 si
190 1114 348 1180 seandala
381 1137 502 1199 magna
535 1118 682 1201 pariunt,
717 1126 753 1178 nt
776 1137 828 1179 res
852 1137 886 1178 se
911 1117 945 1178 in
970 1114 1032 1179 boe
1056 1137 1135 1179 casu

41 1205 168 1276 babebat.
213 1212 310 1277 Patet
334 1215 444 1294 etiam,
476 1215 530 1298 agi
557 1214 597 1278 de
621 1214 818 1278 criminibus
837 1213 995 1300 publicis,·
1026 1215 1136 1296 agitur

39 1309 161 1373 enimin
184 1309 248 1374 hae
272 1311 439 1376 Decretali
471 1311 512 1376 de
536 1312 605 1376 foro
630 1323 776 1377 externo.
824 1313 934 1399 Atque
955 1311 1136 1376 intendisse

21 1401 245 1500 ,Innocentium
269 1432 309 1473 ac
331 1412 515 1493 generatim
538 1410 717 1474 Pontifices
741 1411 1017 1474 interventionem
1042 1431 1135 1474 suam

38 1501 70 1564 sd
88 1525 138 1566 eos
160 1527 256 1570 casus
279 1509 486 1592 restringere,
519 1510 554 1573 in
578 1507 700 1594 quibus
731 1508 858 1572 utilitas
881 1508 934 1572 vel
959 1507 1049 1572 selus
1078 1531 1136 1595 pu·

38 1597 106 1663 blica
134 1625 205 1667 eam
231 1605 445 1691 provocabat,
476 1617 548 1671 tum
573 1629 615 1671 ex
639 1616 796 1671 contextu
820 1617 890 1670 tum
919 1629 961 1669 ex
985 1605 1136 1670 doctrina

37 1703 180 1765 communi
206 1703 377 1768 doctorum
403 1704 577 1790 colligitur.
627 1706 703 1769 Non
727 1715 831 1768 tamon
848 1729 912 1790 pro
927 1703 1064 1790 quaelibet
1079 1707 1136 1768 cri-

37 1795 108 1877 nins,
130 1800 246 1864 scribit
259 1801 437 1881 Gonzalea,
462 1804 605 1867 Ecclesia
629 1814 791 1866 catanam
807 1814 929 1866 eacrcst
935 1803 1134 1891 jurisdictio

36 1916 88 1956 nen
116 1899 150 1960 in
180 1899 290 1980 laicos,
322 1901 378 1965 scd
410 1913 532 1965 tantum
564 1904 598 1965 ia
631 1900 798 1965 sceleribus
828 1901 1059 1979 ecclesiasticis,
1089 1900 1138 1963 cel

35 1993 111 2055 cccci
122 1994 211 2080 fori,
242 2011 300 2062 aut
329 2021 369 2063 sn
397 1999 509 2084 quibas
539 1999 726 2062 scandalum
749 1999 890 2084 sequitur
918 2000 953 2062 in
983 1999 1136 2080 Ecclesia,
1207 1993 1211 2004 ⁸

34 2093 149 2156 nonme
172 2119 193 2158 a
211 2097 417 2183 principibus
438 2100 656 2184 perpetratam
684 2095 754 2160 alia
777 2106 880 2160 autem
909 2108 1042 2182 peccota
1065 2095 1136 2181 ispi·

33 2183 77 2248 loa
95 2191 238 2256 ciuilibus
265 2217 324 2279 per
350 2193 528 2258 saeculares
559 2197 764 2279 mapistratus
795 2193 907 2257 debent
935 2193 1136 2275 uindicari.¹)

31 2279 183 2352 Pertinent
198 2303 336 2375 peccata
351 2293 406 2357 illa
423 2292 608 2357 criminalis
626 2304 658 2356 et
674 2291 868 2356 scandalosa
883 2291 927 2355 ad
946 2313 1001 2356 eas
1023 2315 1138 2357 causas

29 2393 123 2464 certas,
159 2388 194 2451 in
219 2389 341 2473 quibus
365 2391 538 2455 casualiter
561 2390 716 2455 Pontifex
743 2389 1012 2475 jurisdictionem
1038 2390 1137 2454 lrabet

29 2479 55 2540 in
75 2486 276 2570 temporalia.

105 2615 154 2681 l'l.
194 2615 285 2683 Citat
315 2620 392 2685 dein
425 2621 582 2686 Pontifex
611 2623 755 2707 primum
785 2619 919 2706 quidem
944 2621 1133 2706 exemplum

30 2705 252 2798 Valentiniani,
283 2717 463 2783 Theodosii
492 2729 524 2783 et
548 2716 657 2783 Caroli
681 2719 737 2798 M,
769 2719 826 2805 qui
858 2740 1011 2804 magnam
1044 2741 1135 2783 reve-

29 2811 151 2875 rentiam
176 2816 211 2878 in
237 2818 467 2880 auctoritatem
487 2815 702 2902 judiciariam
715 2815 885 2880 Ecclesiae
910 2814 1136 2898 ostenderunt,

30 2916 55 2964 et
73 2905 238 2994 litigantes
267 2913 310 2978 ad
335 2916 565 3001 episcoporum
594 2913 740 2978 tribunal
765 2935 933 2977 recurrere
957 2936 1052 2998 posse
1077 2924 1137 2978 sta-

28 3009 156 3073 tuerunt.
205 3009 364 3076 Attamen
381 3012 631 3099 fundamentum
655 3035 733 3076 suae
750 3013 956 3077 auctoritatis
979 3014 1015 3076 in
1038 3035 1138 3077 causa

30 3099 61 3161 le
81 3125 142 3188 qua
167 3107 340 3192 agebatur,
365 3112 580 3175 Innocentius
596 3111 647 3175 III
671 3112 705 3175 in
725 3112 802 3196 jure
826 3109 941 3174 divino
958 3113 1138 3176 constituit.

32 3195 116 3269 Qum
140 3209 237 3284 enim,
269 3210 385 3294 inquit,
417 3232 481 3274 non
503 3211 656 3274 humanae
680 3209 907 3288 constitutioni,
931 3209 988 3272 sed
1011 3207 1139 3272 diuinos

30 3291 79 3381 ital
94 3307 205 3388 potius
229 3307 415 3386 innitamur,
439 3310 516 3393 quia
533 3317 678 3393 potestas
693 3318 803 3370 nostra
814 3316 939 3370 nonest
954 3328 993 3368 ea·
1006 3307 1138 3384 homine,

28 3395 129 3462 tedere
152 3403 247 3466 Deo:
277 3403 395 3484 nulius,
426 3406 481 3491 qui
504 3408 545 3469 sit
569 3429 667 3470 sanae
690 3406 811 3483 mentis,
835 3406 971 3489 ignorat,
996 3405 1072 3490 quin
1096 3405 1140 3469 ad

29 3491 150 3575 officium
173 3511 318 3565 nostrum
342 3513 458 3589 spectet
487 3503 525 3566 de
548 3526 735 3588 quocumque
761 3501 890 3565 mortali
906 3512 1039 3587 peccato
1074 3525 1139 3566 cor-

28 3592 115 3676 ripere
130 3597 301 3685 utramlibet
318 3596 544 3678 Christianum,
561 3612 600 3679 et,
625 3602 654 3664 si
668 3601 895 3686 correptionem
910 3602 1139 3685 corctcmpserc't,

28 3689 115 3773 ipsum
139 3721 204 3784 per
236 3701 455 3763 correctionem
478 3697 720 3763 ecclesiasticam
744 3706 891 3761 coercere.
942 3693 1035 3769 Quod
1058 3698 1141 3760 enim

29 3787 181 3860 debeamus
214 3798 370 3882 corripere
400 3821 437 3860 ac
458 3798 626 3884 possimus,
664 3819 703 3859 ca
734 3805 867 3881 utraque
893 3805 988 3881 patet
1014 3795 1141 3881 popina

32 3885 222 3961 Testamenti.
274 3893 367 3968 Quod
390 3906 494 3959 autem
510 3896 674 3981 possimus
697 3905 726 3957 et
749 3893 916 3957 debeamus
940 3894 1034 3956 etiam
1058 3901 1140 3955 cotir-

30 4009 93 4067 (ενι,
116 4003 216 4078 patet
246 4015 286 4056 ea
309 4016 354 4072 co,
386 3993 469 4079 quod
492 3994 596 4079 inquit
619 3993 775 4056 Dominus
806 3991 849 4054 ad
873 3991 1062 4077 proplietam
1086 3991 1142 4076 qui

58 4163 67 4168 -
76 4165 232 4173 ...ι-.--ω--ι-

91 4268 109 4332 Ι)
126 4268 226 4324 Comm.
249 4283 322 4336 perp.
343 4267 371 4320 in
391 4267 416 4322 h.
435 4283 491 4335 esp.
512 4275 566 4320 not.
587 4282 634 4332 rn.;
654 4281 696 4334 sp.
717 4263 826 4318 llolitor
845 4281 871 4332 p.
890 4265 933 4317 82.
953 4269 1009 4318 not.
1030 4266 1054 4318 2.

1172 2623 1279 2662 Probstlo

1159 2683 1285 2724 Pontificio.
