2964 4838
299 441 352 496 466
502 443 628 500 XXXVI.
649 445 689 499 De
707 451 784 500 statu
802 444 939 500 Ecclesiae
958 445 1039 502 initio
1056 447 1131 504 Saec.
1154 449 1227 503 XVI.

390 587 439 652 70.
475 587 656 652 Decretum
679 609 776 674 porro
809 588 850 654 de
874 590 1108 658 reformatione
1137 594 1249 660 curiae
1271 615 1320 679 per
1336 593 1393 658 sub-

298 693 473 769 sequentes
497 706 627 750 menses
641 687 734 750 varie
758 697 921 752 mutatum
946 688 1019 768 fuit,
1045 689 1188 775 ideoque
1211 693 1304 754 etiam
1317 693 1397 756 sessio

299 803 402 863 nona,
434 803 519 867 quae
544 782 671 847 indicta
694 793 764 848 erat
787 805 846 869 pro
871 783 925 849 die
949 786 987 850 9⁰
1011 787 1148 872 Aprilis,
1173 799 1335 873 prorogata
1357 801 1396 852 est

298 880 341 946 ad
359 881 447 944 diem
471 879 533 944 5ιΠΙι
554 881 646 966 Maji.
693 881 733 946 In
758 882 874 948 eadem
900 905 978 948 vero
1004 905 1092 950 nona
1116 888 1263 952 sessione
1285 885 1395 970 promul·

296 989 410 1064 gatum
436 979 499 1042 fuit
522 977 604 1045 illud
629 979 776 1066 diploma
801 979 842 1044 de
866 981 1092 1048 ecclesiastica
1107 983 1285 1069 disciplina
1302 986 1398 1049 instau-

297 1077 419 1156 randa,
445 1074 614 1163 multaque
639 1077 702 1142 hoc
727 1077 896 1144 decretum
922 1082 1087 1160 continet,
1124 1103 1211 1167 quae
1235 1103 1297 1146 non
1317 1080 1397 1146 solam

298 1176 424 1240 curiam
450 1175 651 1256 Romanam,
688 1175 871 1240 sedetiam
899 1181 1083 1261 generatim
1108 1178 1234 1244 clerum
1266 1191 1399 1264 spectant.

298 1273 456 1340 Attamen
495 1293 562 1338 non
593 1274 673 1338 satis
704 1275 875 1359 provisum
909 1275 1011 1340 fuisse
1042 1275 1244 1342 difficillimo
1273 1277 1399 1342 reforma·

297 1373 399 1436 tionis
422 1369 621 1437 universalis
645 1373 786 1456 negotio,
807 1373 878 1457 jam
903 1373 1214 1440 animadvertimus.

390 1505 441 1568 71.
474 1503 773 1568 Commemoranda
797 1514 961 1590 postremo
986 1517 1063 1570 eunt
1087 1506 1240 1588 decreta,
1274 1527 1348 1592 qnae
1366 1527 1399 1566 or·

298 1625 387 1668 rores
411 1602 570 1688 quosdam
596 1599 1043 1688 philosophico-theologicos
1059 1604 1267 1690 spectabant.
1305 1601 1402 1667 Dahis

297 1701 409 1786 aliqua
442 1699 552 1763 dicere
585 1711 806 1787 opportunum
841 1703 919 1782 erit,
957 1723 1060 1788 quum
1102 1704 1219 1768 intime
1255 1711 1403 1769 nectantur

297 1820 374 1863 oum
406 1809 492 1862 statu
524 1799 691 1862 societatis
721 1798 921 1863 christianae
953 1800 1040 1864 illins
1071 1803 1242 1886 temporis.
1289 1797 1402 1865 Saeculo

298 1897 386 1961 XIV
410 1909 442 1960 et
465 1895 530 1960 XV
562 1895 656 1982 plura
680 1907 860 1980 systemata
888 1896 1331 1984 philosophico-theologica
1350 1905 1398 1959 orta

298 2004 409 2076 erant,
451 1994 573 2080 quibus
614 1993 785 2059 doctrinae
825 1994 957 2059 scholae
998 1996 1100 2061 medii
1135 2001 1210 2061 aevi
1255 2000 1394 2084 impugn-

298 2094 429 2159 bantnr.
481 2093 802 2157 Pernicioeissimnm
844 2092 975 2158 illorum
1014 2105 1233 2178 systematum
1274 2089 1396 2159 leitila

298 2188 549 2258 Aristotelismoa
573 2189 863 2269 anmcholusticus,
898 2193 955 2277 qui
988 2193 1167 2278 praecipue
1195 2193 1233 2257 in
1259 2193 1349 2257 ltalia
1367 2211 1400 2252 su·
1456 2255 1457 2276 ,

299 2293 426 2376 periore
448 2288 695 2374 propagabatur
711 2299 743 2352 et
758 2289 917 2352 doctrinis
928 2290 1087 2356 Averroie
1104 2289 1295 2377 philosophi
1306 2285 1402 2354 Arabis
1456 2311 1457 2368 ι

299 2390 446 2452 maxime
468 2385 646 2451 nitebatur.
687 2387 845 2450 Averroie
861 2388 1064 2473 principium
1080 2388 1331 2454 fundamentale
1343 2395 1401 2461 erat

298 2485 492 2570 religionem
516 2487 662 2548 maxime
687 2483 859 2548 colendam
884 2497 917 2549 et
939 2485 1062 2571 populo
1085 2487 1184 2551 valde
1205 2485 1401 2552 necessariam

299 2607 387 2665 esse3
412 2605 484 2648 eam
509 2593 620 2646 tamen
644 2603 710 2647 non
735 2582 883 2648 absolute
907 2605 979 2648 esse
999 2605 1124 2666 veram,
1148 2585 1302 2671 adeoque
1317 2583 1407 2646 varias

298 2683 474 2767 religiones
495 2701 601 2766 aeque
623 2680 858 2747 aestimandas.
897 2681 1135 2767 Philosophum
1153 2685 1260 2767 igitur
1275 2677 1403 2764 religioni

299 2781 547 2846 venerationem
572 2777 732 2842 exhibere
755 2777 887 2857 debere,
916 2778 971 2843 sed
997 2779 1243 2866 philosophiam
1268 2779 1409 2862 religione

299 2881 501 2965 superiorem
539 2898 625 2955 esse,
666 2878 826 2962 variaque
863 2899 959 2962 posse
997 2878 1112 2943 eadem
1154 2880 1317 2954 contineri
1350 2873 1408 2937 reli·

297 2979 388 3064 gioni
422 2975 592 3060 opposita3
627 2973 706 3038 talia
739 2973 877 3060 proinde
912 2995 982 3039 esse
1014 2974 1199 3060 theologice
1235 2976 1332 3056 falsu,
1362 2969 1409 3034 sed
1455 2952 1456 3032 i

298 3074 528 3163 philosophice
551 3093 641 3138 vera.
688 3071 828 3138 Secutus
852 3093 949 3158 porro
981 3073 1089 3138 suerat
1112 3075 1281 3138 Arei-roes
1303 3073 1406 3137 Aristo
1455 3059 1456 3120 l

297 3174 406 3250 telem,
432 3174 570 3258 ejusque
592 3169 836 3257 philosophiam
862 3173 908 3235 ita
931 3171 1138 3257 exponebat,
1162 3183 1199 3236 ut
1224 3173 1319 3258 plura
1341 3167 1409 3231 chri·

299 3275 426 3337 stianae
450 3267 600 3354 religioni
632 3267 731 3354 plane
755 3270 906 3353 opposita
936 3291 978 3332 ex
1002 3289 1042 3334 ea
1065 3270 1256 3335 deduceret.
1303 3269 1405 3332 Aristo-

298 3370 447 3436 telismns
476 3364 764 3432 antiseholasticus
788 3366 1001 3432 Averroiemo
1032 3365 1132 3454 plane
1163 3367 1277 3432 affinis
1308 3363 1409 3429 multos

298 3467 441 3534 asseclas
465 3464 596 3531 saeculo
613 3463 678 3528 XV
699 3466 829 3529 invenit
845 3467 879 3528 iu
897 3465 1101 3530 Venetorum
1118 3465 1303 3550 republica,
1326 3473 1407 3547 atqut

300 3640 513 3650 ἑῇ.-

300 3763 350 3820 est,
369 3753 494 3808 Paridem
513 3749 645 3820 ejusmodi
663 3748 763 3802 indolis
783 3747 867 3804 fuisse
888 3746 1020 3804 liberioris
1039 3747 1118 3802 sinam
1136 3763 1168 3802 ec
1185 3745 1305 3810 laeena
1323 3743 1408 3798 ortu

300 3835 364 3890 talis
378 3831 422 3888 vir
433 3831 593 3900 postularet,
613 3836 644 3882 ut
663 3829 861 3896 reformatores
881 3829 1109 3896 refunderentur,
1129 3827 1260 3884 Pontifex
1271 3842 1306 3882 eo
1317 3823 1405 3880 nelis

300 3918 456 3968 moveretur
473 3919 506 3965 ut
524 3909 686 3966 subrideret.
719 3909 760 3962 Ex
779 3907 814 3963 iis
832 3923 901 3976 quse
920 3907 1076 3962 referuntur
1089 3924 1104 3961 a
1118 3907 1261 3974 Raynaldo
1281 3923 1313 3962 ex
1332 3901 1407 3960 Dissio

299 3993 414 4058 Paridis,
442 3999 471 4046 et
490 4006 523 4044 ex
542 3987 644 4044 Diariis
671 4004 757 4057 nuper
785 3985 866 4042 editis
890 3987 923 4042 ab
943 3989 1057 4042 Armelli
1077 3987 1111 4058 (ll
1130 3985 1223 4041 Diario
1243 3985 1273 4041 di
1291 3977 1404 4040 LeoreX
1454 4047 1455 4070 ¹

298 4073 326 4128 di
341 4071 437 4126 Paride
456 4072 489 4126 de
503 4069 605 4135 Graesi,
625 4069 710 4124 Roma
724 4069 806 4136 1884)
819 4075 848 4122 et
861 4068 1003 4136 Dollinger
1015 4067 1158 4140 (Beitrltge
1170 4071 1223 4124 etc.
1236 4065 1270 4122 Τ.
1285 4065 1335 4122 111.
1346 4055 1405 4120 ael
1454 4071 1455 4132 l

298 4153 446 4222 colligitur,
469 4151 594 4206 Paridem
613 4164 726 4218 pronum
745 4147 829 4202 luisse
848 4148 882 4202 ad
901 4147 1023 4206 ironiam.
1060 4148 1194 4216 Quomodo
1212 4145 1359 4214 aliquado
1373 4155 1407 4194 ιι·
1454 4144 1455 4203 l

297 4231 452 4302 choeologis
471 4230 597 4295 illuserit,
617 4229 678 4286 vide
696 4245 740 4298 sp.
759 4229 866 4296 Jtloher,
886 4227 1087 4286 Gelehrtcnlea.
1105 4229 1151 4284 tit.
1168 4225 1200 4282 de
1219 4225 1337 4294 Gratis
