2902 4848
403 369 446 424 De
463 368 569 436 Synodo
587 363 757 422 Florentius
1089 359 1144 413 375

38 518 109 582 1609
141 516 247 596 facta,
282 513 443 580 suadente
477 509 696 594 Bellarmino,
733 506 920 574 Concilium
954 503 1144 570 Basileense

36 617 176 680 omissum
200 615 306 694 suast)

555 1059 615 1121 11.

310 1219 376 1282 De
397 1216 559 1300 syuodo
581 1215 847 1280 maurane.

109 1395 160 1463 36.
196 1395 311 1460 Pauca
334 1394 514 1458 innuamus
545 1392 586 1455 de
610 1389 758 1455 fontibus
783 1390 840 1475 qui
864 1387 1036 1452 historiam
1062 1383 1144 1450 Con·
1207 1401 1274 1430 0²⁰⁸

32 1495 91 1560 cilii
105 1493 286 1560 florentini
311 1494 492 1558 continent.
530 1489 747 1576 Locupletem
771 1488 871 1574 hujus
888 1483 1029 1558 Concilii
1045 1486 1145 1550 histo·

31 1595 103 1656 riam
134 1613 253 1677 graece
288 1592 510 1676 conscriptam
547 1611 622 1652 curn
654 1589 736 1652 actis
771 1596 804 1650 et
835 1584 1043 1650 documentis
1072 1584 1145 1670 jam

31 1688 113 1753 brevi
138 1703 211 1774 post
235 1686 422 1754 Concilium
448 1687 591 1752 confecit
614 1697 730 1750 auctor
751 1707 907 1771 graecus,
944 1685 1000 1769 qui
1025 1705 1144 1749 nomen

31 1809 116 1852 suum
148 1788 239 1873 operi
271 1809 338 1852 non
362 1787 549 1871 adscripsit
597 1785 651 1850 Ex
676 1785 777 1847 variis
807 1782 941 1848 indiciis
972 1793 1083 1846 antem
1114 1791 1147 1845 et

31 1887 224 1968 argumentis
248 1885 369 1950 eruditi
394 1884 558 1966 inferunt,
582 1893 751 1948 auctorem
775 1904 845 1946 esse
869 1880 1074 1948 Dorotheum
1099 1904 1147 1946 ar·

32 1982 273 2068 chiepiscopum
297 1980 571 2067 Mitylenensem,
607 1981 664 2066 qni
694 1983 764 2065 ipse
788 1977 924 2064 Synodo
955 1978 1147 2072 interfuit')

31 2079 112 2144 Haec
147 2079 231 2144 Actu
269 2079 404 2146 Coacilii
438 2079 622 2142 Floreatiai
662 2078 698 2142 in
733 2078 888 2141 omnihus
924 2075 1147 2143 Conciliorum

32 2175 284 2242 Collectionibua
295 2179 522 2242 inveniuntur.
537 2213 581 2222 —
597 2175 708 2240 Aliam
725 2173 959 2239 Collectionem
974 2175 1147 2259 Actorum,

30 2275 227 2358 praecedenti
252 2274 362 2361 quoad
386 2274 606 2338 substantiam
631 2273 848 2352 conformem,
874 2273 980 2336 edidit
1002 2298 1032 2338 a.
1060 2275 1145 2339 1638

30 2371 177 2438 Horatius
192 2373 375 2438 Justiniani
400 2371 680 2436 Bibliothecarius
695 2371 891 2450 Vaticanus,
916 2393 1001 2456 quae
1026 2374 1149 2457 pariter

33 2470 59 2532 in
82 2467 340 2535 Collectionibus
363 2469 588 2535 Conciliorum
614 2467 763 2534 habetur.
812 2469 900 2534 Usus
924 2481 973 2532 est
997 2480 1067 2534 tum
1092 2470 1147 2535 do-

32 2569 182 2632 cumentis
206 2566 320 2632 multis
343 2571 482 2654 repertis
515 2569 549 2632 in
575 2569 676 2632 variis
700 2565 929 2650 bibliothecis,
966 2577 1035 2632 tum
1060 2572 1147 2634 notis

31 2685 101 2748 quas
131 2667 321 2730 confecerat
344 2664 498 2730 Andreas
529 2666 570 2730 de
594 2663 627 2730 S.
653 2663 760 2729 Cruce
790 2664 954 2729 Patricius
977 2666 1146 2732 Romanus

32 2773 58 2824 et
72 2763 266 2828 Advocatus
290 2765 491 2850 pontificius,
516 2765 572 2851 qui
592 2762 740 2828 Concilio
764 2763 882 2828 adfuit.
898 2801 942 2810 —-
966 2763 1147 2830 Historiam

36 2855 164 2924 Consilii
189 2875 360 2945 praeterea
383 2885 425 2926 ex
446 2862 584 2927 Graecis
607 2864 739 2948 scripsit
762 2860 932 2946 Sylvester
953 2863 1146 2950 Syropulus,

35 2959 175 3023 sacerdos
199 2970 232 3023 et
254 2959 438 3046 praelatus,
464 2963 519 3046 qui
545 2970 615 3025 erat
638 2963 672 3024 in
697 2961 854 3024 comitatu
878 2961 1091 3046 Imperatoris
1115 2971 1147 3025 et

34 3055 239 3136 patriarchae.
287 3056 505 3123 Adhaerebat
533 3071 642 3122 autem
672 3059 786 3122 Marco
810 3058 982 3141 Eugenico
1013 3061 1147 3124 unionis

33 3153 230 3238 adversario,
267 3167 299 3220 et
330 3157 481 3221 confecta
512 3157 650 3222 historia
686 3156 788 3222 bilem
820 3178 914 3221 suam
945 3158 980 3220 in
1010 3157 1146 3221 Latinos

34 3253 147 3320 effudit.
196 3254 293 3320 Hanc
317 3257 482 3320 historiam
505 3256 607 3321 latine
630 3277 696 3320 non
721 3255 864 3320 fideliter
890 3277 1029 3338 versam,
1055 3255 1146 3320 addi-

34 3351 128 3437 tisque
153 3352 265 3418 multis
289 3353 517 3419 incatholicos
542 3355 714 3434 conviciis,
739 3353 845 3418 edidit
868 3353 984 3436 Hagae
1008 3377 1037 3418 a.
1060 3353 1147 3417 1660

33 3445 183 3514 liebertus
208 3449 398 3538 Creyghton
423 3452 595 3538 theologus
619 3451 900 3536 anglicannssub
923 3451 1033 3516 titulo:
1064 3452 1149 3516 Vera

32 3545 152 3611 lastaria
182 3551 310 3614 unionis
339 3573 403 3614 aaa
433 3573 525 3615 verae
556 3553 641 3614 iuter
668 3551 807 3616 Graecos
837 3559 867 3614 et
898 3549 1046 3631 Latinos,
1082 3551 1147 3613 sire

35 3640 156 3708 ‘lunatis'
179 3646 212 3710 F
213 3643 365 3712 lor-catini
395 3650 598 3713 excoctissima
626 3649 774 3712 narratio
804 3671 914 3735 praece
938 3649 1059 3734 scriptu
1083 3671 1146 3734 per

102 3893 119 3954 ¹)
138 3892 170 3950 V.
190 3891 293 3958 Hefele,
313 3893 341 3948 C.
361 3895 402 3954 G„
423 3895 454 3952 B.
473 3896 494 3950 Ι.
514 3896 685 3964 Einleitung.

46 4053 50 4064 Ι
94 3979 114 4044 ²)
134 3983 189 4038 Cfr.
210 3983 305 4037 Hefele
325 3984 353 4037 C.
373 3983 405 4041 G.
426 3985 488 4041 VII.
507 3985 530 4054 fi.
550 3985 609 4040 808.
631 3985 745 4039 Censuit
762 3984 805 4038 Ill.
824 3983 921 4040 Hefele
939 3990 1029 4051 antea,
1047 3985 1142 4039 Bessa-

34 4067 119 4114 nonem
137 4063 225 4130 operis
243 4063 323 4132 hujus
335 4063 420 4118 fuisse
448 4070 586 4120 auctorem
605 4065 733 4134 (Tttbing.
750 4061 844 4132 Quart.
859 4063 917 4118 Sch.
934 4065 1009 4129 1847,
1029 4081 1053 4131 p.
1070 4064 1132 4133 185)

35 4138 72 4189 sed
88 4140 104 4197 l.
123 4157 143 4195 c.
163 4143 245 4197 alteri
264 4143 415 4198 sententiae
433 4149 466 4198 ut
485 4145 657 4212 probabiliori
676 4145 786 4199 videtur
804 4145 937 4198 accedere.

1135 4116 1146 4140 „
