2916 4842
343 466 464 520 Eventus
482 473 543 535 post
562 481 653 532 pacem
672 465 838 520 restitutam.
1112 463 1162 519 149

65 608 161 672 elesise
192 611 285 694 quasi
319 631 469 674 corrosae
494 619 526 672 et
549 608 752 695 exspoliatae
784 607 825 671 ab
858 609 1022 692 episcopis
1052 607 1156 672 subin·

65 706 203 770 nantibus
221 709 454 788 inveniuntur,
489 709 534 771 ita
558 717 595 771 ut
618 729 660 772 ex
687 709 883 770 necessitate
917 705 1060 791 quadam
1092 728 1162 791 rap·

64 820 129 868 tores
149 807 373 887 inveniantur,
405 806 484 888 dum
509 804 628 870 ablatis
661 804 845 891 stipendiis,
876 826 960 890 quae
985 803 1164 868 confiscata

63 903 179 982 inerant,
203 902 245 965 de
269 923 356 966 novo
381 906 539 967 resarcire
556 913 726 988 cogantur.
764 903 912 966 Tertium
930 903 1030 965 etiam
1048 913 1163 966 contra

63 1021 119 1062 enm
141 1000 345 1086 proponebat
368 1001 556 1082 articulum,
590 1001 679 1088 quod
711 999 955 1064 abbatissarum
987 1021 1163 1084 congrega·

62 1099 146 1160 tiones
158 1097 323 1182 plurimas
343 1099 377 1162 in
395 1099 633 1184 dispersionem
651 1099 804 1179 dedisset,
830 1097 908 1161 dum
925 1107 1059 1184 propter
1073 1119 1164 1162 enor-

61 1197 186 1258 mitatem
199 1197 359 1280 ipsarum,
384 1197 444 1261 sub
470 1197 711 1262 emendationis
727 1198 900 1260 occasione
917 1198 1084 1281 usurpatis
1100 1195 1163 1260 sibi

60 1295 221 1378 stipendiis,
248 1295 563 1381 personas.qnidem
589 1297 793 1375 removisset,
819 1315 881 1358 nec
905 1293 987 1358 alias
1011 1293 1053 1358 ad
1065 1294 1164 1359 hono·

59 1413 112 1454 rem
134 1393 194 1456 Dei
211 1393 264 1458 vel
290 1391 460 1457 Ecclesiae
484 1403 700 1478 augmentum
725 1391 786 1456 sub
808 1390 943 1455 meliore
960 1392 1164 1477 professione

60 1489 208 1556 reddebat.
235 1541 242 1555 .
268 1541 276 1556 .
302 1541 310 1556 .
336 1491 426 1555 Inter
453 1490 537 1554 haec
568 1500 678 1554 autem
707 1489 905 1554 Volcmarus
936 1489 1060 1554 electus
1088 1490 1165 1554 Tre·

60 1589 188 1667 virensis,
222 1589 263 1653 de
298 1611 363 1675 quo
394 1591 545 1674 superius
570 1590 696 1653 dictum
721 1599 787 1670 est,
822 1597 936 1652 contra
960 1587 1164 1653 voluntatem

62 1685 253 1770 Imperatoris
276 1710 337 1774 per
358 1709 477 1750 manus
501 1687 638 1751 Domini
664 1687 776 1771 Papae
799 1686 842 1750 ad
869 1708 1036 1750 summum
1060 1709 1164 1750 sacer-

60 1781 164 1848 dotium
193 1787 316 1848 meruit
339 1787 526 1870 promoveri
551 1786 710 1868 (1⁰Junii
739 1785 846 1866 1186).
894 1784 1079 1870 Imperator
1102 1785 1165 1850 hoo

59 1881 297 1947 audiensiratus
313 1885 486 1964 estnimis,
512 1893 544 1947 et
567 1905 609 1946 ex
633 1883 690 1947 illa
714 1883 768 1947 die
792 1883 1081 1947 manifestissimae
1106 1885 1164 1946 ini·

59 1979 186 2043 micitiae
225 1982 313 2045 inter
345 1982 452 2066 ipsum
485 1992 519 2044 et
549 1981 732 2045 Dominum
764 1980 993 2066 Apostolicum
1032 1989 1165 2044 exortae

58 2089 126 2139 suut.
173 2077 218 2141 Et
241 2077 330 2142 facta
363 2088 412 2142 est
440 2080 473 2142 iu
499 2078 637 2142 ecclesia
669 2078 732 2142 Dei
764 2077 967 2163 perturbatio
1001 2101 1068 2142 non
1102 2100 1165 2142 mo·

62 2172 130 2256 dica,
154 2179 245 2261 quia,
271 2175 351 2240 dum
376 2179 462 2240 inter
484 2199 518 2240 se
534 2176 763 2240 discordarent
787 2176 938 2240 cardines
955 2176 1054 2257 orbis,
1080 2177 1167 2240 facta

58 2289 92 2333 est
113 2275 262 2339 confusio
287 2274 534 2356 elementorum,
559 2275 780 2360 praelatorum
806 2274 962 2338 videlieet
986 2274 1064 2338 hinc
1088 2275 1165 2342 inde

56 2369 166 2452 placere
191 2372 442 2453 volentium.“¹)
1153 2371 1157 2383 ’

125 2505 178 2569 ῦὸ.
195 2502 397 2569 Germaniae
417 2505 584 2590 praesules
600 2507 695 2570 initio
710 2505 881 2570 Pontificis
898 2528 1032 2569 causam
1051 2517 1165 2570 contra
1196 2523 1314 2564 crasans.

56 2597 275 2685 Imperatorem
288 2605 524 2683 sustinuerunt,
549 2603 605 2671 sed
631 2603 725 2667 brevi
749 2613 833 2689 post,
854 2602 1025 2689 colloquiis
1041 2602 1164 2668 habitis
1183 2588 1327 2628 ‘mmmm’

56 2719 115 2761 cum
147 2700 337 2780 friderico,
378 2712 411 2764 et
440 2699 554 2764 turbas
588 2701 854 2766 vehementiores
890 2703 1168 2788 pertimescentes,

56 2793 148 2876 plures
164 2821 206 2862 ex
224 2797 290 2862 illis
305 2801 414 2884 potius
437 2798 480 2863 ab
505 2799 642 2864 Urbano
657 2799 709 2864 III
734 2801 911 2885 petierunt,
939 2809 973 2862 ut
997 2799 1168 2885 indulgen-

56 2895 91 2954 tis
112 2896 252 2979 quadam
280 2906 436 2976 uteretur,
462 2918 547 2960 neve
572 2899 712 2960 nimium
738 2897 904 2983 postulata
928 2907 1068 2983 urgeret.
1093 2897 1168 2978 Qua

56 2989 86 3052 de
107 3016 138 3056 re
167 2995 306 3058 miratus
338 3005 386 3059 est
418 2994 589 3074 Pontifex,
625 3017 726 3081 quum
760 2998 905 3060 maxime
938 2999 1168 3081 episcoporum

52 3085 114 3168 jura
145 3102 258 3155 contra
290 3092 500 3156 Fridericum
535 3094 619 3156 tueri
650 3093 806 3159 studeret.
863 3092 1033 3174 Quasdam
1068 3094 1167 3156 etiam

56 3188 191 3268 querelas
215 3189 376 3253 friderici
406 3190 448 3254 de
472 3190 634 3254 Pontilice
667 3190 835 3276 praesules
866 3189 945 3254 huic
977 3189 1167 3274 retulerunt,

57 3305 127 3366 ‘puae
157 3299 267 3350 tamen
300 3286 390 3351 haud
425 3290 534 3370 magni
569 3299 662 3352 erant
693 3291 863 3353 momenti.
888 3327 931 3336 -
956 3287 1040 3352 Illud
1072 3311 1168 3374 porro

57 3378 198 3447 hocloco
222 3387 402 3470 praeterire
434 3408 501 3448 uon
527 3388 692 3470 convenit,
726 3387 855 3473 aliquos
880 3389 1058 3466 censuisse,
1084 3385 1166 3450 Pon·

59 3479 141 3543 tificis
164 3484 312 3546 animum
338 3483 504 3546 infensum
536 3483 637 3547 fuisse
661 3483 848 3569 friderico,
880 3483 921 3547 ob
951 3484 1090 3569 injurias
1113 3506 1168 3547 an-

58 3579 151 3641 teriori
177 3590 323 3665 tempore
349 3579 475 3646 Urbani
502 3580 648 3645 familiae
672 3580 791 3646 illatas.
838 3580 1005 3646 Videlicet
1037 3584 1168 3668 coatipit

59 3671 119 3736 alim
130 3701 192 3738 eum
206 3679 385 3764 Imperator
397 3680 582 3754 Fridoricas
599 3680 829 3758 Mediolanum,
842 3683 998 3744 civitatem
1011 3703 1166 3766 mapsam,

60 3769 196 3838 obsessam
219 3777 264 3839 od
286 3777 479 3840 deditionem
502 3780 694 3862 coatipisset,
719 3790 867 3862 copaatos
891 3790 920 3842 et
941 3789 1088 3864 parentes
1113 3777 1166 3840 do·

61 3871 124 3932 mini
149 3873 269 3936 Urbani
302 3875 411 3960 Papae
440 3876 525 3942 inter
552 3887 690 3939 caeteros
723 3879 865 3964 captivos
897 3878 1006 3953 terreri,
1038 3898 1168 3961 qaorum

61 3969 193 4048 maedam
210 3973 446 4058 proscriptione
470 3971 646 4051 damnavit,
675 3973 827 4059 procedam
857 3973 1054 4037 mutilatione
1078 3996 1166 4036 mom·

75 4137 252 4152 ’'-——--—-

123 4243 142 4312 ¹)
160 4244 321 4301 Watterieh.
341 4245 378 4298 Il.
398 4246 456 4300 666.
