2814 4848
316 457 372 512 348
480 456 597 512 XXVII.
617 457 657 511 De
675 457 778 513 haeres.
797 457 965 524 repressione
983 471 1015 510 ee
1032 456 1066 510 de
1084 452 1278 508 Decretslibns.

316 625 407 680 vans,
435 613 470 665 ut
492 601 696 666 verecundiae
712 601 802 688 forte
821 600 986 688 parcendo
1010 601 1103 686 quasi
1125 609 1256 661 veterem
1280 595 1397 679 hyems

310 699 419 786 peliat
442 723 508 764 cum
532 701 657 778 bonore,
680 723 735 762 nec
759 701 804 763 sic
823 709 868 763 est
880 699 1008 786 penitus
1024 695 1249 782 confutandus,
1275 693 1397 756 dumnsos

315 800 397 861 sicut
417 797 651 884 praediscimus,
682 821 745 861 non
770 797 894 860 aberret
924 798 960 859 in
983 795 1164 858 substantia
1187 793 1341 856 veritatis.
1364 841 1397 854 ..

323 895 384 960 Vos
408 918 490 980 erpo,
523 896 651 972 iratres,
675 895 854 984 hujusmodi
876 895 1070 980 supportetis
1092 894 1128 956 in
1151 891 1269 978 spiritu
1293 887 1397 952 lenitvt

313 1015 379 1057 non
403 993 586 1080 abjicientes
608 993 665 1055 sed
688 993 864 1056 allicientes
887 991 1018 1068 eosdem,
1043 991 1120 1075 quia
1139 989 1284 1076 plerique
1308 987 1397 1048 bernuin

305 1089 449 1176 facilius
481 1089 772 1155 commonitionibus
805 1113 897 1176 quam
928 1087 1222 1152 comminationibus
1245 1093 1397 1148 revocanti

316 1199 346 1252 et
368 1187 539 1252 nonnullos
561 1187 740 1274 affabilitas
762 1190 886 1274 pratiae
903 1187 1002 1272 mapis
1018 1187 1157 1272 corripit,
1174 1207 1269 1270 qnam
1284 1183 1397 1268 asperit

315 1287 516 1372 disciplinae.
550 1287 644 1350 Ptius
668 1287 749 1350 enim
773 1284 1007 1372 infundendum
1030 1293 1076 1347 eet
1091 1282 1201 1360 oleum,
1226 1293 1256 1344 et
1281 1281 1311 1344 si
1326 1299 1397 1342 nescu

304 1383 428 1468 fuerit,
466 1383 796 1470 superinfundendum
826 1393 870 1447 est
897 1383 1024 1460 vinum;
1047 1381 1189 1466 quamvis
1212 1382 1300 1446 circa
1323 1404 1397 1444 canu

314 1505 367 1546 sos
393 1482 572 1571 bujsssmodi
595 1493 672 1567 poet
702 1484 808 1545 vinum
830 1481 973 1568 infusum
998 1481 1040 1544 sit
1072 1479 1174 1543 oleum
1198 1478 1397 1564 infundenda

314 1603 384 1643 cum
407 1580 525 1644 dudum
543 1581 689 1666 perversi
712 1579 1045 1643 eucommunicationis
1059 1579 1188 1664 siverint
1203 1601 1349 1640 mucrone
1368 1601 1397 1662 ps

313 1681 408 1756 crissi,
425 1703 507 1742 reveno
521 1701 593 1741 vero
608 1680 749 1742 conversi
763 1679 988 1741 communionis
1002 1677 1066 1740 sint
1083 1674 1233 1762 amplexu
1241 1676 1397 1762 fovendi..

318 1774 441 1849 Quodsi
481 1788 615 1840 vestram
646 1777 887 1861 contempserint
918 1775 1124 1852 medicinam,
1163 1773 1321 1838 relatione
1352 1773 1397 1858 ful

312 1876 433 1938 nostris
457 1875 644 1961 quantocius
668 1874 798 1936 auribus
816 1874 980 1950 intimetis,
1004 1883 1039 1936 ut
1053 1871 1259 1936 adhibeamus
1274 1871 1397 1935 recudit

312 1973 397 2056 quod
429 1973 603 2036 videbimus
635 1971 793 2056 expedire.
842 1969 895 2034 Si:
926 1971 1008 2033 enim
1036 1992 1183 2033 erroneos
1213 1969 1255 2034 ab
1286 1969 1397 2032 barreti

309 2071 473 2154 pravitate
496 2070 690 2132 intendimus
711 2091 871 2146 revocare,
896 2080 931 2131 ut
953 2068 1084 2131 velimus
1104 2067 1213 2146 fideles
1237 2069 1273 2130 in
1290 2068 1397 2132 eatbali

313 2167 446 2230 veritate
462 2165 586 2252 fovere,
611 2189 679 2230 cum
702 2164 902 2230 tolerabilius
925 2168 966 2229 sit
983 2187 1150 2251 perversos
1177 2167 1212 2228 in
1236 2189 1298 2230 sua
1316 2189 1397 2252 pen-s

313 2265 537 2350 aitateperire,
561 2288 654 2349 qssam
669 2268 774 2352 justos
796 2289 817 2328 a
833 2287 892 2328 sua
900 2266 1032 2352 justitia
1049 2263 1254 2346 declinant)
1282 2267 1397 2329 Duram

314 2363 437 2446 pariter
460 2364 592 2448 scripsit
615 2361 788 2447 epistolam
812 2362 911 2428 valde
935 2361 1125 2446 benignam,
1150 2383 1216 2446 qua
1233 2385 1312 2426 eum
1336 2363 1397 2426 hort

312 2471 375 2540 tur,
412 2470 448 2524 ut
480 2463 568 2525 omni
601 2462 679 2524 ritui
710 2462 936 2546 superstitioso
969 2462 1136 2524 renuntiet
1167 2471 1200 2523 et
1224 2462 1259 2524 in
1286 2457 1396 2524 omnibs

312 2559 532 2622 reverentiam
557 2557 716 2622 exhibeat
739 2558 983 2622 ecclesiastieae
1008 2559 1207 2624 auctoritati.

403 2727 456 2790 43.
505 2727 652 2792 Maxime
678 2727 812 2792 dolebat
828 2728 982 2792 Pontifex
1007 2727 1048 2792 de
1072 2727 1299 2794 obstinatione
1324 2725 1393 2791 Catii

314 2844 436 2905 rorum,
461 2834 495 2888 et
517 2827 649 2889 nonnisi
674 2829 832 2890 extremis
846 2825 1004 2912 periculis
1020 2847 1105 2912 quae
1121 2825 1199 2890 fidei
1217 2826 1392 2891 imminebs

313 2930 496 2986 commotus
520 2932 579 3003 est,
603 2933 641 2988 ut
657 2923 757 3009 juxta
780 2921 890 3008 legum
914 2924 1124 2988 severitatem
1148 2934 1265 2989 contra
1290 2948 1343 2990 eos
1364 2937 1392 3008 pt

311 3019 454 3100 cederet,
494 3033 526 3084 et
563 3021 811 3106 expeditionem
849 3023 1031 3086 cruciatam
1069 3024 1102 3085 in
1142 3042 1196 3086 eos
1228 3043 1391 3088 convocas

310 3115 454 3182 Elucent
488 3141 601 3183 sensus
639 3121 710 3205 ejus
741 3119 804 3184 hac
835 3121 869 3184 in
902 3142 937 3184 re
970 3141 1012 3183 ex
1040 3117 1178 3206 epistola
1202 3119 1245 3185 ad
1272 3119 1390 3206 praesui

311 3218 455 3300 regionis
471 3217 722 3281 Narbennensis
747 3217 881 3298 directa,
907 3239 972 3303 qua
996 3218 1065 3302 egit
1088 3216 1130 3280 de
1148 3217 1242 3281 bonis
1260 3217 1389 3283 haeretis

310 3334 383 3376 rum
417 3313 496 3379 fisco
527 3315 680 3380 addictis.
727 3314 864 3380 Alienos
889 3315 961 3380 vult
991 3314 1062 3379 illos
1086 3315 1254 3400 praesules
1280 3317 1322 3380 sb
1345 3333 1388 3393 ont

310 3410 504 3496 cupiditatis
519 3415 639 3499 speeie.
680 3413 919 3500 Optavernmus,
945 3414 1070 3494 scribit,
1095 3425 1130 3478 ut
1146 3411 1387 3501 ortbodoscaefil

310 3509 517 3590 verbosi-sorec,
542 3513 596 3598 qui
617 3535 650 3575 sc
673 3511 877 3598 inpartibus
897 3513 1276 3578 vestrisacommunione
1296 3511 1379 3596 fidet·

303 3609 544 3694 praeciderunt,
575 3633 639 3673 non
671 3611 771 3674 solum
802 3635 840 3675 ea
867 3634 946 3696 quae
977 3634 1036 3674 sua
1059 3610 1216 3689 dicebant,
1246 3609 1364 3676 barreti

303 3707 500 3792 pravitatem
523 3709 679 3772 imitando
703 3731 767 3773 non
785 3709 967 3796 perderent,
993 3709 1048 3772 sed
1072 3709 1115 3772 ad
1132 3711 1310 3795 puritatem
1333 3735 1346 3770 r

310 3803 404 3868 licam
433 3805 603 3884 redeundo,
635 3807 794 3871 nobiscum
824 3809 859 3871 in
888 3808 1023 3870 caritate
1052 3818 1081 3870 et
1109 3831 1188 3894 pace
1217 3831 1297 3894 quae
1326 3829 1361 3868 no

308 3913 383 3965 ssent
407 3904 502 3966 etiarn
518 3905 732 3990 possiderent.
768 3905 880 3968 Verum
902 3906 978 3989 quia
996 3915 1131 3991 propter·
1154 3906 1356 3990 impoenitens

158 2809 290 2853 innossuttt

160 2873 289 2924 intentus.

309 4105 519 4116 ———2

386 4231 407 4298 ¹)
426 4231 493 4298 Eup.
513 4229 543 4284 L.
564 4231 626 4286 xm.
646 4247 687 4299 ep.
707 4231 750 4284 67.
