2868 4844
293 444 347 498 266
532 445 662 501 XXXIII.
683 447 723 500 De
741 461 840 514 magno
860 447 1015 502 Occidentis
1033 447 1186 502 schismate.

293 611 318 652 s.
336 587 431 652 Sedis
455 587 584 668 obtulit,
610 612 633 655 s.
653 589 835 653 Catharina
858 589 901 654 ad
929 601 1106 676 utrumque
1131 594 1312 676 principem
1335 615 1399 676 quo-

293 708 358 772 que
382 687 536 772 epistolas
561 687 662 766 dedit,
695 708 750 751 eos
781 687 970 769 exhortans,
1007 691 1191 754 utcontra
1213 691 1400 754 adversarios

295 783 465 848 Ecclesiae
489 785 617 850 fortiter
642 785 847 851 dimicarent.
889 787 1068 852 Itasancta
1085 788 1167 852 baec
1185 790 1289 872 virgo,
1312 811 1399 873 usquc

293 881 337 946 ad
362 881 488 946 obitum
513 905 610 948 suum
635 885 688 948 die
705 885 765 948 30⁰
778 883 904 971 Aprilis
922 885 1007 949 1380
1030 907 1096 949 non
1122 885 1228 950 solum
1247 885 1398 952 Urbanum

295 991 331 1042 ut
354 1001 470 1045 verum
495 995 528 1046 et
550 981 728 1046 indubium
745 983 941 1046 Pontificem
967 986 1115 1066 agnovit,
1141 983 1198 1048 sed
1224 986 1321 1048 etiam
1346 981 1398 1046 Ci-

295 1091 438 1143 mentem
478 1080 572 1144 firmo
613 1082 732 1144 mentis
765 1080 894 1165 judicio
934 1091 970 1144 ut
1006 1083 1201 1166 antipapam
1234 1080 1349 1144 babuit
1373 1105 1399 1142 a·

294 1176 466 1241 daemonis
504 1180 776 1256 instrumentum,
821 1188 853 1241 et
895 1200 1107 1264 quacumque
1148 1181 1256 1264 potuit
1294 1181 1402 1244 ratione

296 1275 468 1338 Urbanum
494 1275 537 1338 ad
562 1277 783 1339 constantiam
808 1276 972 1340 excitavit
994 1297 1136 1361 eumque
1161 1275 1333 1361 adjuvit.¹l

385 1375 437 1437 28.
474 1373 566 1436 ldem
593 1397 670 1438 voro
695 1376 763 1437 fere
787 1373 968 1438 dicendum
993 1385 1042 1438 est
1066 1374 1107 1438 dc
1131 1373 1236 1438 altera
1260 1397 1287 1439 s.
1303 1373 1401 1438 Catha-

184 1460 255 1489 Μ’·
295 1472 368 1534 rina
404 1471 543 1536 Suecica
574 1471 642 1536 filia
678 1495 701 1535 s.
738 1472 912 1554 BrIgittae,
954 1494 1039 1556 quae
1071 1485 1217 1557 tempore
1250 1472 1398 1537 electioni-

298 1567 423 1633 Urbani
449 1569 564 1633 aderat
581 1570 713 1652 Romae,
739 1581 772 1632 et
796 1591 861 1632 non
887 1571 997 1634 minus
1020 1571 1051 1632 ei
1074 1569 1246 1645 adhaesit,
1263 1569 1394 1656 quaml·

295 1666 407 1730 valore
432 1667 602 1731 electionis
625 1679 739 1753 aperta
763 1669 952 1732 testimonia
977 1667 1070 1731 dedit
1127 1667 1248 1732 Exstat
1272 1669 1343 1754 ejus
1362 1667 1402 1730 de·

295 1767 413 1850 positio
442 1767 590 1850 juridica
622 1765 663 1830 de
688 1768 727 1830 iis
752 1787 836 1851 quae
863 1763 1036 1830 Urbanum
1061 1767 1258 1850 spectant,²)
1290 1789 1331 1830 ex
1352 1787 1404 1850 qua

296 1865 359 1926 ista
388 1866 489 1927 citare
519 1875 741 1950 opportunum
766 1863 916 1926 videtur:
958 1862 1056 1944 ,Plus
1087 1863 1172 1926 dixit
1205 1887 1240 1927 se
1273 1867 1352 1929 eolre
1376 1866 1402 1924 in

295 1961 384 2024 dicto
409 1963 551 2046 negotio,
578 1961 734 2025 videlicet
758 1960 846 2046 quod
869 1962 902 2024 in
920 1959 1082 2024 Conclavi
1106 1961 1327 2026 existentibus
1342 1961 1405 2024 t'ar·

296 2059 465 2123 dinalibus
489 2059 671 2124 adversarii
697 2057 877 2123 concordes
901 2060 1104 2122 sunanimiter
1123 2059 1259 2122 luerunt
1275 2059 1317 2122 de
1331 2059 1404 2122 dioc·

296 2157 431 2222 domiuo
472 2157 610 2221 Urbano
655 2155 821 2239 eligendo,
867 2167 935 2220 tum
981 2155 1233 2242 archiepiscopo
1273 2157 1405 2221 Bareas.

297 2255 512 2340 Interrogata,
537 2255 701 2340 quomodo
718 2256 825 2336 sciret,
851 2253 1031 2339 respondit,
1056 2254 1145 2338 quod
1170 2255 1234 2320 boc
1259 2255 1406 2319 audivita

296 2353 431 2417 domino
450 2352 620 2418 Cardinali
634 2354 837 2417 Pictaviensi
862 2363 894 2415 et
917 2375 937 2415 a
962 2351 1072 2416 multis
1087 2350 1162 2416 aliis
1175 2349 1408 2418 (lardinalibus.

296 2451 386 2534 quod
416 2451 540 2514 dictum
574 2472 740 2514 summum
779 2449 974 2514 Pontificem
1010 2448 1177 2534 elegerant
1215 2451 1408 2514 concorditer

296 2560 429 2612 etcum
461 2548 548 2613 bona
572 2545 751 2612 voluntate'
773 2556 873 2632 atque
907 2548 1063 2632 perlecta,
1098 2547 1270 2612 toranus
1299 2547 1433 2628 dictae,

296 2647 482 2726 dominam,
517 2657 632 2710 testem
664 2647 966 2731 praenominatam,
998 2646 1087 2730 quod
1113 2647 1253 2710 firmiter
1277 2647 1409 2710 erederet

297 2755 330 2806 et
353 2743 491 2807 firmiter
513 2755 648 2822 teneret,
674 2745 773 2808 istum
798 2745 866 2807 fore
891 2765 1007 2807 verum
1031 2755 1064 2808 et
1087 2743 1275 2828 legitimum
1299 2745 1408 2830 Papam

296 2853 330 2904 et
353 2841 494 2905 electum
524 2843 683 2906 canonice
707 2853 740 2905 et
763 2851 846 2906 nutu
869 2839 1012 2927 Spiritus
1042 2843 1157 2907 sanmi.
1206 2841 1410 2926 interrogata.

295 2943 324 3003 si
358 2942 393 3004 in
425 2940 585 3005 electione
616 2940 679 3003 fuit
710 2941 880 3025 impressio
906 2961 963 3003 seu
988 2942 1086 3004 tImor
1109 2939 1349 3020 Romanorum,
1375 2963 1432 3008 re.

296 3036 441 3124 spondit,
467 3038 555 3124 quod
580 3059 656 3118 non,
680 3037 737 3102 sed
764 3038 848 3101 bene
872 3045 946 3122 post
969 3036 1164 3102 electionem
1190 3037 1256 3102 fuit
1271 3037 1410 3123 aliqum·

298 3159 411 3201 rumor
434 3147 467 3201 et
490 3135 632 3201 insultus
646 3137 870 3200 Romanorum
894 3137 1080 3220 optantium
1098 3134 1222 3199 babere
1235 3135 1409 3200 Romanus.

297 3235 504 3300 Pontificem.
552 3235 686 3298 Testata
711 3233 787 3298 dein
813 3243 871 3314 est,
896 3235 996 3296 etiam
1021 3245 1135 3318 postea
1160 3235 1409 3298 incoronatus

298 3332 426 3397 nullum
450 3335 602 3397 timorem
628 3333 740 3397 fuisse.
773 3332 978 3415 Interrogata
993 3352 1081 3414 ergo,
1106 3331 1276 3417 quomodo
1293 3332 1409 3396 dicitnr.

296 3431 386 3517 quod
405 3431 600 3514 Cardinales
624 3429 870 3496 absconderunt
893 3451 970 3494 eum
987 3426 1189 3510 (Urbanum)
1207 3441 1283 3514 post
1297 3429 1409 3493 electis·-

298 3551 375 3593 nem
390 3553 409 3592 a
425 3529 593 3605 Romanis,
619 3549 696 3612 ergo
720 3547 832 3590 rumor
846 3537 878 3590 et
894 3528 992 3590 tImor
1008 3525 1089 3590 fuit:
1114 3525 1312 3610 Respondit,
1339 3523 1409 3612 quod
1429 3549 1430 3554 ¹

298 3639 446 3712 tompore
470 3626 639 3692 electionis
664 3625 773 3691 nullus
797 3645 909 3688 rumor
932 3647 990 3688 seu
1014 3626 1112 3688 timor
1134 3625 1208 3704 fuit,
1232 3625 1295 3690 sed
1314 3623 1402 3690 Cas-dn

299 3725 391 3790 nales
415 3724 616 3804 dubitantes,
650 3745 726 3788 cum
751 3725 891 3788 fuissent
914 3725 1062 3808 requisiti
1086 3745 1106 3786 a
1130 3723 1305 3802 Romanis,
1339 3719 1410 3808 quoe

300 3823 426 3909 Papam
452 3823 637 3888 Romanum
668 3821 886 3886 haberentet
911 3843 975 3886 non
1000 3823 1195 3886 annuissent
1225 3841 1342 3885 eorum
1371 3841 1410 3904 pc·

297 3921 482 4002 titionibus,
496 3924 687 4000 timuerunt,
702 3941 778 3984 cum
791 3919 893 3984 alium
902 3919 1078 4003 elegissent
1087 3917 1408 4004 praeterRomanus..

375 4146 394 4208 Ι)
413 4143 547 4210 Raynald.
567 4160 590 4198 a.
612 4142 689 4206 1378,
712 4141 786 4204 1379.
809 4143 886 4200 1380.
905 4147 935 4194 et
953 4140 1041 4207 Epist.
1059 4156 1079 4192 s.
1100 4137 1179 4194 each.
1199 4139 1338 4194 &nmis

372 4223 394 4292 ¹³)
414 4223 546 4290 Raynald.
567 4239 583 4276 a
612 4225 689 4277 1379.
710 4238 736 4276 n.
756 4223 798 4276 21).
1429 4241 1430 4310 p
