2850 4834
293 450 347 504 166
492 449 606 503 XXXII.
627 449 667 503 De
685 447 861 502 Pontificibus
881 449 1022 503 Arenioue
1041 449 1222 506 commoraris.

297 593 432 658 decreta
456 603 488 656 et
511 592 761 656 reformationes
785 593 969 676 mitigaret,
1001 591 1160 678 largaque
1192 615 1289 658 manu
1316 591 1399 656 bene-

295 691 373 756 ficia
405 690 630 754 ecclesiastica
659 688 881 754 distribueret.
913 727 957 738 -
989 687 1176 754 Severitate
1204 713 1280 754 usus
1300 701 1347 754 est
1372 693 1399 755 in

293 789 506 853 Ludovicum
531 787 711 870 Bavarum‚
736 809 839 873 qaum
862 797 1129 874 perseverantem
1165 811 1241 853 eum
1265 792 1296 853 in
1318 789 1403 853 malis

295 888 474 973 propositis
514 887 689 950 inveniret.
756 885 1148 950 Excommunicationem
1187 887 1339 951 videlicet
1374 889 1402 950 in

297 996 528 1049 contumacem
552 985 739 1070 prinprem
763 985 957 1067 renovavit,
982 1007 1058 1048 eum
1082 985 1174 1048 omni
1198 987 1343 1071 imperio,
1364 1005 1403 1047 re-

292 1103 358 1168 guo
383 1092 416 1146 et
440 1081 562 1146 ducatu
594 1083 763 1167 privatum
793 1081 993 1162 declaravit,
1022 1083 1219 1168 monuitque
1253 1081 1403 1149 electores.

294 1191 333 1245 ut
351 1181 479 1266 justum
505 1181 742 1265 Imperatorem
768 1178 928 1263 eligerent
951 1178 993 1244 ab
1018 1180 1213 1266 Apostolica
1236 1180 1320 1246 Sede
1342 1202 1404 1244 cou-

297 1277 510 1344 firmandum.
542 1278 715 1363 Principes
732 1275 889 1342 electores
904 1298 921 1340 e
937 1277 1074 1342 consilio
1088 1277 1264 1342 Pontificis
1285 1301 1314 1341 a.
1333 1277 1405 1341 1346

296 1377 469 1460 elegerunt
493 1375 647 1440 Carolum
673 1375 720 1438 IV
746 1374 973 1452 marchionem
997 1377 1180 1458 Moraviae,
1204 1373 1309 1439 filium
1332 1375 1407 1458 regis

190 1511 191 1516 κ
293 1474 492 1556 Bohemiae,
518 1496 618 1560 quam
643 1473 836 1538 electionem
869 1471 1022 1538 Clemens
1051 1474 1272 1538 confirmavit.
1310 1473 1405 1537 Ludo

296 1575 394 1637 vicus
410 1595 489 1637 vero
507 1593 609 1658 quum
626 1569 748 1636 bellum
766 1581 907 1658 pararet,
932 1597 961 1637 a.
982 1573 1066 1636 1347
1091 1575 1124 1636 in
1143 1573 1321 1636 venatione
1342 1591 1405 1656 apo·

298 1672 412 1759 plexia
436 1679 606 1756 correptus
628 1669 722 1753 obiit,
747 1692 892 1755 moxque
916 1693 983 1756 pax
1007 1673 1158 1735 restituta
1183 1680 1242 1734 est.

117 1823 281 1865 ΟΜΝ
386 1814 437 1879 16.
461 1813 603 1878 Romani
628 1814 797 1897 petierunt
819 1812 1026 1877 aClemente
1051 1814 1159 1877 missis
1183 1811 1312 1898 legatis,
1336 1814 1407 1875 inter

298 1934 382 1998 quoa
417 1911 586 1976 eminebat
615 1910 796 1975 Petrarcha
827 1921 939 1998 poeta,
972 1923 1009 1974 ut
1037 1911 1177 1976 Romam
1209 1933 1287 1974 cum
1320 1909 1404 1974 Curia

295 2011 438 2093 rediret3
464 2009 521 2074 sed
545 2009 716 2094 respondit
743 2009 916 2091 Pontifex,
946 2031 979 2074 se
1011 2009 1046 2074 id
1074 2009 1210 2096 quidem
1239 2007 1359 2072 babere
1381 2009 1405 2069 in

300 2110 398 2192 uotis,
416 2123 450 2172 at
466 2129 591 2171 moram
606 2129 698 2171 suam
716 2109 749 2171 in
765 2107 979 2193 transalpinis
994 2108 1185 2191 regionibus
1200 2109 1405 2171 necessariam

297 2227 368 2271 esse
393 2205 612 2270 conciliandis
636 2203 765 2269 Galliae
790 2215 822 2270 et
838 2205 981 2290 Angliae
1005 2203 1149 2291 regibus.
1198 2203 1406 2270 Concordiam

286 2316 408 2370 tamen
435 2306 521 2368 inter
556 2305 644 2389 ipsos
679 2306 850 2367 restituere
885 2304 975 2368 haud
1011 2307 1128 2390 potuit.
1163 2342 1207 2351 —
1244 2305 1411 2397 Nicolaum¹

163 1883 234 1928 gesta.

298 2403 472 2483 Rienzum,
503 2403 559 2487 qui
585 2399 699 2465 infimo
724 2400 794 2465 loco
820 2413 917 2466 natus
941 2402 999 2466 sed
1025 2404 1159 2486 ingenio
1183 2413 1216 2467 et
1233 2405 1408 2491 eloquentia

294 2499 476 2586 praeditus,
501 2521 521 2563 a
545 2498 670 2585 populo
694 2499 844 2563 Romano
869 2499 1023 2564 tribunus
1047 2513 1177 2565 creatus
1205 2503 1325 2567 suerat.
1356 2502 1407 2588 pri-

295 2620 385 2662 mum
412 2597 547 2683 quidem
572 2597 802 2676 confirmavit3
835 2597 891 2662 sed
917 2621 994 2663 mox
1024 2598 1192 2664 hominem
1226 2601 1410 2690 superbiai-p

297 2717 401 2778 mum,
426 2697 602 2780 tyrannice
619 2695 781 2779 dignitate
796 2718 862 2781 qua
877 2695 1078 2782 fungebatur
1092 2695 1297 2776 abutentem,
1322 2719 1407 2782 opera

295 2793 484 2859 Cardinalis
507 2793 684 2858 Bertrandi
714 2793 816 2878 legati
840 2796 890 2858 sui
921 2795 1043 2880 dejecit
1071 2805 1170 2881 atque
1200 2796 1341 2881 fugavit.
1383 2797 1404 2858 A

296 2893 431 2958 Joanna
460 2891 618 2977 Neapolis
648 2893 764 2975 regina
800 2903 832 2954 et
863 2891 1062 2956 Provinciae
1099 2895 1268 2959 comitissa
1305 2895 1409 2984 urben

297 2992 566 3054 Avenionensem
592 2991 682 3073 emit,
707 2989 988 3076 magnificumque
1013 2990 1184 3076 palatium,
1209 2993 1302 3078 quod
1319 2993 1405 3057 Benc-

297 3089 407 3154 dictus
431 3087 500 3153 XII
524 3087 701 3151 aedificare
729 3089 907 3173 inceperat,
933 3088 1123 3174 complevit,
1147 3089 1315 3177 simulque
1335 3090 1404 3152 rarii

296 3185 491 3250 Cardinales
516 3185 700 3271 splendidis
731 3185 996 3251 habitationibus
1017 3188 1186 3251 civitatem
1203 3201 1408 3276 exornarunt,

295 3285 460 3369 Tempore
485 3284 640 3347 immanis
663 3285 781 3369 pestis,
815 3307 900 3371 quae
932 3306 992 3369 per
1025 3284 1136 3370 plures
1166 3307 1275 3350 annos
1310 3287 1404 3348 varis

295 3381 386 3447 orbis
419 3383 571 3465 regiones
602 3380 811 3467 depopulata,
835 3391 900 3464 est,
948 3382 1118 3467 praeclara
1158 3385 1294 3470 pietatis
1328 3383 1403 3447 dedit

295 3480 499 3566 specimina3
524 3479 543 3543 J
550 3478 682 3558 udaeos,
708 3480 763 3564 qui
779 3501 799 3542 a
814 3478 911 3565 plebe
927 3481 1042 3564 ignara
1059 3479 1316 3560 accusabantur,
1330 3479 1407 3571 quod}

292 3577 436 3642 fontium
458 3587 491 3640 et
513 3585 687 3662 puteorum
712 3598 833 3661 aquam
858 3599 987 3641 veneno
1003 3579 1158 3642 infectam
1184 3577 1404 3644 reddidissent.

293 3685 408 3739 contra
427 3674 678 3738 multitudinum
703 3673 847 3738 furorem
871 3677 1026 3760 protexit,
1051 3675 1293 3760 flagellantium
1310 3697 1403 3762 super·

294 3774 456 3837 stitiosam
496 3782 618 3836 sectam
655 3775 810 3858 repressit
845 3783 944 3859 atque
980 3773 1162 3840 damnavit.
1223 3775 1406 3842 Jubilaeam

294 3869 486 3958 petentibus
509 3869 668 3934 Romanis
693 3870 734 3935 ob
759 3873 849 3935 vitae
873 3870 1040 3936 humanae
1064 3871 1265 3938 brevitatem
1298 3873 1338 3938 ad
1359 3857 1406 3936 aa?

293 3989 375 4033 num
400 3990 566 4054 quemque
590 3971 903 4056 quinquagesimum
928 3970 1079 4035 extendit
1101 3993 1161 4056 per
1183 3971 1315 4036 Bullam
1342 3970 1402 4034 I'ai·

294 4069 442 4153 pertitam
464 4067 555 4132 unde
571 4071 669 4132 etiam
688 4090 775 4133 anno
795 4069 881 4133 1350
897 4070 1023 4153 ingenti
1040 4068 1189 4134 fidelium
1205 4069 1405 4156 affluentium,

295 4168 484 4253 frequentia
507 4167 633 4232 Romae
665 4167 746 4231 illud
770 4166 963 4233 Jubilaeum
987 4177 1158 4252 peractum
1183 4177 1241 4232 est.
