2960 4838
715 1351 1005 1465 Indou

599 1835 865 1914 Dissentatto
880 1851 1122 1930 nogesimo„
1366 1771 1408 1818 m

569 1969 613 2038 iio
652 1965 849 2039 Pontinostu
887 1965 1041 2041 Bonifatii
1079 1972 1153 2041 tili.
1393 1991 1401 2041 ι
1468 2067 1469 2070 Ν

330 2101 351 2156 l.
371 2101 411 2155 Do
429 2101 596 2156 Pontidostu
615 2118 636 2160 s.
652 2102 799 2157 coelestini
812 2103 845 2167 V,
866 2109 895 2158 et
913 2103 946 2158 de
965 2103 1096 2160 electione
1108 2105 1247 2161 Bonifatii
1261 2104 1332 2164 VIll
1393 2107 1403 2158 1

317 2189 352 2243 ll.
371 2190 458 2244 Initio
476 2190 656 2245 Pontificatus
675 2191 809 2246 Bonifatii
822 2191 892 2247 Vlll
910 2209 941 2246 oo
960 2193 993 2248 de
1011 2193 1118 2263 origiue
1136 2195 1246 2251 dissidii
1267 2196 1339 2251 iuter

370 2280 458 2347 ipsum
477 2287 505 2335 ot
523 2279 678 2350 Philippum
697 2279 844 2336 Pulchrum
923 2321 1337 2340 ......
1386 2283 1407 2336 il

299 2368 349 2423 111.
368 2367 410 2423 De
428 2368 539 2424 dissidio
557 2386 617 2424 num
631 2370 862 2436 Columuousibus,
881 2370 914 2426 de
927 2371 1053 2427 Jubilueo
1072 2372 1187 2441 ollisque
1200 2374 1337 2430 Bonifatii

369 2457 457 2528 gostis
505 2499 510 2509 .
587 2504 591 2511 .

300 2547 345 2600 lv.
364 2547 405 2603 De
424 2547 549 2603 conflictu
568 2562 628 2603 oum
647 2504 773 2618 Philippo
791 2502 908 2605 Pulchro
927 2507 1114 2606 nohenneutius
1132 2504 1271 2608 tunneto

311 2637 343 2689 V.
364 2637 402 2691 De
420 2637 502 2692 Bolis
521 2639 626 2706 „Unum
644 2643 784 2693 sonotom“
804 2655 835 2693 no
854 2640 887 2694 ds
905 2641 1041 2696 Bonifatii
1061 2640 1136 2696 obito
1250 2687 1257 2698 .

299 2725 345 2782 VI.
366 2726 405 2780 Do
422 2742 546 2795 processu
563 2727 680 2797 juridico
698 2736 794 2783 oontrs
811 2729 982 2784 Bonifatium
1083 2775 1088 2790 .
1163 2771 1167 2783 .
1248 2775 1255 2787 .
1328 2777 1336 2786 .
1383 2735 1395 2746 '

516 3035 1199 3118 nissenattoertgssimm
1468 3145 1469 3152 ἵ

510 3157 554 3228 lio
586 3157 761 3230 unitione
794 3157 921 3229 ordinis
953 3157 1214 3245 Tonoiooionun.
1383 3179 1409 3230 os
1468 3194 1469 3208 i

328 3290 348 3344 l.
368 3290 409 3345 De
427 3289 559 3346 electione
578 3287 725 3345 Clementis
743 3289 777 3354 V,
796 3289 882 3358 deque
900 3289 990 3344 initiis
1007 3289 1066 3360 ejus
1084 3291 1269 3348 Pontificatus
1328 3336 1334 3347 .
1381 3292 1409 3346 si

314 3379 349 3436 ti
370 3379 410 3434 De
429 3395 554 3448 processu
572 3386 668 3434 contre
685 3379 852 3448 Templonos
871 3379 1001 3434 instituto
1080 3423 1088 3434 .
1162 3423 1168 3437 .
1244 3423 1249 3434 ,
1326 3425 1334 3438 .
1379 3383 1405 3432 111

296 3469 347 3524 111.
367 3469 406 3522 De
419 3468 567 3524 abolitione
585 3468 693 3524 Ordinis
711 3468 924 3538 Templsriorum
942 3469 972 3524 in
991 3469 1112 3526 Gouoilin
1130 3470 1283 3527 Viennensi
1327 3515 1332 3528 .
1368 3471 1407 3524 toi

297 3558 343 3610 lV.
364 3558 404 3612 De
420 3556 532 3626 justitie
551 3557 707 3614 abolitionis
725 3557 834 3614 Ordinis
852 3557 1065 3626 Tomolsnorum
1162 3603 1168 3614 .
1244 3603 1249 3614 .
1326 3603 1332 3612 .
1366 3557 1406 3614 iit

491 3900 756 3966 Dissertatio
772 3901 1002 3981 mesina
1018 3903 1226 3968 secunda.

470 4023 513 4092 iis
560 4021 771 4093 Pontificibus
817 4023 982 4094 iventone
1029 4025 1249 4094 sonnonstie
1363 4037 1403 4092 no

327 4158 347 4215 1.
367 4157 455 4212 Series
474 4155 636 4211 Pontificum
656 4155 885 4210 Aveniouonsium
1002 4197 1327 4211 .....
1363 4151 1402 4206 iti

313 4246 349 4301 Il.
369 4245 410 4300 Do
428 4245 619 4301 Minoriterum
639 4245 726 4300 turbis
840 4285 1325 4301 .......
1361 4241 1400 4296 iil
