2868 4844
309 438 363 492 220
507 435 623 491 XXXII.
644 436 684 490 De
703 433 880 488 Pontificibus
898 433 1039 488 Avenione
1057 431 1237 485 marmoratis.

307 581 383 667 jure
425 581 465 643 iis
506 579 741 660 conveniebat,
779 578 834 642 sed
873 602 890 642 e
927 598 1089 642 consensu
1122 583 1180 636 aut
1219 573 1339 638 indulto
1370 571 1423 633 reli

308 677 484 743 tolerantia
504 676 683 744 Ecclesiae.

400 787 452 850 71.
492 784 545 848 Ex
569 785 622 849 his
646 786 748 869 igitur
771 785 929 870 sequitur,
956 783 1123 848 Romanus
1140 783 1324 864 Pontifices,
1348 780 1423 842 dum*

310 883 405 948 sedes
445 882 649 969 episcopales
682 881 745 947 sibi
776 892 1004 963 reservarunt,
1038 881 1116 968 jure
1147 903 1206 946 suo
1246 901 1318 944 usos
1348 899 1423 940 esse„

309 981 461 1065 Ipsorum
485 982 584 1045 etiam
610 990 681 1044 erat
704 979 903 1066 dijudicare,
935 989 1044 1043 utrum
1076 1002 1187 1044 rerum
1221 979 1372 1064 adjuncta
1392 985 1423 1034 st

310 1078 481 1143 Ecclesiae
505 1078 629 1143 utilitas
652 1078 734 1142 tales
757 1079 998 1142 reservationes
1022 1077 1211 1142 suaderent.
1245 1075 1423 1146 Universiru

310 1187 421 1241 autem
446 1176 513 1241 dici
538 1185 656 1263 potest,
681 1175 724 1240 ad
743 1177 985 1240 reservationes
1008 1176 1097 1239 istas.
1112 1175 1284 1239 faciendas
1311 1169 1423 1248 mortu}

312 1273 518 1338 validissima
542 1275 654 1356 fuisse,
686 1273 776 1360 quod
812 1274 834 1336 ii
864 1273 987 1359 quibus
1012 1271 1141 1336 collatio
1173 1275 1310 1336 istarum
1335 1268 1423 1332 eccle

311 1374 434 1437 siarum
459 1384 539 1454 erat,
565 1373 740 1438 commissa
764 1381 926 1457 potestate
950 1394 1010 1435 sua
1034 1371 1119 1435 male
1144 1379 1325 1450 uterentur,
1348 1367 1420 1450 legas

311 1472 532 1556 praescriptas
564 1492 630 1535 nou
662 1480 842 1554 servarent,
877 1480 910 1533 et
940 1491 1052 1534 sacrae
1083 1467 1261 1533 electiones
1291 1468 1423 1556 partium}

313 1568 441 1650 studiis,
466 1569 608 1632 simonia
625 1566 764 1653 aliisque
780 1565 942 1631 abusibus
959 1569 1279 1646 contaminarentur3
1297 1563 1348 1628 rel
1359 1557 1423 1648 jure,

314 1687 371 1730 suo
396 1667 435 1732 R.
459 1665 638 1730 Pontifices
662 1686 738 1729 usos
761 1686 842 1747 esse,
867 1664 1001 1751 quando
1025 1685 1084 1751 pro
1109 1663 1310 1728 universalis
1326 1661 1423 1726 Eccle*

313 1766 382 1830 siae
405 1763 692 1829 administratione
724 1772 782 1828 aut
812 1786 854 1828 ex
878 1762 952 1827 aliis
982 1762 1236 1827 rationabilibus
1270 1762 1376 1825 causis
1396 1756 1418 1820 id

315 1862 473 1946 expedire
491 1860 701 1947 judicabant.

164 1980 279 2085 Bm?
407 1979 459 2042 72.
488 1977 541 2043 Ad
566 1977 632 2041 alia
655 1975 846 2059 beneficial)
872 1975 1094 2041 ecclesiastica
1117 1975 1206 2061 quod
1230 1973 1420 2060 spectatjsn

143 2055 181 2086 ’ω
271 2055 304 2084 ‘⁸'
317 2076 475 2158 diximus,
499 2077 598 2140 etiam
623 2073 685 2138 hac
709 2075 743 2138 in
768 2096 802 2137 re
825 2073 1004 2138 Pontifices
1026 2073 1193 2136 Romanos
1216 2091 1379 2136 summum
1399 2073 1423 2164 et

310 2173 497 2260 principale
516 2174 573 2260 jus
596 2170 730 2254 habere,
754 2193 794 2236 ac
817 2169 958 2258 proinde
975 2171 1182 2257 provisiones
1199 2180 1231 2234 et
1247 2169 1423 2233 collatione-r

311 2271 549 2336 beneficiorum
582 2269 882 2335 ecclesiastieorum
918 2270 996 2355 jure
1026 2290 1122 2353 posse
1163 2267 1227 2332 sibi
1259 2205 1423 2346 reservarrl

311 2369 397 2436 Sunt
420 2370 555 2454 quidem
580 2369 728 2454 episcopi
758 2368 895 2453 genuini
925 2391 964 2432 ac
988 2367 1093 2432 nativi
1119 2365 1297 2430 collatores
1321 2353 1423 2429 benai*

312 2467 439 2531 ciorum
462 2467 655 2532 inferiorum
681 2464 783 2530 relate
816 2465 860 2530 ad
883 2465 965 2530 alios
989 2464 1175 2546 collatores,
1209 2474 1374 2550 quatenus
1398 2459 1414 2522 h

312 2563 419 2628 solum
442 2586 459 2627 e
484 2563 657 2650 privilegio
684 2564 738 2630 vel
763 2564 1012 2646 consuetudine,
1044 2561 1091 2627 illi
1108 2585 1186 2627 vero
1209 2561 1378 2648 proprioj

312 2670 410 2725 etex
434 2661 544 2726 officio
574 2660 737 2726 beneficia
761 2661 953 2742 conferunt,
986 2661 1045 2725 sed
1069 2660 1103 2726 id
1129 2661 1269 2725 minime
1294 2656 1413 2726 excludi

307 2761 364 2846 jus
387 2759 571 2846 principale
596 2761 737 2824 Romani
761 2759 943 2841 Pontificio,
984 2761 1040 2846 qui
1059 2760 1136 2845 jure
1160 2781 1219 2822 suo
1253 2757 1320 2822 bac
1351 2759 1380 2822 in
1400 2778 1421 2816 r

311 2857 495 2922 rectissime
531 2859 634 2922 utitur
666 2859 736 2923 sive
765 2857 809 2922 ad
841 2856 1070 2943 corrigendam
1106 2855 1362 2922 ordinariorum
1391 2857 1415 2916 in

314 2957 451 3038 curiam,
483 2957 555 3020 sive
583 2956 626 3021 ad
649 2957 876 3040 procurandos
901 2953 1050 3020 ecclesiis
1074 2955 1243 3019 ministros
1268 2955 1384 3040 dignos
1403 2927 1423 3058 el

314 3053 460 3132 idoneos,
484 3053 527 3119 ad
551 3053 811 3118 remunerandos
836 3053 972 3117 clericos
996 3051 1081 3117 bene
1106 3054 1252 3134 meritos,
1283 3052 1328 3118 ad
1352 3063 1423 3156 ml

314 3150 415 3216 tenda
447 3149 534 3215 mala
557 3151 640 3216 alias
664 3150 811 3216 ecclesiis
836 3151 1055 3216 imminentia.
1103 3151 1223 3214 Merito
1248 3152 1368 3216 Petrus
1396 3145 1413 3208 d

316 3245 445 3314 rilliaco
482 3248 680 3332 Cardinalis,
719 3253 895 3336 episcopus
929 3249 1194 3328 Cameracensis,
1233 3251 1294 3335 qui
1334 3163 1423 3352 floruil

316 3349 452 3411 ineunte
469 3347 600 3413 saeculo
616 3349 681 3413 XV
699 3359 732 3412 et
748 3359 836 3413 certe
861 3351 893 3414 in
919 3347 1139 3413 defendendis
1156 3347 1319 3412 Romanis
1335 3345 1423 3412 Pontil

315 3445 435 3510 ficibus
459 3445 595 3510 modum
612 3468 679 3511 non
694 3449 846 3528 excessit,
872 3448 956 3511 haec
972 3445 1105 3512 scribit:
1131 3447 1224 3532 Papo
1240 3451 1320 3536 jore
1338 3445 1418 3532 potui

316 3544 535 3608 ordinationes
550 3549 704 3634 majorum
729 3556 759 3608 et
781 3545 982 3608 electivarum
998 3545 1189 3629 dipsitutum
1207 3570 1243 3610 oc
1258 3545 1411 3610 cellatica·

390 3821 410 3890 ¹)
430 3821 470 3874 De
489 3819 595 3888 origine
614 3819 802 3873 beneficiorum
821 3819 941 3873 sufficiat
967 3819 1033 3874 haec
1051 3820 1149 3874 citasse
1168 3837 1202 3874 ex
1220 3821 1341 3874 Bsronio
1365 3819 1393 3871 sd
1422 3795 1423 3836 l

317 3903 369 3956 502
378 3916 402 3954 u.
410 3901 457 3956 36:
469 3900 551 3967 „Cum
563 3899 682 3954 solerent
691 3899 780 3952 elerici
791 3900 825 3953 ab
835 3899 949 3954 eeclesia
958 3915 1007 3967 per
1013 3901 1166 3968 episcopum
1179 3901 1319 3956 mensibus
1329 3897 1415 3968 singu!

316 3983 406 4035 victus
416 3996 498 4034 causa
508 3980 633 4034 meritam
643 3979 741 4047 stipem
752 3980 882 4048 accipere,
896 4020 900 4030 .
916 3985 1045 4046 ..postea
1057 3995 1122 4034 vero
1131 3979 1243 4046 sactum,
1262 3989 1297 4035 ut
1310 3979 1416 4046 dions

316 4077 350 4114 ex
368 4060 410 4115 bis
429 4061 558 4115 ecclesiae
576 4061 755 4128 possessiones
775 4060 863 4126 quoad
881 4060 1008 4114 virerent
1031 4060 1065 4114 ab
1090 4060 1149 4129 ipso
1175 4063 1301 4130 episeopo
1320 4059 1406 4114 murrii

316 4145 419 4204 rentur,
448 4157 517 4208 quae
536 4141 666 4195 beneficis
684 4140 737 4194 dici
763 4149 917 4208 coeperunt,
946 4156 976 4194 eo
1002 4141 1079 4207 quod,
1108 4149 1141 4196 ut
1159 4142 1242 4196 babet
1260 4141 1418 4210 Symmacba

318 4220 508 4275 benemeritis
529 4226 636 4274 tanturn
656 4235 688 4274 ea
707 4219 813 4274 concedi
834 4220 924 4275 licet‘*
