2964 4838
538 433 633 490 Sixtus
651 433 698 488 lv.
1128 437 1184 492 425

65 582 148 645 enim
166 581 279 665 magni
301 589 334 643 et
347 580 434 644 vasti
451 579 608 664 corporis,
632 576 717 642 adeo
733 587 770 642 ut
785 577 864 642 dum
882 577 925 643 ad
943 600 1012 645 rem
1028 579 1181 644 divinam

66 679 323 766 proficisceretur
346 677 433 742 solus
457 677 628 742 emineret.
676 674 776 740 Circe
799 675 925 740 cultum
950 679 1096 762 corporis
1120 679 1182 743 etsi

66 797 207 842 morosus
231 798 298 841 non
322 785 401 854 erat,
426 795 638 860 nequaquam
662 783 774 838 temen
790 773 961 860 negligens
986 773 1181 842 habebatur.

66 876 167 939 Fuere
190 876 290 938 etism
315 875 372 960 qui
396 873 555 952 dicerent,
580 870 745 952 eumdem,
770 893 846 938 cum
864 874 898 939 iu
913 871 1086 958 publicum
1111 895 1182 959 pro·

63 973 154 1054 diret,
184 973 304 1038 faciem
327 971 390 1035 sibi
415 971 501 1034 fucis
523 970 724 1034 concinnare
757 971 920 1055 (ineptum
945 993 1024 1036 sane
1048 970 1182 1036 mende-

62 1073 173 1151 sium).
198 1071 250 1135 De
265 1079 429 1155 apparatu
444 1068 614 1154 pontificio
631 1089 697 1133 non
715 1079 773 1146 est,
794 1067 1022 1152 uursmbigas‚
1041 1069 1182 1154 majores

61 1167 100 1232 ab
124 1169 188 1232 hoc
211 1189 277 1232 uno
302 1177 483 1252 superatos,
508 1187 609 1250 reguo
626 1167 831 1250 praesertim,
857 1167 928 1230 sive
949 1168 1081 1232 mitram
1098 1165 1182 1232 velis

59 1265 236 1352 appellare,
261 1267 412 1350 inquam
435 1263 556 1330 multus
579 1284 659 1350 opes
682 1263 832 1342 contulit,
857 1266 1017 1349 coemptis
1033 1264 1183 1350 undique

61 1375 91 1428 et
114 1367 244 1450 magnis
268 1365 383 1449 pretiis
406 1361 650 1444 adamantibus,
684 1360 835 1448 saphiris,
861 1362 1054 1446 smaragdis,
1086 1363 1181 1447 chry-

59 1461 177 1544 solitis,
214 1459 424 1550 jaspidibus,
466 1459 664 1543 unionibus,
704 1469 736 1522 et
776 1458 939 1546 quidquid
973 1479 1181 1545 gemmarum

59 1561 90 1624 in
125 1561 231 1646 pretio
266 1569 328 1640 est,
368 1556 490 1644 quibus
523 1565 658 1620 ornatus
691 1567 850 1642 tanquam
888 1557 971 1622 alter
994 1559 1108 1622 Aaron
1146 1559 1182 1622 in

57 1658 230 1742 publicum
262 1657 368 1720 forma
399 1653 545 1718 humana
577 1656 767 1740 angustiore
799 1654 1019 1740 prodibat.“¹)
1065 1655 1183 1742 Inepte

57 1757 182 1840 pariter
211 1754 373 1818 avaritiae
398 1775 473 1816 eum
503 1752 591 1818 idem
616 1763 732 1816 auctor
755 1764 908 1835 aecusat3
938 1753 1066 1838 largum
1091 1756 1181 1820 enim

58 1853 170 1940 potins
187 1851 311 1916 dixeris
326 1851 466 1916 Paulum
484 1849 517 1913 II
534 1849 644 1932 fuisse,
670 1872 769 1936 quam
786 1854 1002 1935 pecuniarum
1019 1862 1180 1917 tenacem.

56 1947 122 2014 Sed
148 1947 298 2036 singulas
321 1949 394 2013 illas
420 1947 570 2035 querelas
596 1949 749 2012 minutim
774 1948 959 2014 discurrere
981 1973 1048 2014 non
1073 1961 1180 2016 vacat.

55 2047 194 2112 Dixeris
219 2045 271 2110 vel
297 2049 404 2133 ipsum
421 2046 586 2110 Platinam
612 2047 761 2126 sensisse,
786 2071 820 2112 se
845 2047 966 2134 injuste
985 2047 1181 2114 Pontificem

54 2147 258 2232 vituperare,
280 2145 442 2208 conviciis
458 2146 547 2208 enim
564 2165 640 2208 mox
655 2141 769 2208 laudes
787 2147 1012 2210 intermiscere
1029 2145 1121 2212 solet.
1137 2185 1180 2193 —

53 2243 86 2310 Si
104 2265 187 2308 vero
212 2245 391 2330 quaeritur,
417 2243 505 2306 uude
530 2240 655 2306 factum
673 2244 724 2320 sit,
750 2252 787 2307 ut
801 2243 925 2307 Paulus
941 2243 973 2308 11
996 2245 1180 2329 generatim

52 2365 117 2406 non
137 2362 356 2428 permagnam
379 2339 649 2404 benevolentiam
675 2363 872 2406 coaevorum
898 2341 961 2407 sibi
987 2341 1181 2406 conciliasse

53 2441 147 2504 visus
164 2441 216 2518 sit,
242 2441 397 2524 quamvis
413 2437 587 2524 quaerelae
605 2459 717 2501 eorum
744 2461 860 2524 parum
879 2441 1094 2504 inveniantur
1109 2441 1180 2504 fun-

51 2537 163 2620 datae,
188 2536 270 2600 forte
287 2535 365 2599 inde
382 2547 490 2600 ortum
515 2548 573 2617 est,
599 2535 687 2621 quod
713 2535 861 2620 rigidiori
888 2540 1063 2624 minusque
1086 2549 1180 2624 grato

49 2633 176 2720 agendi
210 2635 307 2699 modo
340 2633 505 2700 interdum
545 2643 708 2716 uteretur,
748 2638 1045 2722 auctoritatemque
1085 2659 1179 2700 suam

51 2735 167 2798 minus
191 2743 286 2798 cante
311 2732 498 2797 ostenderet
521 2742 553 2795 et
577 2730 775 2797 vindicaret.

143 2867 199 2931 24.
246 2865 398 2930 Sixtus
420 2866 470 2930 IV
494 2863 757 2950 (levi-1484).
798 2865 866 2932 Otr.
891 2864 1045 2930 Rainaldi
1071 2867 1179 2930 Anna·

47 2965 93 3028 les
119 2965 412 3045 a.1471-1484;
437 2965 476 3028 Ε.
503 2964 635 3042 Frantz,
662 2962 839 3028 SiaetusIV
861 2965 928 3028 uod
952 2963 1180 3049 dieRepublilr
1253 2980 1258 2991 ·
1294 2979 1301 2992 ·

47 3061 203 3140 Florem,
228 3061 445 3146 Regsnsburg
472 3063 575 3141 188ος
601 3060 727 3126 Civiltb
750 3060 904 3126 eettolica
927 3085 957 3126 a.
985 3061 1070 3126 1868
1095 3082 1127 3125 v.
1152 3061 1179 3128 Ι.

45 3159 90 3226 ΙΙ.
111 3159 178 3224 lII.
203 3159 407 3243 (Pontsflcoto
421 3161 456 3224 di
469 3159 554 3225 Siste
578 3161 718 3246 quarto.)
733 3197 770 3206 -
786 3159 865 3226 Post
879 3171 1019 3226 mortem
1034 3159 1128 3224 Pauli
1144 3161 1179 3226 Π

46 3261 81 3322 in
108 3259 186 3341 ejus
213 3255 322 3322 locum
353 3259 512 3324 suffectus
546 3269 595 3321 est
626 3258 826 3322 Franciscus
866 3257 963 3324 Oard.
998 3257 1178 3340 Roboreus,

44 3359 104 3442 qui
134 3375 256 3420 nomen
281 3358 462 3441 assumpsit
486 3354 598 3420 Status
615 3356 673 3422 IV.
721 3357 787 3420 Hic
811 3368 909 3420 niatus
933 3380 961 3422 n.
991 3358 1077 3419 1414
1101 3356 1180 3420 inde

44 3479 65 3517 a
90 3455 209 3539 pueris
233 3475 250 3516 e
275 3455 390 3517 matris
414 3465 491 3520 voto
516 3452 668 3518 habitum
692 3455 794 3537 gessit
819 3454 973 3518 Fratrum
1002 3455 1178 3535 minorum,

43 3563 78 3615 et
112 3552 280 3614 novennis
313 3550 390 3615 huic
420 3551 538 3616 Ordini
573 3561 622 3615 est
652 3551 817 3616 addictus.
864 3551 1006 3616 Multum
1039 3551 1181 3637 profecit

44 3652 79 3712 in
107 3647 352 3734 philosophicis
368 3658 399 3712 ot
415 3647 611 3734 theologicis
635 3648 832 3734 disciplinis,
857 3651 903 3714 ita
927 3659 964 3712 ut
988 3650 1074 3712 inter
1098 3647 1179 3712 cele·

43 3745 179 3810 briores
204 3743 291 3809 illius
320 3751 437 3811 aetatis
469 3745 638 3830 theologos
669 3746 865 3830 haberetur3
905 3746 961 3811 sed
996 3756 1029 3810 et
1059 3769 1180 3811 munus

43 3841 311 3928 praedicationis
336 3847 368 3909 in
394 3844 546 3931 plurimis
570 3844 687 3909 Italiae
720 3847 849 3930 magnis
883 3844 1077 3909 civitatibus
1101 3867 1177 3909 cnm

41 3939 152 4006 lande
169 3944 328 4008 exercuit.
364 3943 487 4007 Factus
512 3943 590 4008 dein
615 3945 665 4007 sui
683 3942 820 4008 Ordinis
838 3943 991 4007 Minister
1013 3942 1180 4028 generalis

65 4119 78 4124 ,
108 4113 266 4122 -.—-—-

124 4219 147 4285 ¹)
167 4217 284 4284 Plstluu,
304 4177 471 4273 vituperii
490 4219 527 4273 ΙΙ,
