2850 4834
309 471 465 539 Suppressio
484 469 592 523 Ordinis
610 469 831 538 Temptatiorum.
1081 473 1138 526 109

42 613 143 700 absque
171 617 307 678 caeteris
338 636 403 678 non
435 615 575 677 mitratis
599 623 631 676 et
653 614 840 678 absentium
865 615 1133 700 procuratoribus

41 715 294 798 congegatuw)
336 712 514 776 Adsertum
547 711 609 775 hoc
640 713 754 775 coaevi
786 714 929 775 auctoris
959 713 1069 797 potius
1096 723 1133 776 ut

41 831 132 874 renim
156 811 345 874 habendum
369 823 427 874 est.
458 809 532 874 Non
550 809 654 874 solum
672 821 782 874 tamen
807 833 848 874 ex
865 808 983 893 Gallia,
1009 811 1065 874 sed
1090 833 1132 873 ex

39 907 128 970 ueritis
149 908 337 994 regionibus
360 906 526 993 praesules
558 919 800 983 convenerunt3
836 930 912 972 nam
948 929 990 971 ex
1015 908 1133 993 Hispa-

37 1005 86 1070 nia.
122 1005 313 1086 Theutonia,
351 1005 468 1085 Dacia,
509 1007 635 1092 (Dania
669 1009 812 1091 nempe),
845 1005 977 1089 anglia,
1010 1005 1131 1084 Scotia,

36 1103 192 1184 Hibernia,
223 1103 320 1168 Italia
354 1103 520 1188 praesules
551 1102 759 1168 Ptolomaeus
791 1104 953 1168 Lucensis
993 1125 1132 1168 comme·

35 1215 128 1266 irruat.
173 1202 219 1267 L't
240 1201 393 1286 generale
417 1203 517 1265 totius
541 1201 629 1264 orbis
654 1199 839 1265 Concilium
872 1201 954 1265 haec
978 1201 1133 1286 Synodns

34 1303 128 1364 nerito
151 1301 330 1364 universim
355 1298 585 1382 agnoscitur.²)

105 1417 154 1481 25.
189 1415 285 1495 Quae
309 1435 386 1477 vero
412 1416 446 1478 in
463 1415 594 1498 negotio
608 1412 871 1500 Templariorum
895 1412 983 1478 saeta
1007 1416 1308 1481 fuerintssu1¹·⁷⁰²=··=›

32 1515 133 1598 inipso
151 1511 308 1594 Concilio,
333 1514 506 1598 perspicue
523 1514 701 1598 exponitur
714 1535 734 1576 a
751 1509 920 1576 Clemente
935 1513 966 1576 V
982 1515 1016 1577 in
1033 1515 1130 1580 Bulla

37 1611 89 1673 liu
120 1615 150 1674 ia
185 1611 320 1689 excelso,
361 1633 426 1696 qua
458 1609 590 1674 demum
623 1609 713 1676 Ordo
744 1609 886 1675 abolitus
918 1611 990 1676 fuit.
1038 1613 1131 1678 Haec

31 1709 117 1788 Balla,
149 1712 301 1796 quamvis
326 1710 424 1772 etiam
454 1709 543 1793 typis
576 1728 732 1793 expressa
765 1708 798 1771 in
827 1707 953 1794 aliquot
976 1710 1131 1796 operibus

30 1809 191 1891 exstaretff)
220 1819 333 1872 tamen
356 1829 376 1870 a
400 1805 552 1892 plurimis
577 1804 801 1888 ignorabatur,
834 1807 879 1888 ita
907 1817 942 1870 ut
967 1807 1130 1873 Constitu·

30 1907 115 1968 tiones
137 1905 300 1992 quaedam
325 1903 541 1968 secundariae
567 1905 676 1988 potius
701 1903 817 1967 Bullae
841 1905 1035 1990 principalis
1058 1907 1130 1971 loco

29 2005 211 2084 afferrentur,
241 2013 273 2066 et
297 2001 408 2087 aliqua
432 2003 466 2064 in
491 1999 553 2064 boc
578 2003 709 2086 negotio
734 1999 924 2065 obscuriora
948 2017 1130 2070 manerent.

28 2101 181 2165 Publicata
205 2112 315 2164 autem
341 2099 403 2163 fuit
427 2099 483 2163 ilia
499 2097 698 2163 Constitutio
723 2101 847 2163 recenti
867 2109 1014 2185 temporo
1031 2124 1130 2188 opera

27 2195 95 2262 lllmi
118 2198 276 2279 Helele,⁴)
315 2197 497 2283 eademque
529 2199 706 2283 praecipue
735 2196 975 2264 consideranda
1004 2210 1062 2282 est,
1094 2213 1130 2264 ut

26 2309 159 2362 accurate
184 2299 301 2361 scriem
326 2317 438 2359 eorum
464 2291 548 2382 qu'ae
572 2308 664 2378 gesta
688 2305 765 2359 sunt
788 2295 1011 2362 advertamus.

97 2414 147 2479 26.
195 2411 380 2477 Exordium
405 2411 504 2497 hujus
528 2411 644 2476 Bullae
670 2411 854 2475 dolorosam
879 2414 1025 2478 eontinet
1047 2413 1129 2480 Pon·

28 2512 107 2574 tiricis
130 2511 401 2576 lamentationem
426 2508 467 2572 de
491 2509 580 2572 fama
604 2509 823 2594 corruptionis
837 2508 973 2575 Ordinis
987 2511 1129 2597 Templi.

32 2607 85 2670 lbr·
114 2611 145 2672 ia
177 2608 299 2672 excelso
324 2607 438 2670 audita
471 2618 516 2669 est
549 2605 793 2688 lamentationis,
823 2608 922 2694 fletae
956 2621 985 2673 et
1018 2608 1130 2690 luctata,

26 2709 84 2790 pia
108 2709 190 2771 reait
215 2717 343 2792 tempus,
369 2728 427 2789 quo
447 2729 509 2792 par
527 2705 716 2792 prophetam
740 2707 940 2791 conqueritur·
954 2706 1130 2772 Dominus:

27 2806 70 2867 „lu
93 2807 241 2890 farronem
272 2813 301 2867 et
333 2803 583 2888 indipuntioaem
610 2803 686 2865 milei
707 2801 806 2887 sacia
836 2814 882 2865 est
905 2804 1014 2868 domus
1036 2806 1130 2870 llaec:

24 2903 171 2986 «tolleretur
195 2903 233 2966 cle
257 2911 420 2988 conspectu
443 2923 508 2964 meo
519 2911 654 2986 propter·
668 2899 977 2986 malitiumflliorum
992 2927 1135 2984 suonam,-

23 3004 83 3084 pria
106 3025 149 3066 me
174 3000 219 3064 ad
241 2999 442 3064 iracundiam
467 2997 695 3084 provocabunt,
729 3010 880 3063 uertentes
903 3001 948 3064 ad
970 3024 1016 3065 me
1040 3014 1128 3087 tergo

24 3109 44 3156 et
64 3123 119 3162 eron
134 3099 256 3185 socies,
275 3108 427 3183 ponentes
452 3095 542 3160 idola
565 3120 624 3159 areu
647 3097 801 3176 inclamo,
825 3099 860 3161 ia
875 3123 937 3184 quo
952 3100 1128 3164 invocatam

23 3207 56 3258 aa
78 3221 185 3261 nomen
209 3219 317 3274 merens,
340 3206 375 3258 ut
393 3191 574 3282 polluerent
597 3195 720 3281 banorm‘
746 3195 877 3271 (Jerem.
895 3197 964 3282 23).
991 3248 1048 3264 ...
1074 3199 1136 3262 Ad·

23 3303 71 3354 tem
101 3293 290 3358 torrendum
317 3293 460 3356 auditum
491 3302 669 3378 tantamque
706 3293 864 3356 horrorem
895 3293 1039 3382 culpetne
1080 3298 1127 3360 ia·

16 3389 123 3472 ⁸leuru'ue
152 3391 255 3478 (quod
276 3392 346 3476 quis
369 3413 506 3476 unqrcum
530 3388 654 3454 audivit
678 3389 763 3454 tole?
797 3392 867 3476 quis
890 3392 970 3455 cidit
992 3393 1062 3456 lescle
1086 3397 1126 3458 ei-

22 3489 125 3574 tadei),
160 3491 358 3552 coeruleum
381 3487 536 3567 audirem,
560 3488 765 3551 contristatus
787 3511 864 3568 areni,
889 3513 956 3553 cum
980 3491 1128 3572 riderem,

21 3590 143 3650 alienauit
166 3609 221 3650 cor
244 3609 357 3666 oneum,
392 3585 535 3650 tenebrae
560 3585 832 3671 enatupefeceruat
855 3610 909 3652 me.
943 3636 950 3651 .
978 3643 983 3654 .
1009 3637 1017 3652 .
1048 3589 1128 3654 Post

24 3749 218 3758 ——--.—-.-——

80 3847 100 3913 ¹)
118 3846 160 3900 Ad
181 3857 206 3898 a.
226 3845 304 3898 1311.
325 3843 357 3899 V.
377 3842 516 3910 D'Achery
535 3841 659 3911 spicileg.
679 3841 709 3896 Τ.
729 3843 779 3896 IIL
799 3859 824 3911 p.
844 3843 886 3897 65.

79 3927 97 3983 ’1
116 3925 172 3982 Cir.
194 3941 236 3992 ap.
256 3923 389 3990 Raynald.
409 3923 443 3977 ad
462 3939 486 3977 a.
507 3923 574 3978 1311
595 3939 621 3980 n.
640 3924 675 3978 54
694 3922 737 3979 Ill.
756 3923 856 3978 Mansii
874 3929 975 3979 notam.

78 4005 97 4072 ³)
116 4005 199 4075 Apud
217 4003 337 4059 Lorenzo
360 4003 532 4069 Villanaeva‚
561 4003 650 4072 Vinge
678 4003 814 4058 litterario
842 4020 859 4057 a
886 4003 926 4058 las
953 4004 1064 4074 iglesias
1091 4006 1125 4059 de

19 4081 136 4152 E-panna.
155 4084 264 4138 Madrid
279 4083 356 4150 1⁸06,
375 4082 405 4137 T.
415 4084 448 4138 V.
463 4083 635 4150 Documenti;
650 4090 678 4136 et
691 4085 790 4136 Anton.
801 4083 961 4150 Benavides,
980 4085 1124 4140 Memoriae

18 4163 42 4216 de
58 4165 111 4220 Dan
130 4163 274 4220 Femando
293 4163 332 4218 IV
351 4163 384 4218 de
402 4163 524 4228 Castiiia,
543 4163 648 4218 liodrid
670 4163 747 4226 18110,
767 4161 797 4216 Τ.
817 4163 854 4218 II.
873 4179 897 4231 p.
919 4164 1068 4221 835-841.

76 4246 98 4314 ⁴)
116 4245 260 4313 Tiibinger
276 4244 367 4299 Tbeol.
385 4242 597 4312 Quartalschriit
609 4245 685 4297 1866.

1178 1482 1265 1524 accho.
