2964 4838
280 463 335 516 ⁴50
461 461 588 515 XXXVI.
614 461 653 514 De
671 466 747 514 statu
767 459 903 515 Ecclesiae
921 471 1055 530 vergente
1072 463 1146 518 Sace.
1166 463 1225 520 XV.

278 604 451 670 Pontifieie
475 616 587 672 texere
612 604 739 685 volunt,
767 613 804 666 ut
826 605 925 668 etiarn
951 616 1027 669 ante
1051 607 1281 691 pontificatum
1304 605 1406 671 illiba-

281 712 348 766 tam
373 705 477 766 vitam
501 709 577 769 eum
602 703 742 788 gessisse
771 712 929 767 asserant.
977 702 1077 783 Quod
1102 725 1181 770 vero
1209 705 1252 770 sd
1275 725 1317 769 ea
1340 727 1407 791 spe·

280 809 358 880 etat,
383 821 468 887 quae
492 802 634 866 durante
658 800 854 886 pontificatu
878 801 940 885 ipsi
962 799 1177 887 objiciuntur,
1202 815 1291 867 certe
1314 803 1409 888 plura

281 897 380 984 plane
403 897 487 962 falsa
510 900 626 964 merito
651 899 893 976 existimantur,
917 897 984 962 alia
1006 911 1218 984 exaggerata,
1241 901 1309 966 alia
1332 921 1409 965 veru

140 1009 196 1099 :2¹02
213 1007 264 1097 *ΙΝ
284 996 388 1060 dubia
411 1006 489 1060 aaut
511 1007 544 1061 et
567 1000 703 1062 incerta.
741 995 798 1060 Sic
821 997 984 1060 incertum
1006 1017 1078 1062 esee
1092 1019 1273 1080 censerem,
1297 1010 1409 1064 utu-um

234 1087 239 1098 ’
284 1095 395 1160 media
418 1094 533 1160 illicita
558 1115 733 1158 munerum
757 1092 949 1158 adhibuerit
972 1093 1179 1176 Alexander,
1203 1109 1239 1164 ut
1262 1097 1305 1162 ad
1332 1117 1409 1178 pon·

281 1194 444 1258 tificatum
478 1191 714 1278 perveniret¹),
751 1190 834 1255 falsa
864 1202 942 1255 sunt
970 1211 1057 1278 quae
1087 1193 1129 1256 de
1151 1194 1310 1258 Lucretia
1343 1193 1411 1258 lilia

280 1292 352 1376 ejus
375 1315 395 1354 a
419 1289 592 1355 malevolis
615 1301 749 1354 narrata
771 1289 874 1353 fuere.
913 1287 1006 1354 Haeo
1022 1292 1112 1356 enim
1128 1292 1254 1356 femina
1270 1293 1411 1357 honesta

280 1401 313 1455 et
327 1390 431 1476 proba
446 1389 548 1453 fuisse
566 1387 708 1466 videtur,
727 1407 812 1473 quae
828 1407 931 1473 quum
947 1398 1032 1451 esset
1048 1388 1411 1455 ducissaFerrarionais

280 1489 427 1552 emnium
454 1489 614 1552 virtutum
645 1484 744 1549 laude
768 1484 924 1566 florebat,
959 1487 1007 1548 ita
1037 1497 1158 1551 atnoe
1182 1491 1295 1552 coaevi
1328 1509 1410 1552 ver-a

280 1595 453 1651 censerent
490 1583 634 1669 flagitia,
681 1585 744 1668 ipsi
784 1605 804 1647 a
842 1582 1043 1668 quibusdam
1075 1584 1193 1649 scribis
1231 1597 1265 1650 ct
1299 1587 1409 1671 poetis

280 1683 354 1748 stilo
392 1691 557 1746 venenato
596 1682 761 1766 imposita.
822 1680 887 1746 Sed
926 1701 1029 1765 quum
1067 1684 1102 1745 in
1133 1685 1226 1747 curia
1257 1683 1408 1748 Romans

280 1792 379 1868 atque
403 1782 437 1844 in
462 1781 533 1864 ipso
558 1777 680 1864 palatio
704 1778 876 1863 pontificio
901 1777 1085 1843 Alexandri
1110 1779 1168 1844 lilii
1191 1779 1350 1846 adessent
1374 1793 1406 1846 et

281 1882 353 1966 ipsa
377 1877 460 1943 haee
484 1876 569 1958 filia,
601 1897 705 1962 quum
729 1878 922 1961 nuptiarum
947 1874 1155 1962 aliorumque
1177 1879 1337 1943 festorum
1360 1901 1403 1942 so

280 1977 404 2043 lemnia
428 1995 548 2058 magno
573 1995 650 2038 cnm
674 1973 850 2059 splendore
874 1983 907 2036 et
928 1972 1066 2038 levitate
1088 1975 1232 2060 quadam
1257 1997 1344 2062 qnae
1362 1999 1395 2038 sa

281 2085 388 2140 aetate
412 2073 609 2153 invaluerat,
635 2070 891 2151 celebrarentur,
916 2073 962 2135 ita
979 2083 1016 2134 ut
1030 2071 1224 2137 mulieribus
1237 2072 1395 2138 nobilibus

279 2177 380 2239 etiam
402 2191 555 2236 accessus
570 2181 707 2256 pateret,
732 2189 880 2233 rumores
902 2171 1038 2254 pessimi
1062 2181 1095 2234 et
1110 2169 1293 2235 calummae
1308 2170 1399 2235 facilc

280 2272 391 2357 spargi
433 2278 594 2355 poterant.
642 2267 766 2352 Magna
808 2287 934 2331 morum
977 2269 1143 2353 corruptio
1179 2267 1303 2354 ubique
1339 2269 1404 2333 fere

280 2367 460 2448 existebat,
495 2366 573 2431 bine
605 2365 702 2430 facile
726 2385 811 2450 quae
835 2363 1040 2449 voluptatem
1064 2377 1216 2450 spectant
1244 2388 1407 2452 suppone

281 2467 404 2532 bantur
426 2475 460 2528 et
482 2462 714 2528 credebantur.
763 2463 938 2527 Praeterea
961 2483 1057 2542 vero,
1087 2483 1188 2548 quum
1214 2463 1408 2530 Alexandro

280 2564 492 2650 Neapolitani
517 2562 637 2626 infensi
655 2571 774 2642 essent,
799 2560 1011 2624 humanistae
1034 2563 1090 2646 qui
1108 2563 1141 2626 in
1158 2560 1235 2626 aula
1251 2562 1410 2648 Neapolis

280 2662 461 2736 vivebant,
497 2657 645 2724 moribus
677 2660 741 2744 ipsi
778 2657 946 2736 dissoluti,
988 2659 1120 2743 scriptis
1167 2670 1201 2723 et
1243 2661 1410 2745 epigram-
1480 2673 1481 2676 ’

281 2761 427 2827 metibus
458 2758 581 2823 famam
606 2757 778 2822 Pontificio
807 2766 841 2820 et
868 2754 1046 2820 liberorum
1078 2757 1151 2842 ejus
1174 2759 1292 2822 acriter
1325 2759 1411 2823 lace

280 2859 410 2925 rabant.
456 2857 511 2920 Ex
538 2853 729 2918 rumoribus
753 2875 833 2917 vero
865 2864 899 2917 et
921 2854 1205 2939 suppositionibus
1234 2854 1413 2921 malevolis

281 2954 497 3025 Burchardus
527 2963 560 3017 et
589 2952 644 3017 alii
670 2954 847 3038 scriptores
878 2953 972 3015 varia
995 2954 1196 3037 scripserunt
1223 2952 1276 3018 vel
1307 2953 1412 3038 plane

281 3056 365 3122 falsa
400 3053 453 3118 vel
488 3060 698 3135 exaggerata.
736 3087 775 3097 -
818 3049 1011 3114 Debellavit
1051 3073 1180 3137 quoque
1215 3050 1414 3118 Alexander

281 3176 403 3240 magno
435 3173 510 3216 eum
535 3150 652 3214 ardore
686 3161 719 3212 et
742 3151 812 3235 pari
838 3169 993 3212 successu
1024 3146 1182 3231 dynastas
1205 3148 1412 3214 feudatorios
1479 3209 1480 3228 ,

280 3253 418 3318 ditionis
443 3247 703 3326 ecclesiasticae,
735 3269 801 3333 qua
825 3248 857 3310 in
882 3267 918 3310 re
950 3267 1028 3310 usus
1051 3256 1102 3310 est
1131 3265 1230 3332 opera
1254 3247 1412 3312 Caesaris

279 3349 351 3416 filii.
399 3347 578 3432 Quumque
609 3355 679 3409 tum
704 3343 810 3409 filium
834 3343 925 3408 bunc
952 3356 1021 3408 turn
1046 3342 1129 3408 allos
1152 3343 1236 3408 lilios
1266 3344 1411 3410 evehere

279 3445 437 3526 studeret,
463 3443 563 3508 etiam
588 3441 666 3508 inde
689 3442 767 3506 odiu
791 3439 853 3506 sibi
880 3441 1081 3506 conciliavit.
1130 3442 1179 3505 Ac
1196 3441 1322 3506 Caesar
1343 3447 1412 3532 qui-

280 3547 359 3614 dem
389 3547 423 3610 in
448 3542 503 3608 illo
528 3539 613 3608 bello
644 3543 767 3627 passim
793 3540 951 3606 violentia
985 3550 1017 3603 et
1040 3537 1215 3606 fraudibus
1238 3564 1319 3604 usus
1345 3557 1409 3610 est:

280 3654 448 3708 caeterum
473 3661 553 3706 vero
578 3638 634 3704 illa
653 3638 869 3722 dynastarum
894 3639 1055 3724 repressio
1074 3639 1164 3724 justa
1188 3649 1263 3702 erat
1285 3649 1318 3704 et
1337 3643 1410 3725 psci

280 3741 398 3806 Italiae
421 3738 580 3825 proficua,
604 3739 653 3802 uti
667 3737 750 3821 ‘jam
767 3736 982 3802 advertimus.

355 4005 376 4074 ¹)
397 4005 471 4071 Quae
491 4002 681 4066 exlnfeesura,
694 4001 850 4056 Burchardo
868 3999 981 4069 diisque
1000 4002 1166 4071 colliguntur
1183 4001 1217 4057 de
1236 4002 1408 4072 corruptiore

280 4084 451 4140 simonistiea
469 4099 526 4138 rem
545 4099 598 4137 non
618 4083 756 4148 evincunt,
776 4095 857 4149 quma
877 4097 996 4136 minores
1015 4083 1106 4152 potius
1118 4081 1266 4137 malevolos
1280 4083 1407 4138 referant.

281 4165 376 4232 Neque
394 4163 475 4234 plane
494 4164 707 4218 demonstratam
726 4175 862 4216 censerem
881 4162 951 4216 hano
962 4158 1160 4230 corruptionem
1173 4161 1209 4216 iis
1220 4177 1292 4230 quse
1303 4163 1406 4218 erudite

280 4245 397 4300 discutit
414 4244 465 4300 Th.
476 4243 583 4315 Hagen,
604 4243 660 4298 Die
673 4243 870 4312 Pupatrralrlea
889 4257 942 4296 aron
961 4247 1031 4296 1484
1043 4243 1103 4296 arrd
1117 4247 1195 4308 lm,
1215 4243 1317 4300 Brixeu
1332 4245 1405 4296 lest.
