2868 4844
305 440 359 496 282
539 443 669 497 XXXIII.
688 445 729 498 De
747 459 846 512 magno
865 443 1021 499 Occidentis
1038 446 1192 502 schismate.

305 595 340 649 et
363 596 489 671 septem
513 595 658 650 oratores
681 587 775 651 Pisas
804 589 893 652 missi
918 598 1004 653 sunt.
1052 589 1172 674 Largis
1196 600 1302 654 333333
1323 591 1403 654 33331-

306 682 431 747 tatibus
460 683 494 749 hi
519 705 586 748 non
609 693 704 748 erant
727 687 890 765 instructi,
921 697 954 750 et
982 697 1117 774 propter
1149 687 1403 772 impedimentis

307 778 413 845 Gallis
437 791 553 867 parata
577 782 705 846 tardius
729 784 771 848 ad
789 785 959 847 civitatem
976 785 1127 850 Pisarum
1153 797 1371 870 pervenerunt.

133 995 253 1038 3333333
254 997 297 1034 333
396 978 449 1044 45.
491 976 678 1042 Concilium
696 979 853 1042 Pisanum
878 977 1069 1045 inchoatum
1095 992 1145 1046 est
1169 981 1223 1046 die
1247 981 1407 1046 ‘25⁰llartii

177 1060 260 1098 ‘mm'
308 1099 338 1139 a
359 1076 443 1139 1409
468 1086 500 1138 et
523 1075 710 1141 absolutum
736 1077 790 1140 die
816 1076 1022 1161 I⁰Augusti
1071 1079 1263 1144 Adfuerunt
1284 1091 1407 1163 tempore

309 1174 476 1236 maximae
500 1173 704 1258 frequentiae
729 1173 924 1239 Cardinales
948 1176 991 1240 22
1015 1176 1068 1241 vel
1092 1177 1147 1258 24,
1171 1176 1408 1242 Patriarchael.

308 1270 436 1335 scilic-et
465 1271 723 1351 Alexandrinus,
763 1272 1001 1352 Antiocheam,
1044 1273 1360 1358 Hierosolyrnitanus
1388 1288 1408 1334 33

308 1367 502 1446 Gradensis,
526 1369 767 1456 archiepiscopi
785 1380 818 1432 et
833 1371 979 1455 episcopi
1005 1371 1222 1457 personaliter
1245 1383 1410 1457 praesentes

309 1465 363 1548 80,
401 1489 459 1553 per
488 1465 613 1554 legatos
649 1468 721 1532 102.
770 1467 917 1532 Abbates
948 1469 1127 1534 adfuerunt
1151 1471 1192 1536 87
1219 1482 1252 1534 et
1275 1469 1407 1535 abbatae:

309 1564 376 1628 200
400 1577 644 1651 procuratores,
670 1576 839 1651 praeterea
864 1578 1090 1651 procuratores
1115 1568 1201 1632 ultra
1219 1569 1282 1632 100
1309 1571 1407 1652 capitu-

310 1662 426 1743 lorum,
453 1663 716 1728 Universitatum
741 1664 885 1752 plurium
911 1665 1071 1752 deputati,
1096 1665 1181 1731 ultra
1202 1666 1270 1730 300
1287 1665 1410 1730 doctore

308 1760 512 1848 ‘l'heologiae
545 1763 596 1826 vel
626 1763 718 1828 duris
750 1765 900 1828 canonici
934 1775 967 1827 33
996 1775 1141 1830 oratores
1176 1765 1246 1828 fere
1287 1766 1410 1828 omnium

311 1879 426 1944 regum
466 1873 498 1924 et
536 1863 726 1948 principum
765 1860 968 1927 Occidentis.
1035 1861 1208 1928 Praesedit
1252 1883 1352 1948 usqne
1381 1859 1410 1920 ai

309 1957 506 2022 electionem
530 1957 715 2023 Alexandri
740 1959 770 2021 V
805 1957 992 2024 Cardinalis
1015 1959 1238 2026 Pictaviensis
1270 1957 1355 2042 (Gay
1384 1959 1412 2018 ule

313 2054 504 2140 Maillesec),
538 2055 766 2122 Cardinalium
792 2059 962 2144 utriusque
988 2059 1090 2144 partis
1114 2057 1273 2122 decanus.
1299 2096 1339 2104 —
1360 2057 1413 2118 Sir·

310 2153 389 2237 gula
423 2176 507 2240 quae
531 2157 565 2218 in
591 2154 740 2220 Concilio
764 2165 839 2219 acta
862 2167 940 2220 sunt
962 2155 1082 2220 referre
1111 2153 1248 2238 longum
1273 2167 1362 2231 esset,
1388 2181 1427 2222 33]

313 2262 441 2316 tanturn
466 2253 810 2332 commemorabimus,
836 2276 920 2340 quae
946 2253 1039 2318 utilia
1063 2266 1150 2336 sunt,
1176 2263 1213 2316 ut
1237 2253 1280 2318 de
1304 2253 1414 2334 negat»

311 2349 500 2414 schismatis
524 2350 691 2438 judicium
723 2352 799 2416 ferri
832 2354 943 2438 possit.
973 2391 1015 2399 —
1043 2352 1164 2415 Primis
1189 2351 1292 2436 igitur
1320 2347 1415 2414 diebu»

311 2446 455 2532 Synodi,
496 2460 640 2513 oratores
665 2450 802 2536 Ruperti
834 2452 920 2534 regis
944 2449 1144 2516 Germaniae
1176 2451 1246 2534 (qui
1272 2449 1313 2514 de
1336 2469 1415 2530 regna

312 2567 389 2608 cum
407 2545 604 2611 Wenceslao
629 2545 875 2634 contendebat),
899 2558 1141 2633 proposuerunt
1165 2544 1271 2610 dubia
1295 2546 1334 2611 de
1353 2545 1415 2608 Cor·

313 2642 382 2708 cilii
406 2643 625 2728 legitimitat,e
651 2659 684 2708 et
707 2667 784 2709 mox
809 2645 981 2729 Synodum
1007 2645 1220 2729 reliquerunt
1271 2643 1322 2708 Ex
1347 2659 1417 2728 parte

313 2739 466 2825 Gregorii
506 2755 616 2808 autem
649 2743 786 2808 Carolus
817 2742 991 2808 Malatesta
1029 2743 1184 2806 dominus
1220 2744 1417 2806 Acimincum

314 2862 434 2903 causae
460 2843 564 2926 ipsius
588 2841 763 2928 providere
788 2840 922 2906 studuit.
970 2837 1101 2905 Obtulit
1125 2837 1285 2904 videlicet
1309 2839 1417 2902 nomin

313 2937 468 3022 Gregorii
499 2941 618 3004 iterum
650 2939 904 3020 Cardinalibns,
937 2949 973 3002 ut
1006 2939 1039 3003 in
1070 2937 1136 3003 alia
1168 2939 1306 3002 civitate
1337 2931 1419 3000 {liarrd

315 3047 428 3100 tamen
453 3039 486 3100 in
516 3037 642 3102 ditione
666 3036 948 3122 Florentinorum)
973 3036 1161 3101 Concilium
1187 3032 1425 3102 3333333333·

317 3133 493 3216 berctus,
484 3157 519 3198 1n
543 3157 608 3222 quo
626 3135 805 3220 Gregorius
830 3157 981 3200 cessurus
1005 3146 1092 3198 esset
1107 3135 1317 3220 pontificatu.
1341 3133 1425 3202 crisa

315 3233 342 3295 si
368 3231 570 3298 Benedictus
593 3257 658 3298 non
683 3235 826 3298 cederet.
873 3231 1067 3298 Cardinales
1091 3233 1267 3298 desideriis
1291 3215 1425 3308 Gregorii

317 3351 435 3416 parurn
459 3331 687 3396 obsecundare
711 3333 773 3396 visi
798 3343 884 3408 sunt,
910 3340 942 3394 33
965 3330 1138 3416 rigidiores
1155 3353 1189 3394 se
1209 3327 1419 3394 ostenderant:

317 3439 482 3516 postremo
507 3440 617 3493 tamen
642 3453 676 3494 se
702 3441 831 3515 paratos
865 3428 1086 3506 declararunt,
1120 3437 1155 3491 ut
1178 3425 1364 3492 Concilium
1385 3423 1419 3486 ΡΞ·

317 3529 438 3591 storiac
464 3527 650 3592 baberetur.
699 3527 881 3613 Respondit
905 3525 1087 3608 Malatesta,
1121 3547 1219 3610 aegre
1243 3523 1424 3610 Gregorium

319 3625 405 3689 hanc
430 3627 598 3689 civitatem
625 3628 658 3689 in
676 3626 801 3689 ditione
815 3623 1082 3688 Florentinorum
1099 3625 1195 3686 sitam
1220 3621 1424 3690 admissuram

319 3745 399 3801 esse,
425 3747 459 3786 se
483 3734 594 3787 tamen
620 3722 704 3787 velle
729 3725 790 3808 ipsi
815 3745 882 3786 rem
909 3743 1101 3808 proponere.
1151 3721 1215 3785 Die
1240 3720 1302 3784 26⁰
1321 3715 1424 3810 Aprilis

321 3821 494 3886 Malatesta
534 3821 696 3906 Gregorio
737 3819 849 3883 retulit
887 3819 1012 3904 negotii
1047 3821 1182 3900 seriem,
1222 3829 1255 3881 33
1294 3815 1424 3882 Ρο333333

319 3919 498 3983 lacrimans
522 3931 723 4004 conquestus
747 3927 796 3981 est
821 3918 862 3982 de
887 3916 984 3980 modo
1008 3915 1129 4000 agendi
1148 3915 1382 3980 Cardinalium.
1401 3940 1413 3965 ι·

320 4039 417 4081 suum
448 4017 651 4081 desiderium
683 4017 817 4080 unionis
847 4017 967 4080 iterum
998 4013 1164 4100 professus
1194 4025 1262 4093 ost3
1301 4015 1423 4110 3333333

318 4117 475 4202 quamvis
500 4115 675 4180 Malatesta
700 4115 799 4178 enixe
823 4112 1019 4190 hortaretur,
1045 4122 1081 4176 33
1105 4113 1307 4175 consentiret
1329 4117 1423 4175 contai

320 4215 443 4277 cationi
470 4211 604 4278 concilii
622 4212 755 4276 Pistorii
780 4211 963 4290 faciendae,
990 4209 1023 4274 id
1047 4208 1162 4288 noluit,
1187 4207 1400 4291 declaravitqn
