2850 4834
394 459 435 512 De
453 455 644 511 Minoritarum
663 455 758 512 turbis.
1088 452 1140 516 172

33 611 186 695 scriptum,
218 609 265 670 ita
289 612 326 668 ut
348 624 408 688 per
431 623 465 666 se
489 621 603 664 omnes
628 595 810 664 Christiani
842 597 886 663 ad
910 596 1009 661 talem
1034 597 1140 661 vitam

34 715 215 788 tenerentur,
223 707 247 786 ¹)
287 700 345 766 alii
377 699 557 765 constituta
595 720 615 760 a
643 696 780 762 Nicolao
813 694 1072 780 exaggerabant,
1108 703 1142 757 et

34 803 156 889 rigidius
175 801 219 867 ad
234 800 389 880 litteram,
414 818 513 882 qnam
530 793 696 880 plerisque
712 794 938 881 superioribus
952 791 1141 872 videbatur,

31 900 164 986 regulam
188 895 433 964 observandam
457 915 529 958 esse
553 891 721 960 volebant.
769 893 808 956 In
832 891 896 956 hac
921 900 1013 977 parte
1038 890 1140 956 Fran·

34 1001 236 1078 ciscsnornm,
261 995 318 1081 qni
336 991 530 1080 Spiritaalas
552 989 713 1076 appellari
737 989 897 1070 solebant,
923 989 1003 1054 dum
1022 987 1142 1076 reliqui

34 1096 179 1160 moderati
207 1089 438 1159 Conventaalaa
462 1090 661 1170 dicerentur,
686 1088 843 1154 excelluit
858 1089 1008 1154 Joannes
1024 1086 1143 1152 Petrus

32 1193 120 1274 Olivi,
143 1193 198 1256 vir
212 1191 326 1273 magni
342 1189 470 1272 rigoris,
490 1196 524 1252 et
538 1188 672 1271 ingenio
689 1185 864 1268 excellens,
888 1186 946 1251 sed
973 1186 1143 1251 doctrinae

33 1289 117 1354 valde
146 1294 338 1373 suspectae(
379 1286 529 1350 Mortuus
560 1293 672 1348 tamen
696 1294 746 1348 est
768 1307 797 1350 a.
825 1285 911 1350 1294
945 1284 1142 1349 catholicam

33 1387 97 1450 fidei
120 1386 222 1452 edens
245 1384 494 1471 professionem.
511 1419 555 1430 -
570 1383 601 1446 A
625 1405 650 1447 s.
667 1380 852 1447 Coelestino
869 1383 899 1446 V
929 1383 994 1448 duo
1010 1383 1145 1448 Fratres

33 1507 66 1547 ex
80 1487 147 1550 isu'e
170 1481 367 1562 zelantibus,
392 1481 570 1546 Liberatus
592 1489 626 1545 et
651 1479 808 1566 Angelus,
833 1480 1050 1546 obtinuerunt
1072 1501 1143 1567 per·

34 1585 210 1647 missionem
242 1580 466 1646 constituendi
495 1579 685 1644 distinctam
709 1603 729 1643 a
752 1578 889 1666 reliquis
912 1580 1145 1646 Franciscanis

34 1678 331 1764 Congregationem,
356 1700 441 1765 qnae
458 1678 637 1764 Pouparum
660 1678 872 1741 Ercmitaram
895 1676 1061 1763 appellata
1085 1689 1144 1741 est.

32 1775 212 1842 bonifacius
237 1776 331 1859 VIII,
363 1775 489 1840 utalia
513 1775 855 1840 suiPraedecessoris
885 1786 960 1840 acta
991 1777 1145 1855 irritavit,

35 1876 71 1937 ita
98 1877 199 1940 etiam
231 1873 331 1961 hujus
364 1873 639 1959 Congregationis
674 1872 825 1938 membra
858 1876 978 1938 iterum
1009 1872 1146 1959 reliquis

35 1971 186 2037 llinoritis
210 1993 244 2037 ss
262 1973 405 2057 jungere
429 1972 614 2054 mandavit,
646 1993 767 2058 cosque
796 1994 837 2036 ex
862 1970 1006 2037 Graecia
1029 1982 1062 2035 et
1086 1971 1145 2034 Ar-

32 2071 187 2158 chipelagi
218 2070 335 2136 insulis
365 2080 399 2134 et
428 2093 470 2134 ex
494 2069 641 2152 Oriente,
674 2069 732 2134 ubi
764 2070 858 2150 sedes
888 2093 964 2134 suas
992 2068 1145 2150 fixerant,

33 2171 60 2233 in
82 2194 156 2236 suas
180 2171 370 2257 provincias
402 2168 510 2234 redire
535 2166 649 2232 voluit.
696 2168 762 2233 Sed
786 2170 941 2254 quamvis
969 2167 1080 2254 plures
1112 2169 1147 2231 in

34 2267 153 2332 ltaliam
177 2279 210 2332 et
233 2267 378 2333 Galliam
403 2266 560 2348 redirent,
589 2276 701 2330 tamen
729 2269 893 2352 separatio
918 2288 1031 2330 eorum
1056 2289 1076 2330 a
1099 2287 1147 2329 re·

33 2363 119 2450 liquis
143 2367 309 2431 Minoritis
332 2364 538 2449 perduravit,
571 2365 615 2427 ita
639 2363 785 2450 quidem,
814 2375 851 2428 ut
873 2364 1025 2429 habiturn
1049 2385 1148 2449 pecu·

31 2461 136 2528 liorem
172 2471 360 2550 portarent,
400 2472 433 2525 et
467 2463 567 2526 etiam
603 2483 699 2526 suum
733 2462 923 2527 Ministrum
957 2461 1146 2549 generalem

33 2559 193 2642 haberent,
218 2563 274 2647 qui
300 2569 370 2624 erat
393 2559 576 2624 Ubertinus
600 2584 620 2624 a
645 2557 764 2626 Oasali.

112 2679 168 2743 27.
194 2675 347 2741 Clemens
363 2674 394 2737 V
418 2677 453 2739 in
471 2674 621 2739 Concilio
636 2674 821 2740 Viennensi
837 2679 1029 2742 scissionem
1047 2679 1144 2741 istam
1164 2694 1304 2736 consituto

32 2777 154 2856 penitus
177 2774 291 2839 tollere
315 2775 443 2856 statuit,
477 2797 517 2837 ac
540 2785 713 2859 propterea
739 2772 1016 2840 Constitutionem
1040 2759 1316 2864 edidithffifof’*

34 2873 122 2936 Ecini
144 2873 183 2938 de
201 2871 402 2958 Paradieoff)
427 2895 493 2957 qua
517 2871 650 2937 diremit
673 2875 883 2959 quaestiones
907 2885 1041 2960 propter
1064 2897 1147 2960 quas

31 2965 219 3054 Spirituales
247 2968 294 3034 illi
327 2969 520 3056 reliquisse
544 2971 767 3056 opponebant,
801 2973 847 3037 ita
875 2982 913 3038 ut
935 2976 1068 3037 strictae
1091 2972 1148 3037 ob·

31 3070 220 3133 servationis
243 3066 376 3151 regulae
408 3069 542 3132 omnino
574 3070 736 3133 rationem
766 3069 913 3136 haberet.
961 3069 1036 3150 Quo
1061 3071 1148 3135 facto

33 3167 133 3248 aegit
155 3164 361 3250 Spirituales,
402 3176 436 3228 nt
472 3186 547 3230 cum
577 3164 712 3252 reliquis
744 3167 909 3233 Minoritis
938 3191 973 3233 se
1004 3170 1149 3251 unirent,

32 3261 72 3324 ita
101 3263 236 3348 quidem
271 3271 307 3326 ut
337 3265 394 3349 qui
419 3275 596 3328 renuerent
624 3267 1002 3332 excommunicarentur.
1051 3266 1148 3331 Multi

31 3360 159 3444 quidem
184 3360 391 3442 obedierunt,
417 3361 475 3426 sed
498 3361 599 3426 factio
624 3363 787 3448 quaedam
811 3366 971 3430 remansit
993 3364 1150 3430 schisma·

33 3459 105 3538 tica,
139 3481 222 3545 qnae
256 3459 334 3526 inde
359 3459 432 3545 jam
461 3459 523 3524 sub
548 3463 682 3526 nomine
707 3462 951 3526 Fruticellorum
981 3462 1149 3547 designari

32 3554 117 3620 solet.
150 3555 194 3620 Hi
211 3556 285 3621 aliis
301 3559 450 3622 sectariis
474 3558 751 3643 pseudomysticis
764 3559 959 3645 Beghardis,
983 3561 1149 3644 Bizochis,

33 3651 203 3720 Lolhardis
227 3655 353 3720 similes
376 3657 485 3738 fuere,
519 3659 565 3721 ita
598 3668 635 3721 ut
664 3657 780 3723 eadem
805 3661 905 3724 etiam
930 3662 1066 3725 nomina
1089 3662 1150 3726 fre-

32 3761 166 3833 quenter
203 3752 268 3817 illis
302 3756 400 3818 sectis
433 3754 631 3822 tribuantur.
680 3755 738 3820 Isti
769 3756 937 3822 Fratieelli
973 3761 1008 3822 in
1040 3758 1151 3824 Gallia

36 3849 235 3916 meridionali
260 3850 540 3937 subsequentibus
563 3855 670 3935 annis,
695 3857 887 3939 praesertim
907 3866 1048 3920 vacante
1063 3855 1150 3922 Sede

32 3947 229 4033 Apostolica,
262 3971 366 4036 quum
396 3951 531 4038 plurimi
562 3952 687 4018 ibidem
719 3965 838 4032 essent,
872 3976 1011 4038 magnas
1035 3954 1150 4020 turbas

101 4161 121 4212 ¹l
142 4160 178 4212 V.
196 4161 299 4228 Helela,
319 4162 397 4218 Cone
418 4163 511 4218 Gesch.
531 4165 562 4218 Β.
583 4165 615 4219 V.
635 4166 660 4220 S.
679 4167 739 4223 475.

100 4239 123 4308 ¹)
146 4239 303 4298 Clementia.
324 4243 353 4297 L.
374 4244 406 4299 V.
425 4244 456 4300 Τ.
476 4245 525 4300 ΧΙ.
545 4247 574 4302 C.
594 4246 616 4304 1.

82 4340 422 4392 διικιιιιιιιι,1)ἱιωι·ῐιῐὶοκι.
437 4345 502 4386 Torn.
521 4346 556 4384 t‘l.
