2836 4848
274 428 327 482 370
435 425 552 483 XXVII.
571 426 612 481 De
630 427 733 482 haeres.
754 426 919 492 repressione
938 442 970 480 ac
988 425 1021 480 de
1040 426 1238 481 Decretslibns.

274 592 434 636 exsecra
459 570 640 655 Scriptura,
670 578 703 632 et
727 569 862 655 quidem
885 577 955 632 tum
980 592 1022 633 ex
1044 569 1167 634 Vetere
1189 570 1387 636 Testamenta

273 669 320 732 uti
345 670 425 732 novi
449 669 609 736 Foederis
633 664 793 752 symbola,
824 675 894 730 tum
919 688 962 730 ex
985 667 1081 731 Novo
1105 667 1410 748 Testamentum-1

273 766 394 832 delicet
418 788 459 830 ex
484 774 647 853 potestate
663 765 760 830 Petro
778 788 798 829 a
814 763 944 828 Christo
969 767 1156 846 commissa,
1174 767 1300 852 probat.
1326 767 1388 830 Hac
1409 791 1410 794 ¹

273 867 307 928 in
331 887 366 929 re
397 866 432 929 id
461 863 703 930 attendendum
737 873 802 945 est,
832 862 1029 928 Pontificem
1062 865 1236 930 manifeste
1267 889 1329 930 uon
1359 869 1410 930 in¹

267 962 344 1048 jure
369 962 482 1027 sociali
515 963 669 1028 ultimum
701 961 956 1025 fundamentum
991 960 1078 1025 illius
1110 966 1314 1028 auctoritatis
1343 987 1410 1048 poa

272 1083 365 1142 nere,
399 1063 456 1126 sed
487 1065 521 1128 ia
546 1069 706 1147 potestate
735 1060 799 1144 ipsi
831 1058 993 1123 divinitus
1026 1059 1115 1126 data.
1169 1061 1204 1127 si
1229 1065 1282 1127 cni
1306 1069 1410 1146 argu-i

273 1162 432 1224 mentatio
456 1183 497 1225 ex
523 1158 695 1243 Scriptura
725 1179 809 1243 quae
834 1159 983 1242 sequitur
1006 1159 1041 1222 in
1066 1157 1266 1244 quibusdam
1292 1155 1410 1226 minusi

273 1259 368 1322 firme
392 1257 572 1338 videretur,
597 1255 632 1320 id
657 1257 885 1341 quaestionem
909 1265 1055 1319 nostram
1080 1278 1145 1320 non
1170 1260 1311 1338 attingit.
1343 1259 1393 1322 Et·

273 1357 362 1419 enim
387 1358 577 1440 quaerimus
602 1352 699 1418 modo
723 1355 878 1430 historice,
909 1352 990 1438 quid
1014 1354 1229 1420 Innocentius
1252 1356 1304 1421 ΙΙΙ
1332 1357 1410 1450 exi-J

274 1456 469 1537 stimaverit,
495 1462 528 1518 et
551 1453 630 1516 satis
654 1461 703 1514 est
727 1450 919 1532 ostendisse,
936 1452 1104 1515 censuisse
1124 1451 1332 1532 Pontificem,
1357 1453 1410 1540 exi

268 1552 345 1637 jure
369 1552 485 1616 divino
509 1554 539 1616 ei
565 1558 759 1635 potestatem
784 1546 874 1611 iilam
900 1559 1096 1633 competere.
1409 1550 1410 1632 i

115 1710 263 1748 ,mmm
364 1651 418 1716 67.
451 1652 529 1716 Jem
553 1671 639 1736 quas
663 1650 697 1712 in
722 1646 890 1712 Decretaii
920 1657 1103 1732 sequuntur
1134 1647 1175 1712 ob
1201 1647 1312 1714 oculos
1346 1673 1397 1734 po-

131 1741 255 1821 ssessura
274 1771 402 1814 namus.
449 1749 629 1834 Postquam
661 1747 763 1830 igitur
784 1744 941 1809 Pontifex
973 1745 1076 1809 dixit:
1111 1745 1223 1810 Verum
1246 1748 1343 1810 etiam
1366 1751 1395 1810 ia

274 1844 350 1910 aliis
366 1845 556 1930 ropionibus,
581 1846 673 1910 certis
689 1844 794 1908 causis
810 1844 970 1928 inspectis,
993 1844 1191 1929 temporalem
1205 1845 1410 1932 jarimirus-t

273 1967 342 2008 nem
358 1967 544 2023 euercemus,
562 1945 687 2030 pergit:
714 1942 790 2005 Non
805 1943 887 2026 quod
902 1941 1006 2004 aliena
1015 1946 1091 2030 jure
1102 1943 1330 2029 praejudicare
1353 1943 1410 2020 uei

274 2043 376 2118 timess,
401 2041 451 2104 vei
461 2053 652 2128 potestatem
666 2041 757 2104 nohis
771 2038 947 2103 indebitam
961 2062 1127 2125 usurpare,
1152 2064 1219 2103 curn
1233 2063 1299 2104 non
1315 2043 1395 2127 ipsu»-
1409 2029 1410 2111 i

273 2163 375 2202 remus
412 2139 570 2204 Christum
602 2141 637 2202 in
672 2137 845 2223 Eranpeiio
878 2137 1094 2222 respondisse:
1129 2137 1288 2216 „Reddite
1322 2163 1397 2224 puae

273 2248 345 2302 sunt
372 2234 519 2302 Caesaris
548 2235 689 2312 Caesari,
721 2245 750 2296 et
775 2257 853 2320 quae
884 2245 957 2297 surrt
988 2234 1052 2296 Dei
1074 2235 1176 2314 Deo“,
1201 2273 1243 2282 -—
1265 2249 1398 2322 propter

273 2335 356 2422 quod
373 2333 568 2422 postulatus,
593 2345 627 2398 nt
650 2333 875 2396 haereditatem
891 2332 1047 2396 divideret
1061 2335 1144 2396 inter
1160 2334 1259 2397 duos:
1284 2332 1395 2414 „eris

274 2436 384 2518 inquit,
410 2434 573 2498 constituit
596 2454 642 2494 me
658 2431 801 2520 judicem
823 2431 1017 2492 intes-vostr
1042 2469 1086 2476 —
1110 2429 1174 2494 Sed
1197 2433 1273 2516 quia
1296 2433 1345 2494 sic
1368 2429 1410 2518 iai

273 2533 517 2600 Deuteronomio
541 2531 734 2594 continetur:
763 2525 822 2604 „Si
845 2525 979 2612 difficile
1003 2538 1033 2590 et
1056 2527 1233 2612 ambipuum
1256 2529 1350 2614 apud
1373 2542 1410 2620 tep

266 2629 425 2718 judicium
440 2651 504 2690 esse
515 2629 730 2714 perspeceris,
756 2629 838 2690 iuter
862 2628 1045 2712 sanquinem
1064 2639 1094 2690 et
1107 2631 1303 2712 sanquinem,
1331 2655 1397 2694 cau·

273 2751 339 2790 sam
364 2737 394 2790 et
416 2749 553 2802 causam,
579 2726 702 2811 iepram
726 2736 755 2788 ct
778 2723 909 2810 lepram,
942 2735 971 2787 et
987 2725 1146 2812 judicium
1176 2727 1263 2788 intra
1283 2738 1398 2813 portas

273 2837 346 2890 tuae
368 2823 463 2888 cerda
486 2823 605 2887 uideris
627 2824 762 2903 uariari,
784 2845 885 2907 surpe,
910 2833 940 2884 et
964 2823 1096 2885 ascende
1120 2823 1164 2886 ad
1188 2821 1291 2888 locum
1315 2849 1398 2910 quem

273 2923 400 3009 eleperit
423 2920 578 2986 Dominus
602 2921 690 2984 Deus
721 2931 802 2997 tuus,
833 2920 994 3003 veniesque
1030 2919 1074 2982 ad
1107 2921 1289 2985 sacerdotes
1314 2923 1410 3000 Lari-t

274 3022 329 3084 tici
351 3021 474 3108 pencris
497 3030 526 3081 et
549 3019 594 3082 ad
610 3019 751 3106 jndicem
775 3019 828 3102 qui
842 3017 949 3102 fuerit
963 3016 1021 3081 illo
1040 3029 1184 3104 tempore,
1210 3037 1410 3105 prraeresqurp

274 3119 313 3182 ab
337 3119 389 3196 iis,
414 3120 468 3202 qui
491 3115 679 3182 indicabunt
703 3115 762 3180 tibi
786 3116 907 3205 judicii
931 3115 1100 3196 ueritatem,
1125 3127 1155 3180 et
1177 3116 1289 3202 ,facies
1311 3121 1410 3214 perae-i

273 3238 398 3301 cumque
422 3216 565 3279 dinerint
588 3216 642 3299 qui
659 3224 817 3300 praesunt
840 3213 918 3291 loca,
947 3235 1035 3299 quem
1058 3211 1158 3300 clepit,
1184 3227 1213 3278 et
1235 3215 1410 3292 docuerint,

275 3327 302 3378 te
319 3319 421 3403 juxta
445 3313 540 3399 lepem
563 3317 640 3400 ejus,
666 3313 861 3396 sequerisque
885 3313 1073 3374 sententiam
1087 3333 1202 3389 eoram,
1226 3335 1285 3375 nec
1309 3310 1410 3402 decli-t

273 3413 365 3476 orabis
396 3412 441 3476 ad
468 3413 630 3474 deuterum
660 3411 709 3472 vel
742 3411 914 3475 sinistram.
975 3407 1038 3482 Qui
1068 3421 1172 3473 autem
1199 3411 1410 3504 snperbiam

274 3511 384 3574 uolens
408 3510 534 3573 obedire
558 3507 733 3571 sacerdotis
760 3507 904 3592 imperio,
936 3507 991 3592 qui
1014 3528 1048 3570 eo
1073 3518 1210 3593 tempore
1240 3505 1410 3587 ministra-i

274 3610 353 3672 uerit
375 3608 512 3671 Domino
536 3606 605 3669 Deo
631 3616 692 3680 tuo,
724 3604 846 3668 decreto
872 3604 996 3692 judicis
1027 3606 1188 3680 morietur,
1221 3614 1249 3666 et
1274 3603 1410 3690 auferes

273 3705 390 3768 malum
414 3705 452 3767 de
475 3702 609 3768 Israttl“.
645 3703 832 3788 (Deuteron.
857 3704 910 3766 17.
935 3703 1085 3787 8—12).
1114 3741 1157 3750 —
1191 3699 1278 3766 Saue
1311 3726 1396 3789 purim

273 3803 550 3866 Deuteronomium
570 3801 621 3864 len
636 3801 775 3864 secunda
794 3801 1028 3884 interpretetur,
1053 3821 1093 3862 eu
1109 3802 1140 3864 ui
1153 3800 1303 3864 vocabuli
1326 3825 1395 3864 cau·

268 3900 428 3987 probatur
450 3901 484 3962 iu
507 3900 562 3963 lroc
585 3909 629 3976 ut,
654 3898 737 3983 quod
760 3897 806 3961 ibi
821 3899 1009 3976 decernitur,
1033 3898 1068 3960 in
1085 3897 1177 3962 Nouo
1199 3899 1396 3964 Testamenta

273 3998 385 4062 debeat
409 3997 580 4061 obseruari.
628 3997 729 4060 Locus
753 3997 834 4060 enim
858 4019 946 4082 quem
969 3994 1062 4082 clepit
1084 3996 1240 4059 Dominus
1265 3997 1410 4084 Apono,

274 4095 337 4160 lica
368 4093 464 4158 Sedes
497 4117 561 4158 esse
593 4096 790 4181 requaeritur
819 4095 879 4172 eie,
909 4093 993 4179 quod
1022 4115 1091 4157 eam
1120 4093 1278 4158 Dominus
1310 4097 1346 4158 in
1367 4109 1410 4170 sei

273 4195 343 4278 ipso
367 4191 476 4278 lapide
500 4191 650 4280 crapulari
664 4191 832 4279 fundavit.
883 4189 959 4257 Cum
981 4193 1063 4254 enim
1084 4191 1197 4255 Petrus
1220 4189 1329 4256 urbem
1343 4191 1394 4278 su
