<?xml version="1.0" encoding="UTF-8"?>
<!DOCTYPE html PUBLIC "-//W3C//DTD XHTML 1.0 Transitional//EN"
    "http://www.w3.org/TR/xhtml1/DTD/xhtml1-transitional.dtd">
<html xmlns="http://www.w3.org/1999/xhtml" xml:lang="en" lang="en">
 <head>
  <title>
</title>
<meta http-equiv="Content-Type" content="text/html;charset=utf-8" />
  <meta name='ocr-system' content='tesseract 3.04.00' />
  <meta name='ocr-capabilities' content='ocr_page ocr_carea ocr_par ocr_line ocrx_word'/>
</head>
<body>
  <div class='ocr_page' id='page_1' title='image "./dissertationess00junggoog_0064.png"; bbox 0 0 3000 4838; ppageno 0'>
   <div class='ocr_carea' id='block_1_1' title="bbox 50 16 330 149">
    <p class='ocr_par' dir='ltr' id='par_1_1' title="bbox 50 16 330 149">
     <span class='ocr_line' id='line_1_1' title="bbox 50 16 330 149; baseline -0.007 -58"><span class='ocrx_word' id='word_1_1' title='bbox 50 16 330 149; x_wconf 59' lang='lat'><strong><em>„-</em></strong></span> 
     </span>
    </p>
   </div>
   <div class='ocr_carea' id='block_1_2' title="bbox 439 462 1163 522">
    <p class='ocr_par' dir='ltr' id='par_1_2' title="bbox 439 462 1163 522">
     <span class='ocr_line' id='line_1_2' title="bbox 439 462 1163 522; baseline -0.004 -2"><span class='ocrx_word' id='word_1_2' title='bbox 439 467 478 521; x_wconf 88' lang='lat' dir='ltr'><strong><em>De</em></strong></span> <span class='ocrx_word' id='word_1_3' title='bbox 497 467 653 522; x_wconf 86' lang='lat' dir='ltr'><strong><em>lionarehia</em></strong></span> <span class='ocrx_word' id='word_1_4' title='bbox 671 465 768 522; x_wconf 73' lang='lat' dir='ltr'><strong><em>Sicula</em></strong></span> <span class='ocrx_word' id='word_1_5' title='bbox 919 474 926 485; x_wconf 87' lang='lat'><strong>·</strong></span> <span class='ocrx_word' id='word_1_6' title='bbox 1128 462 1163 518; x_wconf 80' lang='lat'><strong><em>49</em></strong></span> 
     </span>
    </p>
   </div>
   <div class='ocr_carea' id='block_1_3' title="bbox 64 607 1207 1284">
    <p class='ocr_par' dir='ltr' id='par_1_3' title="bbox 64 607 1207 1284">
     <span class='ocr_line' id='line_1_3' title="bbox 70 607 1163 698; baseline 0.003 -28"><span class='ocrx_word' id='word_1_7' title='bbox 70 607 134 694; x_wconf 82' lang='lat' dir='ltr'><strong><em>(tuo)</em></strong></span> <span class='ocrx_word' id='word_1_8' title='bbox 155 607 266 673; x_wconf 75' lang='lat' dir='ltr'><strong><em>nobilia</em></strong></span> <span class='ocrx_word' id='word_1_9' title='bbox 290 611 459 675; x_wconf 73' lang='lat' dir='ltr'><strong><em>memoriae</em></strong></span> <span class='ocrx_word' id='word_1_10' title='bbox 478 610 651 698; x_wconf 72' lang='lat' dir='ltr'><strong><em>Rlogerio)</em></strong></span> <span class='ocrx_word' id='word_1_11' title='bbox 674 611 783 674; x_wconf 85' lang='lat' dir='ltr'><strong><em>comite</em></strong></span> <span class='ocrx_word' id='word_1_12' title='bbox 807 608 954 674; x_wconf 82' lang='lat' dir='ltr'><strong><em>ecclesiae</em></strong></span> <span class='ocrx_word' id='word_1_13' title='bbox 977 610 1057 673; x_wconf 88' lang='lat' dir='ltr'><strong><em>data</em></strong></span> <span class='ocrx_word' id='word_1_14' title='bbox 1080 621 1163 688; x_wconf 85' lang='lat' dir='ltr'><strong><em>eunt,</em></strong></span> 
     </span>
     <span class='ocr_line' id='line_1_4' title="bbox 65 705 1166 794; baseline 0 -24"><span class='ocrx_word' id='word_1_15' title='bbox 65 729 111 789; x_wconf 79' lang='lat' dir='ltr'><strong><em>per</em></strong></span> <span class='ocrx_word' id='word_1_16' title='bbox 139 718 165 770; x_wconf 87' lang='lat' dir='ltr'><strong><em>te</em></strong></span> <span class='ocrx_word' id='word_1_17' title='bbox 195 705 379 772; x_wconf 80' lang='lat' dir='ltr'><strong><em>mullatenus</em></strong></span> <span class='ocrx_word' id='word_1_18' title='bbox 406 709 600 788; x_wconf 80' lang='lat' dir='ltr'><strong><em>minuantur,</em></strong></span> <span class='ocrx_word' id='word_1_19' title='bbox 634 708 690 772; x_wconf 82' lang='lat' dir='ltr'><strong><em>sed</em></strong></span> <span class='ocrx_word' id='word_1_20' title='bbox 718 709 826 794; x_wconf 76' lang='lat' dir='ltr'><strong><em>potiar</em></strong></span> <span class='ocrx_word' id='word_1_21' title='bbox 850 718 1034 792; x_wconf 72' lang='lat' dir='ltr'><strong><em>captantur.</em></strong></span> <span class='ocrx_word' id='word_1_22' title='bbox 1083 707 1166 770; x_wconf 90' lang='lat' dir='ltr'><strong><em>Noli</em></strong></span> 
     </span>
     <span class='ocr_line' id='line_1_5' title="bbox 68 803 1163 892; baseline 0.003 -26"><span class='ocrx_word' id='word_1_23' title='bbox 68 803 147 866; x_wconf 81' lang='lat' dir='ltr'><strong><em>ileum</em></strong></span> <span class='ocrx_word' id='word_1_24' title='bbox 170 806 375 890; x_wconf 83' lang='lat' dir='ltr'><strong><em>praecedere,</em></strong></span> <span class='ocrx_word' id='word_1_25' title='bbox 407 806 462 870; x_wconf 85' lang='lat' dir='ltr'><strong><em>eed</em></strong></span> <span class='ocrx_word' id='word_1_26' title='bbox 484 808 640 892; x_wconf 73' lang='lat' dir='ltr'><strong><em>sequaris,</em></strong></span> <span class='ocrx_word' id='word_1_27' title='bbox 669 808 746 892; x_wconf 85' lang='lat' dir='ltr'><strong><em>quic</em></strong></span> <span class='ocrx_word' id='word_1_28' title='bbox 769 828 804 870; x_wconf 90' lang='lat' dir='ltr'><strong><em>eo</em></strong></span> <span class='ocrx_word' id='word_1_29' title='bbox 828 806 904 870; x_wconf 84' lang='lat' dir='ltr'><strong><em>duce</em></strong></span> <span class='ocrx_word' id='word_1_30' title='bbox 928 828 992 869; x_wconf 83' lang='lat' dir='ltr'><strong><em>mom</em></strong></span> <span class='ocrx_word' id='word_1_31' title='bbox 1014 803 1163 891; x_wconf 74' lang='lat' dir='ltr'><strong><em>offendes,</em></strong></span> 
     </span>
     <span class='ocr_line' id='line_1_6' title="bbox 67 901 1162 990; baseline 0.004 -28"><span class='ocrx_word' id='word_1_32' title='bbox 67 901 109 962; x_wconf 78' lang='lat' dir='ltr'><strong><em>red</em></strong></span> <span class='ocrx_word' id='word_1_33' title='bbox 126 904 203 965; x_wconf 78' lang='lat' dir='ltr'><strong><em>ritae</em></strong></span> <span class='ocrx_word' id='word_1_34' title='bbox 225 903 331 968; x_wconf 82' lang='lat' dir='ltr'><strong><em>lumea</em></strong></span> <span class='ocrx_word' id='word_1_35' title='bbox 354 903 490 967; x_wconf 79' lang='lat' dir='ltr'><strong><em>babebis.</em></strong></span> <span class='ocrx_word' id='word_1_36' title='bbox 534 905 624 969; x_wconf 87' lang='lat' dir='ltr'><strong><em>Haec</em></strong></span> <span class='ocrx_word' id='word_1_37' title='bbox 648 903 707 968; x_wconf 86' lang='lat' dir='ltr'><strong><em>tibi</em></strong></span> <span class='ocrx_word' id='word_1_38' title='bbox 730 914 888 990; x_wconf 85' lang='lat' dir='ltr'><strong><em>tamquam</em></strong></span> <span class='ocrx_word' id='word_1_39' title='bbox 902 903 976 986; x_wconf 81' lang='lat' dir='ltr'><strong><em>filio</em></strong></span> <span class='ocrx_word' id='word_1_40' title='bbox 1000 903 1162 966; x_wconf 77' lang='lat' dir='ltr'><strong><em>cariaeimo</em></strong></span> 
     </span>
     <span class='ocr_line' id='line_1_7' title="bbox 64 985 1162 1090; baseline 0.001 -28"><span class='ocrx_word' id='word_1_41' title='bbox 64 1001 214 1086; x_wconf 82' lang='lat' dir='ltr'><strong><em>praeripio,</em></strong></span> <span class='ocrx_word' id='word_1_42' title='bbox 238 1002 314 1065; x_wconf 83' lang='lat' dir='ltr'><strong><em>boec</em></strong></span> <span class='ocrx_word' id='word_1_43' title='bbox 337 1025 465 1082; x_wconf 61' lang='lat' dir='ltr'><strong><em>monem·</em></strong></span> <span class='ocrx_word' id='word_1_44' title='bbox 487 1005 526 1079; x_wconf 86' lang='lat' dir='ltr'><strong><em>ei,</em></strong></span> <span class='ocrx_word' id='word_1_45' title='bbox 552 985 586 1066; x_wconf 78' lang='lat' dir='ltr'><strong><em>rit</em></strong></span> <span class='ocrx_word' id='word_1_46' title='bbox 609 1003 756 1090; x_wconf 80' lang='lat' dir='ltr'><strong><em>epomdee,</em></strong></span> <span class='ocrx_word' id='word_1_47' title='bbox 780 1001 937 1066; x_wconf 75' lang='lat' dir='ltr'><strong><em>obedierit</em></strong></span> <span class='ocrx_word' id='word_1_48' title='bbox 959 1012 990 1064; x_wconf 91' lang='lat' dir='ltr'><strong><em>et</em></strong></span> <span class='ocrx_word' id='word_1_49' title='bbox 1012 1000 1162 1086; x_wconf 83' lang='lat' dir='ltr'><strong><em>obtempe-</em></strong></span> 
     </span>
     <span class='ocr_line' id='line_1_8' title="bbox 67 1096 1207 1187; baseline 0.005 -30"><span class='ocrx_word' id='word_1_50' title='bbox 67 1100 173 1172; x_wconf 74' lang='lat' dir='ltr'><strong><em>raret-io,</em></strong></span> <span class='ocrx_word' id='word_1_51' title='bbox 202 1109 289 1162; x_wconf 82' lang='lat' dir='ltr'><strong><em>tuam</em></strong></span> <span class='ocrx_word' id='word_1_52' title='bbox 307 1099 454 1185; x_wconf 83' lang='lat' dir='ltr'><strong><em>profecto</em></strong></span> <span class='ocrx_word' id='word_1_53' title='bbox 478 1098 610 1164; x_wconf 62' lang='lat' dir='ltr'><strong><em>ealcum</em></strong></span> <span class='ocrx_word' id='word_1_54' title='bbox 635 1098 864 1187; x_wconf 72' lang='lat' dir='ltr'><strong><em>obtemperabis</em></strong></span> <span class='ocrx_word' id='word_1_55' title='bbox 885 1097 920 1186; x_wconf 82' lang='lat' dir='ltr'><strong><em>(l.</em></strong></span> <span class='ocrx_word' id='word_1_56' title='bbox 945 1096 1161 1184; x_wconf 82' lang='lat' dir='ltr'><strong><em>impetrabis).</em></strong></span> <span class='ocrx_word' id='word_1_57' title='bbox 1198 1149 1207 1170; x_wconf 84' lang='lat'><strong>.</strong></span> 
     </span>
     <span class='ocr_line' id='line_1_9' title="bbox 67 1192 628 1284; baseline 0.007 -28"><span class='ocrx_word' id='word_1_58' title='bbox 67 1192 128 1258; x_wconf 81' lang='lat' dir='ltr'><strong><em>Dat.</em></strong></span> <span class='ocrx_word' id='word_1_59' title='bbox 148 1193 314 1282; x_wconf 74' lang='lat' dir='ltr'><strong><em>Acopaioe</em></strong></span> <span class='ocrx_word' id='word_1_60' title='bbox 339 1195 414 1262; x_wconf 84' lang='lat' dir='ltr'><strong><em>Kal.</em></strong></span> <span class='ocrx_word' id='word_1_61' title='bbox 444 1197 595 1262; x_wconf 81' lang='lat' dir='ltr'><strong><em>Octobr-ie.</em></strong></span> <span class='ocrx_word' id='word_1_62' title='bbox 604 1197 628 1284; x_wconf 86' lang='lat'><strong><em>¹)</em></strong></span> 
     </span>
    </p>
   </div>
   <div class='ocr_carea' id='block_1_4' title="bbox 65 1301 1327 3658">
    <p class='ocr_par' dir='ltr' id='par_1_4' title="bbox 65 1301 1327 3658">
     <span class='ocr_line' id='line_1_10' title="bbox 136 1301 1327 1390; baseline 0.003 -25"><span class='ocrx_word' id='word_1_63' title='bbox 136 1301 183 1366; x_wconf 82' lang='lat'><strong><em>61.</em></strong></span> <span class='ocrx_word' id='word_1_64' title='bbox 228 1303 284 1366; x_wconf 85' lang='lat' dir='ltr'><strong><em>Ex</em></strong></span> <span class='ocrx_word' id='word_1_65' title='bbox 309 1302 482 1370; x_wconf 86' lang='lat' dir='ltr'><strong><em>collatione</em></strong></span> <span class='ocrx_word' id='word_1_66' title='bbox 517 1307 618 1390; x_wconf 85' lang='lat' dir='ltr'><strong><em>igitur</em></strong></span> <span class='ocrx_word' id='word_1_67' title='bbox 648 1304 920 1369; x_wconf 82' lang='lat' dir='ltr'><strong><em>documentorum</em></strong></span> <span class='ocrx_word' id='word_1_68' title='bbox 945 1325 1030 1388; x_wconf 88' lang='lat' dir='ltr'><strong><em>quae</em></strong></span> <span class='ocrx_word' id='word_1_69' title='bbox 1054 1301 1327 1369; x_wconf 66' lang='lat' dir='ltr'><strong><em>attuli-lutomiri-</em></strong></span> 
     </span>
     <span class='ocr_line' id='line_1_11' title="bbox 67 1380 1294 1488; baseline 0.003 -29"><span class='ocrx_word' id='word_1_70' title='bbox 67 1417 131 1476; x_wconf 88' lang='lat' dir='ltr'><strong><em>mns,</em></strong></span> <span class='ocrx_word' id='word_1_71' title='bbox 152 1421 188 1464; x_wconf 88' lang='lat' dir='ltr'><strong><em>ea</em></strong></span> <span class='ocrx_word' id='word_1_72' title='bbox 211 1423 299 1487; x_wconf 91' lang='lat' dir='ltr'><strong><em>quae</em></strong></span> <span class='ocrx_word' id='word_1_73' title='bbox 322 1401 366 1465; x_wconf 82' lang='lat' dir='ltr'><strong><em>ed</em></strong></span> <span class='ocrx_word' id='word_1_74' title='bbox 390 1401 534 1466; x_wconf 88' lang='lat' dir='ltr'><strong><em>indolem</em></strong></span> <span class='ocrx_word' id='word_1_75' title='bbox 560 1401 726 1488; x_wconf 87' lang='lat' dir='ltr'><strong><em>privilegii</em></strong></span> <span class='ocrx_word' id='word_1_76' title='bbox 744 1401 883 1486; x_wconf 86' lang='lat' dir='ltr'><strong><em>Rogeric</em></strong></span> <span class='ocrx_word' id='word_1_77' title='bbox 904 1401 920 1464; x_wconf 97' lang='grc' dir='ltr'><strong>Ι</strong></span> <span class='ocrx_word' id='word_1_78' title='bbox 944 1425 984 1464; x_wconf 87' lang='lat' dir='ltr'><strong><em>ac</em></strong></span> <span class='ocrx_word' id='word_1_79' title='bbox 1008 1400 1085 1466; x_wconf 90' lang='lat' dir='ltr'><strong><em>dein</em></strong></span> <span class='ocrx_word' id='word_1_80' title='bbox 1101 1399 1162 1463; x_wconf 91' lang='lat' dir='ltr'><strong><em>Ro·</em></strong></span> <span class='ocrx_word' id='word_1_81' title='bbox 1207 1380 1294 1430; x_wconf 60' lang='lat' dir='ltr'><strong><em>&#39;M&#39;</em></strong></span> 
     </span>
     <span class='ocr_line' id='line_1_12' title="bbox 65 1497 1162 1586; baseline 0.003 -28"><span class='ocrx_word' id='word_1_82' title='bbox 65 1497 136 1576; x_wconf 82' lang='lat' dir='ltr'><strong><em>gerio</em></strong></span> <span class='ocrx_word' id='word_1_83' title='bbox 156 1497 187 1562; x_wconf 94' lang='lat' dir='ltr'><strong><em>ll</em></strong></span> <span class='ocrx_word' id='word_1_84' title='bbox 219 1501 368 1564; x_wconf 84' lang='lat' dir='ltr'><strong><em>concessi</em></strong></span> <span class='ocrx_word' id='word_1_85' title='bbox 393 1502 574 1585; x_wconf 82' lang='lat' dir='ltr'><strong><em>pertinent,</em></strong></span> <span class='ocrx_word' id='word_1_86' title='bbox 609 1499 700 1563; x_wconf 89' lang='lat' dir='ltr'><strong><em>hisce</em></strong></span> <span class='ocrx_word' id='word_1_87' title='bbox 731 1498 949 1586; x_wconf 82' lang='lat' dir='ltr'><strong><em>complectere</em></strong></span> <span class='ocrx_word' id='word_1_88' title='bbox 971 1497 1093 1564; x_wconf 84' lang='lat' dir='ltr'><strong><em>licebit.</em></strong></span> <span class='ocrx_word' id='word_1_89' title='bbox 1118 1535 1162 1546; x_wconf 92' lang='lat'><em>-</em></span> 
     </span>
     <span class='ocr_line' id='line_1_13' title="bbox 68 1586 1232 1683; baseline 0.004 -28"><span class='ocrx_word' id='word_1_90' title='bbox 68 1593 95 1654; x_wconf 80' lang='lat'><strong><em>1⁰</em></strong></span> <span class='ocrx_word' id='word_1_91' title='bbox 114 1594 269 1660; x_wconf 85' lang='lat' dir='ltr'><strong><em>Anteriori</em></strong></span> <span class='ocrx_word' id='word_1_92' title='bbox 296 1607 442 1681; x_wconf 89' lang='lat' dir='ltr'><strong><em>tempore</em></strong></span> <span class='ocrx_word' id='word_1_93' title='bbox 467 1619 569 1683; x_wconf 90' lang='lat' dir='ltr'><strong><em>quum</em></strong></span> <span class='ocrx_word' id='word_1_94' title='bbox 594 1597 751 1663; x_wconf 84' lang='lat' dir='ltr'><strong><em>Saraceni</em></strong></span> <span class='ocrx_word' id='word_1_95' title='bbox 767 1595 914 1661; x_wconf 88' lang='lat' dir='ltr'><strong><em>Siciliam</em></strong></span> <span class='ocrx_word' id='word_1_96' title='bbox 940 1595 1088 1660; x_wconf 91' lang='lat' dir='ltr'><strong><em>nondum</em></strong></span> <span class='ocrx_word' id='word_1_97' title='bbox 1111 1617 1162 1660; x_wconf 90' lang='lat' dir='ltr'><strong><em>oc·</em></strong></span> <span class='ocrx_word' id='word_1_98' title='bbox 1229 1586 1232 1595; x_wconf 76' lang='grc'><strong>’</strong></span> 
     </span>
     <span class='ocr_line' id='line_1_14' title="bbox 66 1693 1161 1781; baseline 0.007 -30"><span class='ocrx_word' id='word_1_99' title='bbox 66 1706 226 1776; x_wconf 71' lang='lat' dir='ltr'><strong><em>rupissent,</em></strong></span> <span class='ocrx_word' id='word_1_100' title='bbox 251 1693 383 1780; x_wconf 86' lang='lat' dir='ltr'><strong><em>legatus</em></strong></span> <span class='ocrx_word' id='word_1_101' title='bbox 398 1705 577 1780; x_wconf 88' lang='lat' dir='ltr'><strong><em>perpetuus</em></strong></span> <span class='ocrx_word' id='word_1_102' title='bbox 589 1694 686 1762; x_wconf 84' lang='lat' dir='ltr'><strong><em>S&#39;edis</em></strong></span> <span class='ocrx_word' id='word_1_103' title='bbox 699 1694 910 1781; x_wconf 87' lang='lat' dir='ltr'><strong><em>Apostolicae</em></strong></span> <span class='ocrx_word' id='word_1_104' title='bbox 933 1696 966 1758; x_wconf 92' lang='lat' dir='ltr'><strong><em>in</em></strong></span> <span class='ocrx_word' id='word_1_105' title='bbox 984 1695 1045 1758; x_wconf 91' lang='lat' dir='ltr'><strong><em>isto</em></strong></span> <span class='ocrx_word' id='word_1_106' title='bbox 1060 1716 1161 1778; x_wconf 87' lang='lat' dir='ltr'><strong><em>regno</em></strong></span> 
     </span>
     <span class='ocr_line' id='line_1_15' title="bbox 66 1791 1162 1878; baseline 0.006 -29"><span class='ocrx_word' id='word_1_107' title='bbox 66 1801 119 1851; x_wconf 84' lang='lat' dir='ltr'><strong><em>erut</em></strong></span> <span class='ocrx_word' id='word_1_108' title='bbox 140 1813 218 1857; x_wconf 90' lang='lat' dir='ltr'><strong><em>unus</em></strong></span> <span class='ocrx_word' id='word_1_109' title='bbox 242 1815 287 1856; x_wconf 84' lang='lat' dir='ltr'><strong><em>ex</em></strong></span> <span class='ocrx_word' id='word_1_110' title='bbox 311 1791 519 1878; x_wconf 86' lang='lat' dir='ltr'><strong><em>praesulibus</em></strong></span> <span class='ocrx_word' id='word_1_111' title='bbox 543 1793 677 1858; x_wconf 82' lang='lat' dir='ltr'><strong><em>Siciliae</em></strong></span> <span class='ocrx_word' id='word_1_112' title='bbox 707 1817 727 1858; x_wconf 89' lang='lat' dir='ltr'><strong><em>a</em></strong></span> <span class='ocrx_word' id='word_1_113' title='bbox 750 1793 899 1858; x_wconf 86' lang='lat' dir='ltr'><strong><em>Romano</em></strong></span> <span class='ocrx_word' id='word_1_114' title='bbox 921 1793 1084 1857; x_wconf 88' lang='lat' dir='ltr'><strong><em>Pontilice</em></strong></span> <span class='ocrx_word' id='word_1_115' title='bbox 1118 1793 1162 1857; x_wconf 86' lang='lat' dir='ltr'><strong><em>ad</em></strong></span> 
     </span>
     <span class='ocr_line' id='line_1_16' title="bbox 66 1882 1161 1977; baseline 0.006 -30"><span class='ocrx_word' id='word_1_116' title='bbox 66 1882 114 1948; x_wconf 87' lang='lat' dir='ltr'><strong><em>hoc</em></strong></span> <span class='ocrx_word' id='word_1_117' title='bbox 141 1910 256 1954; x_wconf 86' lang='lat' dir='ltr'><strong><em>munus</em></strong></span> <span class='ocrx_word' id='word_1_118' title='bbox 293 1889 476 1975; x_wconf 88' lang='lat' dir='ltr'><strong><em>delegatus.</em></strong></span> <span class='ocrx_word' id='word_1_119' title='bbox 523 1891 696 1977; x_wconf 84' lang='lat' dir='ltr'><strong><em>Ejusmodi</em></strong></span> <span class='ocrx_word' id='word_1_120' title='bbox 730 1893 916 1956; x_wconf 90' lang='lat' dir='ltr'><strong><em>institutum</em></strong></span> <span class='ocrx_word' id='word_1_121' title='bbox 948 1889 1105 1956; x_wconf 88' lang='lat' dir='ltr'><strong><em>Urbanus</em></strong></span> <span class='ocrx_word' id='word_1_122' title='bbox 1128 1891 1161 1954; x_wconf 97' lang='lat' dir='ltr'><strong><em>II</em></strong></span> 
     </span>
     <span class='ocr_line' id='line_1_17' title="bbox 66 1988 1162 2075; baseline 0.008 -31"><span class='ocrx_word' id='word_1_123' title='bbox 66 2005 199 2051; x_wconf 82' lang='lat' dir='ltr'><strong><em>renovare</em></strong></span> <span class='ocrx_word' id='word_1_124' title='bbox 223 1988 385 2068; x_wconf 85' lang='lat' dir='ltr'><strong><em>voluerat,</em></strong></span> <span class='ocrx_word' id='word_1_125' title='bbox 416 1989 566 2075; x_wconf 85' lang='lat' dir='ltr'><strong><em>adeoque</em></strong></span> <span class='ocrx_word' id='word_1_126' title='bbox 590 1991 744 2075; x_wconf 88' lang='lat' dir='ltr'><strong><em>episcopo</em></strong></span> <span class='ocrx_word' id='word_1_127' title='bbox 767 1988 884 2053; x_wconf 83' lang='lat' dir='ltr'><strong><em>Traini</em></strong></span> <span class='ocrx_word' id='word_1_128' title='bbox 908 1989 1006 2053; x_wconf 88' lang='lat' dir='ltr'><strong><em>talem</em></strong></span> <span class='ocrx_word' id='word_1_129' title='bbox 1029 1988 1162 2072; x_wconf 88' lang='lat' dir='ltr'><strong><em>legatio·</em></strong></span> 
     </span>
     <span class='ocr_line' id='line_1_18' title="bbox 67 2085 1161 2172; baseline 0.006 -30"><span class='ocrx_word' id='word_1_130' title='bbox 67 2101 123 2145; x_wconf 87' lang='lat' dir='ltr'><strong><em>nem</em></strong></span> <span class='ocrx_word' id='word_1_131' title='bbox 144 2085 336 2150; x_wconf 80' lang='lat' dir='ltr'><strong><em>contulerat.</em></strong></span> <span class='ocrx_word' id='word_1_132' title='bbox 383 2086 447 2152; x_wconf 88' lang='lat' dir='ltr'><strong><em>Sed</em></strong></span> <span class='ocrx_word' id='word_1_133' title='bbox 482 2087 517 2151; x_wconf 94' lang='lat' dir='ltr'><strong><em>id</em></strong></span> <span class='ocrx_word' id='word_1_134' title='bbox 541 2085 755 2152; x_wconf 83' lang='lat' dir='ltr'><strong><em>vehementer</em></strong></span> <span class='ocrx_word' id='word_1_135' title='bbox 778 2085 948 2172; x_wconf 81' lang='lat' dir='ltr'><strong><em>displicuit</em></strong></span> <span class='ocrx_word' id='word_1_136' title='bbox 970 2085 1110 2170; x_wconf 85' lang='lat' dir='ltr'><strong><em>Rogerio</em></strong></span> <span class='ocrx_word' id='word_1_137' title='bbox 1135 2085 1161 2168; x_wconf 94' lang='lat' dir='ltr'><strong><em>I,</em></strong></span> 
     </span>
     <span class='ocr_line' id='line_1_19' title="bbox 68 2178 1162 2270; baseline 0.005 -28"><span class='ocrx_word' id='word_1_138' title='bbox 68 2178 138 2264; x_wconf 88' lang='lat' dir='ltr'><strong><em>isque</em></strong></span> <span class='ocrx_word' id='word_1_139' title='bbox 158 2183 198 2248; x_wconf 85' lang='lat' dir='ltr'><strong><em>ab</em></strong></span> <span class='ocrx_word' id='word_1_140' title='bbox 212 2183 351 2250; x_wconf 88' lang='lat' dir='ltr'><strong><em>Urbano</em></strong></span> <span class='ocrx_word' id='word_1_141' title='bbox 377 2183 531 2267; x_wconf 90' lang='lat' dir='ltr'><strong><em>obtinuit,</em></strong></span> <span class='ocrx_word' id='word_1_142' title='bbox 558 2195 594 2248; x_wconf 90' lang='lat' dir='ltr'><strong><em>ut</em></strong></span> <span class='ocrx_word' id='word_1_143' title='bbox 607 2184 734 2269; x_wconf 87' lang='lat' dir='ltr'><strong><em>legatus</em></strong></span> <span class='ocrx_word' id='word_1_144' title='bbox 757 2195 937 2270; x_wconf 87' lang='lat' dir='ltr'><strong><em>perpetuus</em></strong></span> <span class='ocrx_word' id='word_1_145' title='bbox 956 2185 1026 2269; x_wconf 89' lang='lat' dir='ltr'><strong><em>jam</em></strong></span> <span class='ocrx_word' id='word_1_146' title='bbox 1052 2181 1162 2247; x_wconf 89' lang='lat' dir='ltr'><strong><em>nullus</em></strong></span> 
     </span>
     <span class='ocr_line' id='line_1_20' title="bbox 69 2277 1162 2368; baseline 0.005 -28"><span class='ocrx_word' id='word_1_147' title='bbox 69 2295 97 2338; x_wconf 80' lang='lat' dir='ltr'><strong><em>tx</em></strong></span> <span class='ocrx_word' id='word_1_148' title='bbox 114 2277 238 2345; x_wconf 86' lang='lat' dir='ltr'><strong><em>Siciliae</em></strong></span> <span class='ocrx_word' id='word_1_149' title='bbox 264 2285 430 2368; x_wconf 88' lang='lat' dir='ltr'><strong><em>episcopis</em></strong></span> <span class='ocrx_word' id='word_1_150' title='bbox 462 2293 556 2349; x_wconf 84' lang='lat' dir='ltr'><strong><em>esset.</em></strong></span> <span class='ocrx_word' id='word_1_151' title='bbox 588 2321 632 2330; x_wconf 92' lang='lat'><strong><em>—-</em></strong></span> <span class='ocrx_word' id='word_1_152' title='bbox 664 2283 702 2347; x_wconf 83' lang='lat'><strong><em>2⁰</em></strong></span> <span class='ocrx_word' id='word_1_153' title='bbox 729 2282 925 2347; x_wconf 91' lang='lat' dir='ltr'><strong><em>Nullatenus</em></strong></span> <span class='ocrx_word' id='word_1_154' title='bbox 955 2291 1066 2345; x_wconf 90' lang='lat' dir='ltr'><strong><em>tamen</em></strong></span> <span class='ocrx_word' id='word_1_155' title='bbox 1098 2283 1162 2366; x_wconf 88' lang='lat' dir='ltr'><strong><em>ipsi</em></strong></span> 
     </span>
     <span class='ocr_line' id='line_1_21' title="bbox 72 2375 1163 2467; baseline 0.004 -29"><span class='ocrx_word' id='word_1_156' title='bbox 72 2375 183 2463; x_wconf 86' lang='lat' dir='ltr'><strong><em>pu&#39;neipi</em></strong></span> <span class='ocrx_word' id='word_1_157' title='bbox 215 2379 364 2464; x_wconf 85' lang='lat' dir='ltr'><strong><em>dignitas</em></strong></span> <span class='ocrx_word' id='word_1_158' title='bbox 397 2391 429 2445; x_wconf 89' lang='lat' dir='ltr'><strong><em>et</em></strong></span> <span class='ocrx_word' id='word_1_159' title='bbox 462 2403 584 2445; x_wconf 88' lang='lat' dir='ltr'><strong><em>munus</em></strong></span> <span class='ocrx_word' id='word_1_160' title='bbox 607 2381 707 2467; x_wconf 85' lang='lat' dir='ltr'><strong><em>legati</em></strong></span> <span class='ocrx_word' id='word_1_161' title='bbox 731 2381 881 2466; x_wconf 90' lang='lat' dir='ltr'><strong><em>perpetui</em></strong></span> <span class='ocrx_word' id='word_1_162' title='bbox 906 2379 1001 2445; x_wconf 85' lang='lat' dir='ltr'><strong><em>Sedis</em></strong></span> <span class='ocrx_word' id='word_1_163' title='bbox 1026 2381 1163 2464; x_wconf 91' lang='lat' dir='ltr'><strong><em>Aposto-</em></strong></span> 
     </span>
     <span class='ocr_line' id='line_1_22' title="bbox 70 2467 1162 2562; baseline 0.003 -26"><span class='ocrx_word' id='word_1_164' title='bbox 70 2467 130 2537; x_wconf 79' lang='lat' dir='ltr'><strong><em>lloae</em></strong></span> <span class='ocrx_word' id='word_1_165' title='bbox 158 2477 312 2542; x_wconf 87' lang='lat' dir='ltr'><strong><em>collatum</em></strong></span> <span class='ocrx_word' id='word_1_166' title='bbox 346 2480 418 2543; x_wconf 86' lang='lat' dir='ltr'><strong><em>l&#39;uit.</em></strong></span> <span class='ocrx_word' id='word_1_167' title='bbox 465 2477 531 2544; x_wconf 87' lang='lat' dir='ltr'><strong><em>Sed</em></strong></span> <span class='ocrx_word' id='word_1_168' title='bbox 558 2489 717 2544; x_wconf 88' lang='lat' dir='ltr'><strong><em>statutum</em></strong></span> <span class='ocrx_word' id='word_1_169' title='bbox 742 2491 801 2562; x_wconf 89' lang='lat' dir='ltr'><strong><em>est,</em></strong></span> <span class='ocrx_word' id='word_1_170' title='bbox 830 2488 875 2559; x_wconf 92' lang='lat' dir='ltr'><strong><em>ut,</em></strong></span> <span class='ocrx_word' id='word_1_171' title='bbox 905 2480 931 2541; x_wconf 92' lang='lat' dir='ltr'><strong><em>si</em></strong></span> <span class='ocrx_word' id='word_1_172' title='bbox 957 2479 1089 2561; x_wconf 86' lang='lat' dir='ltr'><strong><em>negotia</em></strong></span> <span class='ocrx_word' id='word_1_173' title='bbox 1113 2499 1162 2540; x_wconf 87' lang='lat' dir='ltr'><strong><em>ec-</em></strong></span> 
     </span>
     <span class='ocr_line' id='line_1_23' title="bbox 70 2569 1163 2662; baseline 0.009 -32"><span class='ocrx_word' id='word_1_174' title='bbox 70 2569 226 2640; x_wconf 80' lang='lat' dir='ltr'><strong><em>clesiastica</em></strong></span> <span class='ocrx_word' id='word_1_175' title='bbox 269 2577 305 2640; x_wconf 91' lang='lat' dir='ltr'><strong><em>id</em></strong></span> <span class='ocrx_word' id='word_1_176' title='bbox 347 2578 564 2662; x_wconf 87' lang='lat' dir='ltr'><strong><em>requirerent,</em></strong></span> <span class='ocrx_word' id='word_1_177' title='bbox 611 2580 820 2641; x_wconf 89' lang='lat' dir='ltr'><strong><em>mitterentur</em></strong></span> <span class='ocrx_word' id='word_1_178' title='bbox 857 2575 995 2661; x_wconf 85' lang='lat' dir='ltr'><strong><em>singulis</em></strong></span> <span class='ocrx_word' id='word_1_179' title='bbox 1031 2574 1163 2640; x_wconf 88' lang='lat' dir='ltr'><strong><em>vicibus</em></strong></span> 
     </span>
     <span class='ocr_line' id='line_1_24' title="bbox 70 2667 1163 2761; baseline 0.005 -30"><span class='ocrx_word' id='word_1_180' title='bbox 70 2667 231 2737; x_wconf 75' lang='lat' dir='ltr'><strong><em>chartularii</em></strong></span> <span class='ocrx_word' id='word_1_181' title='bbox 257 2697 318 2738; x_wconf 89' lang='lat' dir='ltr'><strong><em>seu</em></strong></span> <span class='ocrx_word' id='word_1_182' title='bbox 343 2677 450 2739; x_wconf 88' lang='lat' dir='ltr'><strong><em>nuntii</em></strong></span> <span class='ocrx_word' id='word_1_183' title='bbox 474 2676 614 2740; x_wconf 90' lang='lat' dir='ltr'><strong><em>Romani</em></strong></span> <span class='ocrx_word' id='word_1_184' title='bbox 631 2675 812 2754; x_wconf 87' lang='lat' dir='ltr'><strong><em>Pontificis,</em></strong></span> <span class='ocrx_word' id='word_1_185' title='bbox 838 2676 894 2761; x_wconf 91' lang='lat' dir='ltr'><strong><em>qui</em></strong></span> <span class='ocrx_word' id='word_1_186' title='bbox 919 2673 1056 2739; x_wconf 90' lang='lat' dir='ltr'><strong><em>consilio</em></strong></span> <span class='ocrx_word' id='word_1_187' title='bbox 1080 2675 1163 2758; x_wconf 88' lang='lat' dir='ltr'><strong><em>epis·</em></strong></span> 
     </span>
     <span class='ocr_line' id='line_1_25' title="bbox 70 2771 1164 2860; baseline 0.005 -30"><span class='ocrx_word' id='word_1_188' title='bbox 70 2785 198 2850; x_wconf 75' lang='lat' dir='ltr'><strong><em>soporum</em></strong></span> <span class='ocrx_word' id='word_1_189' title='bbox 222 2772 375 2838; x_wconf 89' lang='lat' dir='ltr'><strong><em>adhibito</em></strong></span> <span class='ocrx_word' id='word_1_190' title='bbox 392 2796 476 2860; x_wconf 90' lang='lat' dir='ltr'><strong><em>quae</em></strong></span> <span class='ocrx_word' id='word_1_191' title='bbox 492 2773 646 2838; x_wconf 86' lang='lat' dir='ltr'><strong><em>iacienda</em></strong></span> <span class='ocrx_word' id='word_1_192' title='bbox 663 2782 756 2837; x_wconf 89' lang='lat' dir='ltr'><strong><em>erant</em></strong></span> <span class='ocrx_word' id='word_1_193' title='bbox 771 2772 1037 2836; x_wconf 88' lang='lat' dir='ltr'><strong><em>determinarent.</em></strong></span> <span class='ocrx_word' id='word_1_194' title='bbox 1063 2771 1164 2836; x_wconf 89' lang='lat' dir='ltr'><strong><em>Porro</em></strong></span> 
     </span>
     <span class='ocr_line' id='line_1_26' title="bbox 70 2869 1164 2957; baseline 0.007 -33"><span class='ocrx_word' id='word_1_195' title='bbox 70 2869 183 2931; x_wconf 72' lang='lat' dir='ltr'><strong><em>memtio</em></strong></span> <span class='ocrx_word' id='word_1_196' title='bbox 215 2870 422 2935; x_wconf 88' lang='lat' dir='ltr'><strong><em>decretorum</em></strong></span> <span class='ocrx_word' id='word_1_197' title='bbox 447 2892 512 2936; x_wconf 91' lang='lat' dir='ltr'><strong><em>non</em></strong></span> <span class='ocrx_word' id='word_1_198' title='bbox 537 2871 580 2935; x_wconf 92' lang='lat' dir='ltr'><strong><em>ab</em></strong></span> <span class='ocrx_word' id='word_1_199' title='bbox 604 2873 685 2957; x_wconf 88' lang='lat' dir='ltr'><strong><em>ipsis</em></strong></span> <span class='ocrx_word' id='word_1_200' title='bbox 714 2871 831 2954; x_wconf 85' lang='lat' dir='ltr'><strong><em>legatis</em></strong></span> <span class='ocrx_word' id='word_1_201' title='bbox 855 2869 1025 2934; x_wconf 86' lang='lat' dir='ltr'><strong><em>Pontificis</em></strong></span> <span class='ocrx_word' id='word_1_202' title='bbox 1057 2890 1164 2954; x_wconf 88' lang='lat' dir='ltr'><strong><em>prose-</em></strong></span> 
     </span>
     <span class='ocr_line' id='line_1_27' title="bbox 70 2964 1163 3055; baseline 0.007 -33"><span class='ocrx_word' id='word_1_203' title='bbox 70 2964 177 3042; x_wconf 83' lang='lat' dir='ltr'><strong><em>quenda</em></strong></span> <span class='ocrx_word' id='word_1_204' title='bbox 199 2980 280 3050; x_wconf 86' lang='lat' dir='ltr'><strong><em>erat,</em></strong></span> <span class='ocrx_word' id='word_1_205' title='bbox 305 2967 363 3033; x_wconf 85' lang='lat' dir='ltr'><strong><em>sed</em></strong></span> <span class='ocrx_word' id='word_1_206' title='bbox 387 2969 544 3034; x_wconf 88' lang='lat' dir='ltr'><strong><em>Urbanus</em></strong></span> <span class='ocrx_word' id='word_1_207' title='bbox 570 2968 625 3034; x_wconf 93' lang='lat' dir='ltr'><strong><em>illo</em></strong></span> <span class='ocrx_word' id='word_1_208' title='bbox 650 2968 832 3055; x_wconf 88' lang='lat' dir='ltr'><strong><em>diplomate</em></strong></span> <span class='ocrx_word' id='word_1_209' title='bbox 855 2969 995 3052; x_wconf 88' lang='lat' dir='ltr'><strong><em>Rogerio</em></strong></span> <span class='ocrx_word' id='word_1_210' title='bbox 1020 2968 1163 3054; x_wconf 88' lang='lat' dir='ltr'><strong><em>principi</em></strong></span> 
     </span>
     <span class='ocr_line' id='line_1_28' title="bbox 66 3059 1166 3153; baseline 0.005 -31"><span class='ocrx_word' id='word_1_211' title='bbox 66 3059 108 3142; x_wconf 75' lang='lat' dir='ltr'><strong><em>jc</em></strong></span> <span class='ocrx_word' id='word_1_212' title='bbox 126 3074 151 3123; x_wconf 85' lang='lat' dir='ltr'><strong><em>et</em></strong></span> <span class='ocrx_word' id='word_1_213' title='bbox 170 3088 280 3130; x_wconf 80' lang='lat' dir='ltr'><strong><em>munus</em></strong></span> <span class='ocrx_word' id='word_1_214' title='bbox 304 3066 444 3131; x_wconf 90' lang='lat' dir='ltr'><strong><em>contulit</em></strong></span> <span class='ocrx_word' id='word_1_215' title='bbox 474 3066 649 3153; x_wconf 77' lang='lat' dir='ltr'><strong><em>eaeqaeadi</em></strong></span> <span class='ocrx_word' id='word_1_216' title='bbox 678 3089 727 3150; x_wconf 89' lang='lat' dir='ltr'><strong><em>ea,</em></strong></span> <span class='ocrx_word' id='word_1_217' title='bbox 764 3088 848 3152; x_wconf 89' lang='lat' dir='ltr'><strong><em>quae</em></strong></span> <span class='ocrx_word' id='word_1_218' title='bbox 872 3087 891 3129; x_wconf 89' lang='lat' dir='ltr'><strong><em>a</em></strong></span> <span class='ocrx_word' id='word_1_219' title='bbox 915 3064 1032 3149; x_wconf 85' lang='lat' dir='ltr'><strong><em>legatis</em></strong></span> <span class='ocrx_word' id='word_1_220' title='bbox 1056 3067 1166 3129; x_wconf 89' lang='lat' dir='ltr'><strong><em>missis</em></strong></span> 
     </span>
     <span class='ocr_line' id='line_1_29' title="bbox 71 3156 1165 3252; baseline 0.005 -32"><span class='ocrx_word' id='word_1_221' title='bbox 71 3156 284 3230; x_wconf 83' lang='lat' dir='ltr'><strong><em>ordinarentur.</em></strong></span> <span class='ocrx_word' id='word_1_222' title='bbox 331 3166 430 3230; x_wconf 88' lang='lat' dir='ltr'><strong><em>Unde</em></strong></span> <span class='ocrx_word' id='word_1_223' title='bbox 455 3175 486 3230; x_wconf 92' lang='lat' dir='ltr'><strong><em>et</em></strong></span> <span class='ocrx_word' id='word_1_224' title='bbox 510 3167 579 3252; x_wconf 89' lang='lat' dir='ltr'><strong><em>ipse</em></strong></span> <span class='ocrx_word' id='word_1_225' title='bbox 604 3165 667 3229; x_wconf 86' lang='lat' dir='ltr'><strong><em>hac</em></strong></span> <span class='ocrx_word' id='word_1_226' title='bbox 691 3167 726 3228; x_wconf 92' lang='lat' dir='ltr'><strong><em>in</em></strong></span> <span class='ocrx_word' id='word_1_227' title='bbox 750 3187 785 3228; x_wconf 90' lang='lat' dir='ltr'><strong><em>re</em></strong></span> <span class='ocrx_word' id='word_1_228' title='bbox 809 3185 876 3228; x_wconf 90' lang='lat' dir='ltr'><strong><em>non</em></strong></span> <span class='ocrx_word' id='word_1_229' title='bbox 901 3173 972 3226; x_wconf 90' lang='lat' dir='ltr'><strong><em>erat</em></strong></span> <span class='ocrx_word' id='word_1_230' title='bbox 994 3163 1165 3227; x_wconf 85' lang='lat' dir='ltr'><strong><em>Pontificis</em></strong></span> 
     </span>
     <span class='ocr_line' id='line_1_30' title="bbox 72 3255 1166 3347; baseline 0.005 -28"><span class='ocrx_word' id='word_1_231' title='bbox 72 3255 189 3324; x_wconf 77' lang='lat' dir='ltr'><strong><em>vicarius</em></strong></span> <span class='ocrx_word' id='word_1_232' title='bbox 218 3285 275 3328; x_wconf 89' lang='lat' dir='ltr'><strong><em>sen</em></strong></span> <span class='ocrx_word' id='word_1_233' title='bbox 308 3263 445 3347; x_wconf 89' lang='lat' dir='ltr'><strong><em>legatus,</em></strong></span> <span class='ocrx_word' id='word_1_234' title='bbox 476 3285 538 3328; x_wconf 90' lang='lat' dir='ltr'><strong><em>nec</em></strong></span> <span class='ocrx_word' id='word_1_235' title='bbox 573 3265 697 3328; x_wconf 85' lang='lat' dir='ltr'><strong><em>directe</em></strong></span> <span class='ocrx_word' id='word_1_236' title='bbox 722 3263 811 3327; x_wconf 88' lang='lat' dir='ltr'><strong><em>vices</em></strong></span> <span class='ocrx_word' id='word_1_237' title='bbox 835 3260 1046 3347; x_wconf 89' lang='lat' dir='ltr'><strong><em>Apostolicae</em></strong></span> <span class='ocrx_word' id='word_1_238' title='bbox 1070 3261 1166 3326; x_wconf 90' lang='lat' dir='ltr'><strong><em>Sedis</em></strong></span> 
     </span>
     <span class='ocr_line' id='line_1_31' title="bbox 72 3355 1165 3449; baseline 0.008 -36"><span class='ocrx_word' id='word_1_239' title='bbox 72 3355 190 3439; x_wconf 78' lang='lat' dir='ltr'><strong><em>gerebat,</em></strong></span> <span class='ocrx_word' id='word_1_240' title='bbox 221 3360 278 3426; x_wconf 86' lang='lat' dir='ltr'><strong><em>sed</em></strong></span> <span class='ocrx_word' id='word_1_241' title='bbox 303 3371 430 3426; x_wconf 78' lang='lat' dir='ltr'><strong><em>tantum</em></strong></span> <span class='ocrx_word' id='word_1_242' title='bbox 456 3361 554 3446; x_wconf 79' lang='lat' dir='ltr'><strong><em>lopati</em></strong></span> <span class='ocrx_word' id='word_1_243' title='bbox 576 3362 671 3426; x_wconf 84' lang='lat' dir='ltr'><strong><em>uicem</em></strong></span> <span class='ocrx_word' id='word_1_244' title='bbox 694 3362 729 3424; x_wconf 83' lang='lat' dir='ltr'><strong><em>im</em></strong></span> <span class='ocrx_word' id='word_1_245' title='bbox 753 3359 944 3446; x_wconf 72' lang='lat' dir='ltr'><strong><em>exequendis</em></strong></span> <span class='ocrx_word' id='word_1_246' title='bbox 966 3361 1058 3449; x_wconf 80' lang='lat' dir='ltr'><strong><em>ltcjue</em></strong></span> <span class='ocrx_word' id='word_1_247' title='bbox 1081 3360 1165 3423; x_wconf 85' lang='lat' dir='ltr'><strong><em>ordi-</em></strong></span> 
     </span>
     <span class='ocr_line' id='line_1_32' title="bbox 74 3455 1163 3543; baseline 0.012 -32"><span class='ocrx_word' id='word_1_248' title='bbox 74 3455 227 3524; x_wconf 72' lang='lat' dir='ltr'><strong><em>nationibus</em></strong></span> <span class='ocrx_word' id='word_1_249' title='bbox 267 3459 423 3525; x_wconf 91' lang='lat' dir='ltr'><strong><em>habebat.</em></strong></span> <span class='ocrx_word' id='word_1_250' title='bbox 496 3459 589 3523; x_wconf 89' lang='lat' dir='ltr'><strong><em>Dicit</em></strong></span> <span class='ocrx_word' id='word_1_251' title='bbox 625 3458 782 3524; x_wconf 88' lang='lat' dir='ltr'><strong><em>Urbanus</em></strong></span> <span class='ocrx_word' id='word_1_252' title='bbox 820 3458 854 3522; x_wconf 95' lang='lat' dir='ltr'><strong><em>II</em></strong></span> <span class='ocrx_word' id='word_1_253' title='bbox 896 3460 931 3521; x_wconf 93' lang='lat' dir='ltr'><strong><em>in</em></strong></span> <span class='ocrx_word' id='word_1_254' title='bbox 970 3457 1163 3543; x_wconf 89' lang='lat' dir='ltr'><strong><em>diplomate:</em></strong></span> 
     </span>
     <span class='ocr_line' id='line_1_33' title="bbox 76 3547 1164 3658; baseline 0.006 -44"><span class='ocrx_word' id='word_1_255' title='bbox 76 3547 211 3628; x_wconf 79' lang='lat' dir='ltr'><strong><em>.Qnando</em></strong></span> <span class='ocrx_word' id='word_1_256' title='bbox 239 3558 283 3622; x_wconf 92' lang='lat' dir='ltr'><strong><em>ad</em></strong></span> <span class='ocrx_word' id='word_1_257' title='bbox 314 3579 374 3622; x_wconf 90' lang='lat' dir='ltr'><strong><em>vos</em></strong></span> <span class='ocrx_word' id='word_1_258' title='bbox 408 3579 449 3621; x_wconf 88' lang='lat' dir='ltr'><strong><em>ex</em></strong></span> <span class='ocrx_word' id='word_1_259' title='bbox 480 3556 581 3621; x_wconf 91' lang='lat' dir='ltr'><strong><em>latere</em></strong></span> <span class='ocrx_word' id='word_1_260' title='bbox 615 3567 723 3623; x_wconf 88' lang='lat' dir='ltr'><strong><em>nostro</em></strong></span> <span class='ocrx_word' id='word_1_261' title='bbox 748 3555 1000 3658; x_wconf 84' lang='lat' dir='ltr'><strong><em>miserimus,ad</em></strong></span> <span class='ocrx_word' id='word_1_262' title='bbox 1026 3556 1164 3620; x_wconf 85' lang='lat' dir='ltr'><strong><em>salutem</em></strong></span> 
     </span>
    </p>
   </div>
   <div class='ocr_carea' id='block_1_5' title="bbox 76 3717 256 3738">
    <p class='ocr_par' dir='ltr' id='par_1_5' title="bbox 76 3717 256 3738">
     <span class='ocr_line' id='line_1_34' title="bbox 76 3717 256 3738; baseline -0.006 1"><span class='ocrx_word' id='word_1_263' title='bbox 76 3717 256 3738; x_wconf 43' lang='grc' dir='ltr'><strong><em>Ἆ-</em></strong></span> 
     </span>
    </p>
   </div>
   <div class='ocr_carea' id='block_1_6' title="bbox 36 3846 1166 4312">
    <p class='ocr_par' dir='ltr' id='par_1_6' title="bbox 132 3846 1166 3920">
     <span class='ocr_line' id='line_1_35' title="bbox 132 3846 1166 3920; baseline -0.013 -8"><span class='ocrx_word' id='word_1_264' title='bbox 132 3849 148 3912; x_wconf 88' lang='lat' dir='ltr'><strong><em>&#39;l</em></strong></span> <span class='ocrx_word' id='word_1_265' title='bbox 163 3853 202 3918; x_wconf 75' lang='lat' dir='ltr'><strong><em>tp</em></strong></span> <span class='ocrx_word' id='word_1_266' title='bbox 227 3849 298 3908; x_wconf 73' lang='lat' dir='ltr'><strong><em>Jatse</em></strong></span> <span class='ocrx_word' id='word_1_267' title='bbox 316 3852 384 3920; x_wconf 78' lang='lat' dir='ltr'><strong><em>Reg.</em></strong></span> <span class='ocrx_word' id='word_1_268' title='bbox 404 3851 483 3904; x_wconf 87' lang='lat' dir='ltr'><strong><em>Pout.</em></strong></span> <span class='ocrx_word' id='word_1_269' title='bbox 512 3849 681 3904; x_wconf 81' lang='lat' dir='ltr'><strong><em>ada.1097</em></strong></span> <span class='ocrx_word' id='word_1_270' title='bbox 706 3847 765 3902; x_wconf 92' lang='lat' dir='ltr'><strong><em>Oct.</em></strong></span> <span class='ocrx_word' id='word_1_271' title='bbox 786 3848 809 3902; x_wconf 92' lang='lat' dir='ltr'><strong><em>l.</em></strong></span> <span class='ocrx_word' id='word_1_272' title='bbox 829 3863 853 3900; x_wconf 88' lang='lat' dir='ltr'><strong><em>n</em></strong></span> <span class='ocrx_word' id='word_1_273' title='bbox 874 3847 951 3901; x_wconf 77' lang='lat'>4846.</span> <span class='ocrx_word' id='word_1_274' title='bbox 979 3876 1013 3887; x_wconf 87' lang='lat'>-</span> <span class='ocrx_word' id='word_1_275' title='bbox 1041 3846 1166 3915; x_wconf 83' lang='lat' dir='ltr'><strong><em>Diploma</em></strong></span> 
     </span>
    </p>

    <p class='ocr_par' dir='ltr' id='par_1_7' title="bbox 76 3919 1164 4000">
     <span class='ocr_line' id='line_1_36' title="bbox 76 3919 1164 4000; baseline -0.005 -15"><span class='ocrx_word' id='word_1_276' title='bbox 76 3919 113 3976; x_wconf 67' lang='lat' dir='ltr'><strong><em>lte</em></strong></span> <span class='ocrx_word' id='word_1_277' title='bbox 126 3925 227 3986; x_wconf 72' lang='lat' dir='ltr'><strong><em>beronio</em></strong></span> <span class='ocrx_word' id='word_1_278' title='bbox 250 3933 365 4000; x_wconf 87' lang='lat' dir='ltr'><strong><em>aliisque</em></strong></span> <span class='ocrx_word' id='word_1_279' title='bbox 383 3931 559 3999; x_wconf 86' lang='lat' dir='ltr'><strong><em>scriptoribus</em></strong></span> <span class='ocrx_word' id='word_1_280' title='bbox 585 3929 717 3998; x_wconf 81' lang='lat' dir='ltr'><strong><em>ignotum,</em></strong></span> <span class='ocrx_word' id='word_1_281' title='bbox 746 3934 838 3981; x_wconf 86' lang='lat' dir='ltr'><strong><em>nostro</em></strong></span> <span class='ocrx_word' id='word_1_282' title='bbox 857 3935 978 3995; x_wconf 85' lang='lat' dir='ltr'><strong><em>tempore</em></strong></span> <span class='ocrx_word' id='word_1_283' title='bbox 1002 3927 1117 3995; x_wconf 87' lang='lat' dir='ltr'><strong><em>primum</em></strong></span> <span class='ocrx_word' id='word_1_284' title='bbox 1136 3927 1164 3980; x_wconf 93' lang='lat' dir='ltr'><strong><em>in</em></strong></span> 
     </span>
    </p>

    <p class='ocr_par' dir='ltr' id='par_1_8' title="bbox 36 3991 1164 4081">
     <span class='ocr_line' id='line_1_37' title="bbox 36 3991 1164 4081; baseline -0.01 -11"><span class='ocrx_word' id='word_1_285' title='bbox 36 3991 38 4051; x_wconf 81' lang='lat' dir='ltr'><strong><em>l</em></strong></span> <span class='ocrx_word' id='word_1_286' title='bbox 78 4001 177 4069; x_wconf 70' lang='lat' dir='ltr'><strong><em>Raetis</em></strong></span> <span class='ocrx_word' id='word_1_287' title='bbox 194 4013 352 4068; x_wconf 72' lang='lat' dir='ltr'><strong><em>Pontificum</em></strong></span> <span class='ocrx_word' id='word_1_288' title='bbox 371 4011 537 4081; x_wconf 72' lang='lat' dir='ltr'><strong><em>publicatum</em></strong></span> <span class='ocrx_word' id='word_1_289' title='bbox 557 4009 619 4064; x_wconf 75' lang='lat' dir='ltr'><strong><em>ruit.</em></strong></span> <span class='ocrx_word' id='word_1_290' title='bbox 647 4008 742 4066; x_wconf 72' lang='lat' dir='ltr'><strong><em>neor,</em></strong></span> <span class='ocrx_word' id='word_1_291' title='bbox 757 4007 882 4064; x_wconf 60' lang='lat' dir='ltr'><strong><em>vincar.</em></strong></span> <span class='ocrx_word' id='word_1_292' title='bbox 902 4006 1028 4062; x_wconf 84' lang='lat' dir='ltr'><strong><em>ottobon.</em></strong></span> <span class='ocrx_word' id='word_1_293' title='bbox 1048 4007 1078 4060; x_wconf 83' lang='lat' dir='ltr'><strong><em>u</em></strong></span> <span class='ocrx_word' id='word_1_294' title='bbox 1094 4007 1164 4060; x_wconf 76' lang='lat' dir='ltr'><strong><em>eom</em></strong></span> 
     </span>
    </p>

    <p class='ocr_par' dir='ltr' id='par_1_9' title="bbox 79 4083 1163 4160">
     <span class='ocr_line' id='line_1_38' title="bbox 79 4083 1163 4160; baseline 0.006 -26"><span class='ocrx_word' id='word_1_295' title='bbox 79 4083 128 4139; x_wconf 86' lang='lat' dir='ltr'><strong><em>illul</em></strong></span> <span class='ocrx_word' id='word_1_296' title='bbox 139 4090 213 4149; x_wconf 81' lang='lat' dir='ltr'><strong><em>edidit</em></strong></span> <span class='ocrx_word' id='word_1_297' title='bbox 225 4095 267 4154; x_wconf 82' lang='lat' dir='ltr'><strong><em>W,</em></strong></span> <span class='ocrx_word' id='word_1_298' title='bbox 279 4093 464 4158; x_wconf 79' lang='lat' dir='ltr'><strong><em>Giesebrecht3</em></strong></span> <span class='ocrx_word' id='word_1_299' title='bbox 484 4091 516 4146; x_wconf 89' lang='lat' dir='ltr'><strong><em>de</em></strong></span> <span class='ocrx_word' id='word_1_300' title='bbox 536 4091 593 4160; x_wconf 85' lang='lat' dir='ltr'><strong><em>ejus</em></strong></span> <span class='ocrx_word' id='word_1_301' title='bbox 606 4105 671 4144; x_wconf 86' lang='lat' dir='ltr'><strong><em>vero</em></strong></span> <span class='ocrx_word' id='word_1_302' title='bbox 689 4087 863 4158; x_wconf 84' lang='lat' dir='ltr'><strong><em>geuniuitate</em></strong></span> <span class='ocrx_word' id='word_1_303' title='bbox 882 4103 972 4143; x_wconf 82' lang='lat' dir='ltr'><strong><em>omues</em></strong></span> <span class='ocrx_word' id='word_1_304' title='bbox 992 4087 1163 4141; x_wconf 85' lang='lat' dir='ltr'><strong><em>conveniunt</em></strong></span> 
     </span>
    </p>

    <p class='ocr_par' dir='ltr' id='par_1_10' title="bbox 80 4163 1164 4312">
     <span class='ocr_line' id='line_1_39' title="bbox 80 4163 1164 4244; baseline -0.006 -17"><span class='ocrx_word' id='word_1_305' title='bbox 80 4163 202 4228; x_wconf 65' lang='lat' dir='ltr'><strong><em>lutatis</em></strong></span> <span class='ocrx_word' id='word_1_306' title='bbox 219 4177 233 4228; x_wconf 90' lang='lat' dir='ltr'><strong><em>l.</em></strong></span> <span class='ocrx_word' id='word_1_307' title='bbox 253 4193 275 4232; x_wconf 77' lang='lat' dir='ltr'><strong><em>a</em></strong></span> <span class='ocrx_word' id='word_1_308' title='bbox 295 4193 319 4244; x_wconf 88' lang='lat' dir='ltr'><strong><em>p.</em></strong></span> <span class='ocrx_word' id='word_1_309' title='bbox 339 4175 382 4230; x_wconf 75' lang='lat'><strong><em>53.</em></strong></span> <span class='ocrx_word' id='word_1_310' title='bbox 395 4205 426 4214; x_wconf 88' lang='lat'><strong><em>-</em></strong></span> <span class='ocrx_word' id='word_1_311' title='bbox 437 4173 566 4241; x_wconf 81' lang='lat' dir='ltr'><strong><em>Quaestio</em></strong></span> <span class='ocrx_word' id='word_1_312' title='bbox 585 4173 618 4227; x_wconf 81' lang='lat' dir='ltr'><strong><em>de</em></strong></span> <span class='ocrx_word' id='word_1_313' title='bbox 630 4171 799 4226; x_wconf 80' lang='lat' dir='ltr'><strong><em>Mmmrobio</em></strong></span> <span class='ocrx_word' id='word_1_314' title='bbox 819 4171 915 4225; x_wconf 84' lang='lat' dir='ltr'><strong><em>Siculo</em></strong></span> <span class='ocrx_word' id='word_1_315' title='bbox 934 4168 1025 4222; x_wconf 88' lang='lat' dir='ltr'><strong><em>eodem</em></strong></span> <span class='ocrx_word' id='word_1_316' title='bbox 1044 4167 1164 4236; x_wconf 82' lang='lat' dir='ltr'><strong><em>profecto</em></strong></span> 
     </span>
     <span class='ocr_line' id='line_1_40' title="bbox 81 4245 363 4312; baseline 0.007 -3"><span class='ocrx_word' id='word_1_317' title='bbox 81 4245 191 4308; x_wconf 68' lang='lat' dir='ltr'><strong><em>ducem</em></strong></span> <span class='ocrx_word' id='word_1_318' title='bbox 203 4255 363 4312; x_wconf 80' lang='lat' dir='ltr'><strong><em>illustratur.</em></strong></span> 
     </span>
    </p>
   </div>
   <div class='ocr_carea' id='block_1_7' title="bbox 121 4337 1022 4403">
    <p class='ocr_par' dir='ltr' id='par_1_11' title="bbox 121 4337 1022 4403">
     <span class='ocr_line' id='line_1_41' title="bbox 121 4337 1022 4403; baseline -0.009 -6"><span class='ocrx_word' id='word_1_319' title='bbox 121 4349 240 4403; x_wconf 57' lang='lat' dir='ltr'><strong><em>immun.</em></strong></span> <span class='ocrx_word' id='word_1_320' title='bbox 253 4355 439 4397; x_wconf 61' lang='lat' dir='ltr'><strong><em>autumnoue..</em></strong></span> <span class='ocrx_word' id='word_1_321' title='bbox 454 4353 519 4394; x_wconf 80' lang='lat' dir='ltr'><strong><em>Tam.</em></strong></span> <span class='ocrx_word' id='word_1_322' title='bbox 532 4351 558 4393; x_wconf 78' lang='lat' dir='ltr'><strong><em>V.</em></strong></span> <span class='ocrx_word' id='word_1_323' title='bbox 1004 4337 1022 4389; x_wconf 76' lang='grc'><strong>4</strong></span> 
     </span>
    </p>
   </div>
   <div class='ocr_carea' id='block_1_8' title="bbox 0 0 1511 4838">
    <p class='ocr_par' dir='ltr' id='par_1_12' title="bbox 0 0 1511 4838">
     <span class='ocr_line' id='line_1_42' title="bbox 0 0 1511 4838; baseline 0 0"><span class='ocrx_word' id='word_1_324' title='bbox 0 0 1511 4838; x_wconf 95' lang='lat' dir='ltr'><strong><em> </em></strong></span> 
     </span>
    </p>
   </div>
  </div>
 </body>
</html>
