2852 4836
354 500 403 552 124
567 499 667 554 XXXI.
688 501 729 555 De
747 499 894 555 abolitione
913 499 1021 555 Ordinis
1039 497 1261 568 Templariorum.

355 639 450 706 Certe
492 643 527 706 in
565 643 715 728 pluribus
758 643 970 708 examinibus
1013 661 1033 706 a
1069 641 1244 728 judicibus
1283 642 1367 724 regiis
1396 637 1418 706 vl

353 739 585 805 ecclesiasticis
615 741 798 806 secundum
837 743 995 827 temporis
1027 739 1330 826 jurisprudentiam‚
1362 715 1418 822 alqd

353 837 519 902 interdum
551 839 651 904 etiam
683 840 913 923 immoderate,
953 849 1080 904 tortura
1112 836 1265 902 adhiblta
1301 837 1366 916 fuit,
1394 835 1418 916 sd

352 956 394 998 ex
442 937 539 1000 dictis
577 940 739 1024 sequitur,
787 959 902 1002 omnes
941 938 1165 1023 depositiones
1204 937 1237 998 vi
1280 957 1315 998 ao
1351 917 1418 1014 tei-rol

318 1067 331 1084 ι
354 1033 541 1099 nullatenus
577 1057 671 1122 posse
707 1037 862 1101 adscribi.
911 1035 946 1101 Si
989 1059 1009 1099 a
1051 1035 1251 1122 quibusdam
1287 1023 1418 1108 auctoribl

353 1134 424 1196 sine
457 1132 560 1197 solido
585 1134 802 1199 fundamento
826 1137 1071 1222 suppositiones
1102 1133 1188 1197 fiunt
1212 1143 1244 1196 et
1269 1133 1397 1216 conjectu

354 1229 395 1294 de
408 1233 579 1296 tormentis
594 1232 797 1297 immanibus
812 1232 983 1313 adhibitis,
1008 1244 1108 1318 atque
1124 1254 1163 1295 ea
1180 1253 1267 1317 quae
1290 1229 1402 1293 solemni

353 1329 389 1391 in
417 1328 564 1412 epistolis
597 1328 776 1395 Clementis
814 1343 1007 1395 asseruntur
1038 1351 1096 1415 pro
1129 1327 1232 1393 nihilo
1274 1337 1403 1413 reputent

354 1428 517 1513 ejusmodi
543 1429 697 1493 methodo
723 1433 895 1494 veritatem
922 1430 1032 1514 detegi
1056 1451 1161 1514 posse,
1186 1448 1352 1511 negamus.

192 1556 329 1671 clfflff
442 1563 495 1628 40.
542 1563 607 1628 Sed
637 1565 715 1650 quia
747 1563 809 1628 hac
841 1566 875 1628 in
908 1565 1099 1650 quaestione
1137 1562 1278 1624 maximi
1317 1581 1404 1622 inum¹

354 1671 431 1724 sunt
454 1661 539 1726 Acta
564 1683 736 1747 processus
760 1664 895 1727 Parisiis
919 1685 939 1726 a
964 1659 1204 1726 Commissione
1228 1657 1386 1744 pontilicis
1405 1653 1416 1714 h

353 1757 423 1840 biti,
449 1763 568 1824 nostris
592 1763 736 1847 primunr
761 1761 879 1826 diebus
904 1760 1083 1847 publicata,
1109 1757 1403 1838 convenithaecps

351 1859 538 1921 accuratius
562 1861 781 1926 considerare.
822 1861 985 1946 Inspectis
1010 1860 1111 1943 igitur
1134 1867 1166 1920 et
1190 1856 1385 1942 perlustratis
1400 1849 1412 1912 ll

352 1953 627 2040 depositionibus,
653 1961 766 2042 negari
788 1981 853 2023 non
884 1980 978 2043 posse
1000 1958 1240 2034 existimamus,
1275 1951 1415 2036 Temple*

351 2053 543 2118 raosfuissc.
571 2055 861 2136 Quemadmodum
879 2054 1035 2120 videlicet
1049 2055 1111 2138 ipsi
1127 2051 1353 2117 Commissarii
1370 2069 1416 2132 pon

351 2149 418 2213 licii
442 2151 623 2237 prudenter
646 2166 679 2217 et
702 2157 773 2218 sine
797 2157 831 2218 vi
857 2157 890 2218 in
915 2155 1068 2218 examine
1093 2150 1302 2215 instituendo
1319 2167 1412 2234 proce:

351 2260 436 2322 runt,
478 2252 523 2313 ita
558 2253 657 2314 ctiam
694 2252 916 2338 depositiones
950 2251 1157 2314 characteres
1190 2247 1354 2334 quosdam
1383 2244 1413 2306 ha

350 2343 486 2412 fallaces
509 2370 588 2433 prae
612 2372 646 2412 se
669 2350 779 2414 ferunt
810 2351 1019 2414 sinceritatis.
1067 2349 1118 2411 Itu
1152 2347 1320 2431 imprimis
1348 2343 1399 2406 hac

350 2465 385 2506 re
416 2459 529 2508 notare
556 2446 656 2531 juvat
679 2449 767 2534 quod
792 2447 909 2513 scribit
939 2447 1046 2512 editor
1078 2465 1270 2530 processus,
1305 2439 1410 2508 blichel

353 2541 526 2628 „Qnelquc
550 2547 685 2630 opinion
711 2548 809 2632 qu'on
835 2545 954 2630 adopts
980 2568 1036 2609 sur
1059 2541 1195 2625 loregle
1219 2542 1281 2606 des
1297 2537 1411 2622 Templi

351 2648 384 2702 et
414 2639 625 2707 l'innocenoo
657 2647 826 2729 primitive
858 2644 898 2707 de
922 2642 1070 2722 l'Ordre‚
1103 2641 1124 2704 il
1149 2642 1234 2705 n'est
1259 2663 1321 2726 pas
1344 2637 1416 2700 dim

351 2737 510 2804 d’arreter
523 2765 567 2806 un
578 2743 752 2828 jugement
776 2766 831 2807 sur
854 2742 901 2806 les
926 2740 1100 2805 desordres
1125 2739 1241 2802 deson
1261 2739 1389 2802 dernier
1401 2739 1408 2772 ·'

352 2837 523 2903 desordres
556 2841 735 2925 analogues
765 2844 785 2904 h
810 2863 895 2904 ceux
924 2839 1067 2904 d’autres
1091 2837 1204 2901 ordres
1229 2837 1396 2920 religieux.

351 2936 441 3000 suffit
465 2937 506 3001 de
531 2961 721 3024 remarquer
745 2939 827 3002 dans
850 2937 897 3002 les
921 2937 1189 3019 interrogatoires
1212 2957 1281 3021 que
1302 2955 1411 3014 nousp

349 3031 452 3114 lions,
492 3059 549 3121 que
581 3037 625 3099 les
657 3037 861 3122 dendpotious
895 3046 965 3100 sont
996 3056 1130 3121 presque
1161 3045 1263 3098 toules
1294 3033 1404 3114 ideali]

352 3154 481 3197 commo
505 3137 532 3198 si
557 3134 634 3199 elles
658 3137 782 3199 etaient
806 3134 930 3198 dictdes
955 3133 1086 3218 d'aprbs
1119 3155 1162 3196 un
1188 3130 1413 3194 formulairer

351 3252 459 3311 venu3
491 3235 585 3318 qu'au
608 3235 766 3297 contraire
791 3231 837 3297 les
859 3255 963 3296 aueum
986 3241 1058 3295 soat
1076 3240 1146 3294 tous
1165 3228 1346 3314 defferente,
1371 3247 1405 3286 vo

351 3327 393 3392 de
418 3331 661 3395 circonstances
686 3330 848 3416 speciales
886 3340 1027 3394 souvent
1064 3331 1130 3392 tres
1153 3338 1287 3408 narres,
1332 3319 1412 3410 quil

352 3426 501 3493 donnent
524 3452 568 3493 un
593 3433 760 3494 caractere
784 3428 976 3514 particulier
1000 3426 1041 3491 de
1057 3427 1217 3491 veracite.
1250 3425 1302 3488 La
1318 3436 1410 3486 contr

351 3525 482 3590 devrait
505 3528 599 3591 avoir
623 3527 706 3609 lieu,
738 3529 765 3591 si
789 3527 835 3591 les
861 3549 972 3590 aveux
995 3525 1131 3588 avaient
1154 3525 1209 3588 ete
1227 3522 1340 3587 dictes
1367 3543 1403 3584 on

351 3801 470 3856 Gilletus
480 3801 556 3866 dicit,
577 3803 662 3869 „quod
672 3803 764 3856 hierar
776 3803 930 3871 suppositus
950 3800 1136 3868 questionibus
1149 3799 1177 3853 in
1189 3798 1303 3866 Templo
1323 3798 1398 3865 prul·

350 3881 529 3950 capcionem“
567 3882 636 3935 Erat
654 3883 697 3936 hio
717 3883 834 3937 Gilletus
859 3881 946 3935 irater
969 3881 1091 3935 serviens
1117 3879 1272 3944 „laborator
1299 3893 1398 3948 agmm

350 3969 440 4016 eustos
456 3961 637 4016 animalium.“
658 3962 827 4030 Templarius
846 3961 1001 4015 immediate
1019 3969 1085 4014 ente
1103 3974 1164 4014 eum
1182 3959 1304 4024 auditus,
1326 3959 1394 4012 blau

350 4040 383 4095 de
403 4043 498 4106 erres,
527 4042 598 4096 siout
617 4042 734 4096 Gilletus
761 4043 790 4096 in
808 4041 919 4108 Templo
937 4041 971 4095 de
990 4039 1147 4096 Serincourt
1165 4045 1300 4107 receptus,
1333 4055 1396 4108 spon

350 4121 460 4176 videtur
479 4121 557 4175 'varia
574 4121 711 4176 confessus
731 4129 800 4178 erat.
838 4120 915 4176 Unde
933 4119 1046 4188 negatio
1065 4117 1161 4173 Gilleti
1180 4118 1274 4174 habits
1294 4129 1339 4174 est
1359 4131 1387 4170 ur

350 4199 410 4264 dax,
431 4207 459 4254 et
469 4207 576 4255 tortura
589 4201 720 4257 adhibita.
752 4201 808 4256 Cir.
822 4201 989 4268 Jungmann,
1009 4199 1130 4254 Clemens
1143 4199 1167 4252 V
1187 4201 1241 4254 und
1254 4199 1299 4254 dia
1313 4197 1416 4254 Anlheh

350 4282 375 4340 d.
395 4281 1009 4350 Templeroruens,1nnsbmcherZeiuehrist
1029 4281 1061 4339 V.
1081 4283 1143 4337 688.
1417 4287 1418 4296 ’
