3000 4838
305 419 339 474 16
499 420 604 477 XXIII.
622 422 664 476 De
682 427 758 478 statu
776 423 877 478 Eccles.
895 423 979 490 priori
998 421 1084 476 medio
1102 437 1171 477 saec.
1192 422 1254 478 XII.

139 561 283 666 gilzfflf·
372 565 447 631 ·19.
493 565 617 646 Restat,
648 567 787 632 innuere
817 569 944 652 paucis,
976 564 1065 629 unde
1088 566 1213 630 factum
1238 567 1289 647 sit,
1323 575 1359 628 ut
1381 586 1421 628 ex

194 635 254 728 012⁶
304 659 400 726 bellis
423 663 525 727 sacris
555 683 622 726 non
646 665 847 749 provenerit,
881 663 969 750 quod
994 662 1237 746 intendebatur,
1270 662 1424 728 videlicet

302 759 456 824 liberatio
479 759 664 846 perdurans
676 761 799 826 Terrae
823 772 957 826 sanctae
981 770 1014 824 et
1028 761 1211 825 incolarum
1228 761 1299 847 ejus
1313 783 1333 825 a
1342 761 1424 846 jugo

304 856 559 939 Saracenorum,
598 881 804 946 regnumque
849 858 966 926 stabile
997 857 1261 924 Christianorum
1297 859 1332 922 in
1362 851 1439 921 illis

303 955 506 1041 regionibus.
538 957 643 1020 Erant
667 978 746 1021 sane
770 957 883 1021 variae
907 978 1027 1021 causae
1051 956 1093 1020 ob
1117 978 1199 1043 quas
1224 977 1297 1041 spes
1320 955 1424 1021 foveri

303 1063 441 1140 poterat,
465 1053 534 1118 fore
558 1063 596 1118 ut
617 1075 757 1138 regnum
773 1052 1113 1137 Hierosolymitanum
1134 1075 1332 1139 permanens
1355 1054 1425 1118 fun·

304 1152 378 1217 dari
401 1162 520 1238 posset.
559 1152 609 1216 Eo
634 1153 777 1238 pertinet
800 1151 958 1216 fortitudo
982 1161 1015 1216 et
1038 1151 1215 1235 abnegatio
1250 1160 1321 1215 tum
1357 1149 1425 1236 plu-

303 1250 464 1314 rimorum
488 1250 719 1330 cruciatorum,
743 1259 814 1313 tum
839 1248 983 1335 plurium
1007 1271 1123 1333 regum
1144 1271 1276 1335 quoque
1292 1259 1324 1311 et
1340 1250 1425 1334 prin·

303 1347 428 1433 cipum,
452 1349 509 1433 qui
533 1348 568 1411 in
592 1345 657 1411 illis
680 1346 872 1432 regionibus
895 1345 1059 1432 gubernio
1075 1355 1301 1432 susceperunt.
1329 1347 1425 1410 Prae·

305 1444 393 1509 clara
417 1446 506 1508 enim
530 1453 622 1529 gesta
646 1466 760 1509 eorum
784 1466 913 1508 summa
936 1443 1035 1509 laude
1052 1454 1084 1508 et
1093 1446 1312 1509 admiratione
1325 1443 1426 1528 digna

303 1551 392 1608 sunt.
439 1541 576 1607 Auinia
599 1563 730 1628 quoque
754 1563 797 1606 ex
821 1542 955 1628 Europa
979 1564 1044 1607 non
1069 1541 1255 1621 defuerunt,
1281 1551 1313 1604 et
1333 1539 1427 1606 Ordi-

304 1663 363 1705 nes
402 1651 569 1726 equestres
605 1651 801 1727 perpctuum
838 1638 1006 1725 quoddam
1040 1639 1241 1720 subsidium,
1280 1638 1427 1724 illudque

304 1737 403 1824 plane
436 1739 583 1822 insigne,
619 1737 874 1804 constituebant.
931 1738 1063 1802 Divisio
1094 1748 1203 1802 autern
1238 1738 1426 1823 principum

306 1835 555 1918 Saracenorum,
580 1843 613 1900 et
624 1834 720 1920 plura
743 1834 853 1900 felicia
876 1834 963 1901 bella
972 1835 1212 1920 Imperatorum
1223 1838 1427 1920 Optanorum

303 1955 345 1998 ea
368 1943 474 1998 aetate
498 1943 660 2018 suscepta,
685 1934 808 2018 passim
826 1931 1056 1997 Cruciatorum
1081 1931 1254 1997 conatibus
1278 1953 1344 1996 uon
1365 1952 1428 1994 me·

305 2031 409 2096 diocri
435 2040 528 2095 erant
551 2030 785 2096 emolumento

394 2129 448 2194 20.
478 2127 544 2193 Sed
568 2150 610 2193 ex
633 2128 736 2193 altera
760 2137 854 2214 parte
878 2128 1097 2192 dominationi
1122 2128 1237 2191 firmae
1261 2135 1294 2190 et
1317 2124 1428 2190 stabili

211 2245 214 2256 ’
305 2226 570 2292 Christianorum
602 2227 637 2291 in
661 2225 725 2290 illis
749 2225 941 2310 regionibus
965 2225 1070 2289 multa
1093 2225 1279 2291 obstabant.
1326 2223 1429 2286 Exer-

305 2327 391 2390 citus
415 2324 462 2389 illi
486 2325 649 2406 immensi,
682 2325 739 2409 qui
763 2345 806 2387 ex
829 2323 1012 2389 Occidente
1037 2325 1070 2387 in
1095 2321 1266 2388 Orientem
1290 2321 1429 2408 profecti

305 2434 391 2507 sunt,
416 2422 506 2488 haud
530 2431 642 2486 tamen
666 2422 891 2504 obtinuerunt,
921 2430 958 2485 ut
981 2419 1222 2486 Saracenorum
1246 2421 1430 2505 potentiam

306 2520 416 2586 valide
442 2529 657 2600 contererent,
683 2521 731 2584 uti
755 2518 789 2583 id
814 2541 855 2583 ex
880 2521 1006 2603 ingenti
1031 2519 1191 2604 ejusmodi
1213 2518 1347 2582 fortium
1373 2516 1430 2580 mi-

305 2619 401 2684 litum
425 2638 563 2682 numero
588 2619 774 2703 exspectari
789 2639 885 2703 posse
900 2616 1089 2681 videbatur.
1119 2616 1221 2681 Haud
1246 2616 1334 2680 enim
1360 2624 1431 2677 arte

294 2715 442 2806 ¹militari
466 2726 498 2780 et
514 2717 723 2799 strategetica
748 2713 812 2779 illis
836 2713 1027 2799 agminibus
1051 2717 1130 2779 satis
1154 2716 1324 2800 provisum
1349 2723 1430 2790 erat,

306 2836 368 2879 nec
391 2813 559 2900 provideri
583 2811 639 2876 illo
663 2822 811 2898 tempore
828 2813 907 2876 satis
923 2823 1060 2898 poterat,
1085 2824 1123 2876 ut
1137 2835 1266 2877 summa
1281 2810 1431 2897 pericula

305 2921 339 2976 et
368 2911 579 2977 incommoda
610 2909 861 2997 expeditionum
894 2912 927 2974 in
957 2910 1089 2975 dissitas
1120 2912 1270 2996 regiones
1294 2911 1431 2973 vincere

307 3019 448 3096 possent.
495 3009 585 3073 Hinc
608 3008 738 3072 defectu
763 3017 985 3089 commeatus,
1017 3008 1208 3093 epidemiis,
1234 3006 1431 3092 intemperie

306 3109 451 3192 regionis
472 3109 525 3171 cui
542 3105 775 3172 Occidentales
790 3127 857 3171 non
874 3117 968 3171 erant
983 3108 1116 3187 assueti,
1140 3106 1270 3171 insidiis
1284 3105 1431 3170 bostium

307 3206 373 3269 imo
406 3214 438 3268 et
470 3195 684 3286 Graecorum,
722 3202 857 3290 plurimi
890 3205 1094 3269 interierunt.
1143 3204 1209 3285 Qui
1243 3225 1321 3268 vero
1357 3211 1433 3288 post

305 3311 532 3388 expugnatam
556 3301 692 3367 Terram
728 3314 875 3366 sanctam
907 3313 1136 3368 remanserunt
1162 3303 1197 3366 in
1225 3301 1431 3387 praesidium

307 3422 484 3486 regnorum
508 3421 593 3486 quae
616 3398 763 3463 stabilita
782 3410 885 3481 erant,
910 3421 1048 3464 numero
1063 3421 1129 3466 non
1145 3398 1369 3480 sufficiebant,
1397 3407 1433 3461 ut

308 3519 393 3585 quae
416 3506 608 3583 expugnata
631 3507 725 3561 erant
740 3498 852 3562 valide
876 3507 1009 3584 possent
1024 3497 1172 3579 defendi,
1198 3519 1305 3583 neque
1323 3497 1432 3583 jactu·

307 3617 364 3660 rae
387 3597 466 3660 satis
490 3594 729 3681 reparabantur
759 3617 818 3681 per
840 3596 967 3661 auxilia
996 3619 1080 3682 quae
1105 3619 1147 3660 ex
1171 3595 1352 3662 Occidente
1378 3616 1432 3657 ve-

308 3693 455 3758 niebant.
509 3692 662 3780 Plerique
693 3695 781 3758 enirn
817 3694 953 3774 milites,
993 3705 1166 3781 postquam
1203 3717 1264 3780 per
1294 3690 1432 3778 aliquod

307 3793 465 3877 temporis
499 3793 642 3876 spatium
678 3793 712 3855 in
745 3790 935 3856 Palaestina
965 3790 1181 3873 dimicarent,
1219 3794 1253 3856 in
1287 3792 1431 3877 patriam

307 3888 573 3969 revertebantur3
605 3899 638 3952 et
661 3891 814 3975 quamvis
838 3890 981 3957 Ordines
1013 3900 1180 3976 equestres
1211 3912 1330 3975 magno
1354 3885 1431 3953 sub·

307 3986 393 4050 sidio
427 3997 544 4070 essent,
579 3989 695 4071 copiae
731 3997 842 4051 tamen
868 3985 1131 4053 Christianorum
1162 4009 1299 4053 numero
1332 3983 1433 4050 erant

309 4085 408 4148 nimis
446 4085 577 4168 exiguo.
631 4083 765 4149 Incolae
803 4095 913 4149 autern
958 4085 1087 4150 illarum
1124 4087 1315 4172 regionum,
1358 4093 1432 4148 tum

307 4182 508 4263 anteriores,
548 4192 617 4246 tum
654 4184 711 4268 qui
747 4204 789 4246 ex
811 4182 947 4269 Europa
982 4183 1137 4269 profecti,
1176 4183 1344 4248 domicilia
1384 4182 1431 4248 ibi
