2844 4840
257 467 342 535 Origo
360 466 465 522 dissidii
483 482 543 522 oum
562 466 686 536 Philippo
706 467 827 522 Pulchro.
1058 469 1091 524 27

11 611 144 674 tansferri
158 611 328 698 impediat.
344 647 387 658 -·
411 609 473 674 His
489 613 591 695 igitur
605 609 781 697 Philippus
804 611 942 676 adactus
958 612 1030 694 fuit,
1057 621 1092 676 ut

9 708 122 772 edictum
144 708 184 772 ab
209 711 280 794 ipso
295 707 400 772 latum
417 708 646 794 suspenderet3
670 719 769 795 atquc
793 710 841 774 sic
863 732 921 798 pro
945 719 1092 787 tempore

9 805 148 870 condictus
161 809 286 893 sopitus
302 817 361 871 est.
377 843 420 854 —-·
434 805 622 871 Bonifatius
635 829 713 871 vero
730 808 877 872 animum
893 809 927 871 in
945 806 1091 872 Galliam

7 905 111 990 ejusque
141 925 251 989 regem
286 925 484 990 propensum
522 906 623 969 etiam
653 926 691 968 eo
725 905 885 984 ostendit,
917 904 1005 990 quod
1036 903 1091 970 illo

7 1023 70 1064 cuno
86 1003 162 1066 1297
188 1002 242 1067 die
268 1003 326 1066 11⁰
342 1001 486 1087 Augusti
510 1001 700 1067 solemniter
723 1005 846 1088 peregit
873 1025 898 1068 s.
925 1002 1091 1067 Ludovici

5 1101 69 1182 regis
88 1101 378 1178 canonizationem,
412 1121 497 1186 quae
516 1101 589 1185 jam
613 1121 671 1186 per
694 1101 738 1165 24
761 1122 865 1165 annos
895 1108 1091 1185 praeparata

5 1209 62 1260 erat.
112 1197 176 1264 Sed
212 1197 427 1264 nihilominus
455 1200 588 1262 animus
623 1198 771 1285 Philippi
808 1199 929 1262 mansit
962 1197 1090 1262 exulce-

5 1309 70 1358 utus
90 1319 126 1360 ac
148 1295 302 1361 Pontifici
327 1295 490 1377 infensus,
522 1298 569 1360 ita
593 1305 630 1360 ut
654 1318 733 1360 mox
756 1296 931 1362 dissidium
955 1317 1091 1360 renova·

5 1405 77 1456 retur

69 1492 115 1556 28.
139 1491 263 1572 Restat,
288 1501 325 1554 ut
348 1491 388 1555 de
413 1489 655 1556 Constitutione
679 1491 736 1556 illa
764 1491 897 1558 Clericia
922 1492 1031 1569 laicos,
1060 1501 1145 1556 etx
1110 1501 1175 1551 Exeo
1176 1501 1254 1572 aditur

5 1583 33 1648 de
50 1541 316 1676 subsequentihus
339 1589 435 1653 factis
460 1588 628 1674 judicium
651 1589 807 1656 feramus.
863 1589 962 1670 Quod
991 1591 1092 1673 igitur
1107 1565 1172 1602 ΒΜ
1119 1563 1186 1665 ,¹2:¹1
1189 1561 1254 1666 iliis

5 1684 34 1744 cd
51 1689 90 1748 rei
110 1710 261 1752 mmmum
284 1689 411 1770 attinet,
446 1710 487 1752 ex
512 1688 611 1752 dictis
635 1688 809 1773 colligitur,
841 1689 963 1774 agendi
994 1693 1090 1754 ratio·

5 1801 65 1851 rem,
92 1805 156 1869 qua
178 1785 367 1850 Bonifatius
385 1808 464 1850 usus
488 1797 546 1867 est,
571 1786 770 1872 reprehendi
795 1809 861 1852 nou
884 1807 989 1873 posse.
1036 1787 1091 1852 Bt·

6 1881 65 1944 suin
90 1886 122 1946 1⁰
145 1886 178 1948 in
204 1883 270 1948 illis
293 1895 478 1970 temporum
503 1884 680 1970 adjunctis,
710 1887 758 1950 uti
783 1885 939 1962 vidimus,
967 1886 1091 1968 gravis·

6 1979 192 2045 iusserant
216 2004 346 2064 causae,
379 2003 439 2046 cur
461 1982 617 2048 Pontifex
650 2005 738 2048 nova
762 1982 1005 2048 Constitutione
1028 1982 1091 2048 Ec·
1118 2019 1125 2032 ·

8 2071 91 2140 desine
101 2079 245 2164 juribus,
271 2081 472 2144 immanitati
488 2090 522 2144 et
533 2079 678 2146 libertati
694 2081 894 2166 provideret.
911 2119 954 2128 -
976 2081 1016 2144 2⁰
1030 2080 1090 2145 Bo·

9 2172 106 2239 rifadns
128 2176 215 2242 nihil
239 2180 320 2242 novi
343 2177 524 2263 prohibuit,
555 2179 613 2244 sed
638 2181 773 2244 omnino
803 2181 923 2244 institit
950 2178 1091 2244 decretis

9 2274 240 2340 carmennum
269 2277 470 2342 Pontificum
500 2288 533 2341 et
556 2276 793 2344 Consiliorum.
846 2277 924 2343 Jam
948 2278 982 2342 in
1008 2275 1091 2342 Con·

10 2365 53 2432 dio
73 2371 287 2438 Lataranensi
312 2373 364 2439 III
388 2396 515 2443 canone
536 2374 623 2440 XIX
647 2375 757 2463 quoad
781 2378 971 2440 exactiones
995 2374 1091 2440 laico·

9 2487 50 2529 un
71 2471 100 2534 in
124 2471 282 2536 ecclesias
305 2474 478 2536 statuitur:
503 2471 569 2537 Suo
594 2475 804 2538 anathematis
825 2474 1023 2538 districtione
1046 2495 1090 2538 re·

10 2567 74 2628 nius
90 2569 302 2654 prohibemus,
325 2585 364 2634 ne
388 2571 426 2635 cle
450 2583 573 2636 caetero
597 2570 680 2636 tulin
697 2583 908 2658 praesument
923 2583 1089 2650 attentare,

10 2663 44 2723 ἐπ’
66 2669 229 2754 episcopus
262 2679 292 2732 et
323 2669 425 2734 clerus
458 2677 581 2734 tantum
608 2671 822 2734 necessitatem
848 2669 898 2734 uei
920 2668 1090 2734 utilitatem

11 2767 163 2846 spese-int,
186 2776 225 2830 ut
239 2766 354 2853 ubsque
377 2766 446 2831 ulle
460 2768 619 2832 coactione
644 2768 688 2832 uri
709 2766 897 2833 relevandus
918 2789 1093 2831 contmunes

14 2863 178 2944 mutuas,
202 2865 258 2928 ubi
281 2865 434 2930 isiconem
456 2888 521 2930 non
544 2877 715 2953 suppetunt
729 2865 918 2952 facultates,
946 2865 1091 2930 arisidia

12 2959 195 3026 aecclesias
228 2963 408 3028 smannwnt
437 2963 640 3050 conferenda.
695 2961 733 3027 Si
763 2973 867 3028 eutem
896 2961 1091 3028 consuleret

13 3049 90 3120 lide
111 3069 236 3124 caetero
259 3060 295 3124 id
314 3033 589 3147 praesumpserint
611 3072 641 3125 et
664 3062 842 3126 commatri
864 3063 1013 3129 desistere
1037 3083 1090 3126 no·

13 3155 96 3234 crtus,
125 3169 190 3222 turn
214 3159 281 3244 ipsi
309 3171 373 3223 turn
401 3183 508 3223 eornrrn
531 3159 684 3245 fautores
713 3160 1027 3223 erccommunicutioni
1058 3183 1089 3224 se

14 3255 110 3316 urant
131 3257 304 3346 mejucere.
354 3254 538 3322 Concilium
561 3257 785 3322 Lateranense
801 3257 861 3335 IV,
886 3279 958 3322 can.
976 3255 1090 3320 XLIV

12 3346 89 3415 utilia
111 3355 239 3436 statuit,
263 3365 296 3418 et
320 3375 394 3419 can.
418 3354 533 3418 XLVI
565 3354 723 3434 decernit,
748 3353 789 3418 ab
814 3355 978 3440 episcopis
1002 3353 1090 3439 Apo-

12 3443 115 3514 nlicam
130 3451 254 3518 Sedem
279 3451 516 3517 consulendam
533 3475 614 3533 csse,
640 3461 818 3538 antequam
842 3451 936 3516 laicis
958 3452 994 3516 in
1011 3473 1091 3516 casu

14 3548 172 3614 metatis
206 3549 357 3616 subsidia
387 3572 428 3615 ex
464 3550 559 3616 bonis
590 3549 823 3616 ecclesiasticis
854 3550 1088 3616 concedantur.

13 3635 41 3701 lis
59 3665 236 3712 consouum
259 3659 309 3712 est
332 3648 502 3713 decretum
526 3648 713 3713 Alexandri
728 3649 787 3728 IV,
812 3670 877 3734 quo
896 3669 984 3712 anno
1003 3648 1090 3712 1260

13 3753 87 3805 turm
109 3743 292 3829 prohibuit,
316 3768 358 3810 ne
381 3745 466 3810 laica
490 3756 635 3832 potestas
649 3745 840 3832 hujusmodi
865 3768 964 3812 onera
989 3745 1089 3811 eccle·

12 3831 108 3904 unicis
129 3845 214 3908 viris
240 3844 434 3929 imponeret.
441 3845 466 3926 ¹)
505 3844 650 3910 Proinde
665 3843 886 3910 Bonifatius
874 3866 949 3929 Jure
973 3845 1089 3910 merito

14 3929 28 3994 i
46 3935 229 4027 Philippum
251 3963 362 4027 regem
387 3944 573 4028 rescripsit:
602 3940 790 4008 Constitutio
805 3953 914 4006 nostru
938 3940 1090 4025 (Clericis

12 4027 84 4115 dcis)
106 4041 134 4100 si
157 4039 204 4104 ad
227 4039 361 4104 rieden
387 4062 510 4104 seruum
539 4063 603 4104 non
634 4041 780 4104 nudatur·
806 4042 988 4126 postposito
1019 4063 1090 4105 con·

13 4171 176 4194 *Q

53 4248 155 4311 ¹lSs1ti
174 4251 284 4306 Deerat.
301 4250 332 4304 L.
353 4249 404 4304 111.
424 4251 468 4307 tit.
488 4252 531 4306 ⁸23.
551 4267 572 4307 c.
593 4255 617 4306 1.
