2814 4848
308 467 364 520 416
503 463 634 519 XXVIII.
654 464 694 517 De
712 467 787 526 stetu
806 461 946 518 societatis
965 463 1057 518 christ.
1076 477 1145 516 saec.
1165 461 1241 518 XIII.

145 609 288 712 ‘lamb
308 607 436 672 consilii
449 608 715 694 fulcimentum.¹)
747 606 887 689 Scripsit
910 609 1008 672 etism
1033 605 1075 672 ad
1092 627 1186 689 reges
1202 628 1241 670 ac
1255 607 1398 691 principes

264 700 270 712 ’
308 715 345 770 ut
374 717 519 770 oratores
549 705 593 769 ad
622 703 810 769 Concilium
842 707 1020 770 mitterent.
1067 704 1133 768 Sed
1158 704 1343 768 Fridcricus
1369 723 1398 764 er

307 804 385 868 inde
409 825 469 889 per
492 801 603 867 dolum
628 824 668 866 ac
691 803 761 866 vim
785 803 950 886 synodum
975 805 1082 884 istam,
1108 804 1143 866 in
1168 825 1235 887 qua
1258 802 1398 886 depositio

307 903 360 966 nis
389 901 586 966 sententiam
611 911 726 964 contra
757 902 866 987 ipsum
898 903 1149 986 pronuntiatum
1181 903 1221 964 iri
1248 899 1398 964 verebatur

307 1000 468 1085 impedire
492 1008 630 1063 conatus
654 1009 712 1065 est.
759 998 889 1083 Sparsis
912 1001 946 1063 in
972 1001 1190 1064 christianum
1215 998 1327 1062 orbern
1348 997 1398 1060 littt

306 1101 362 1181 ris,
401 1107 540 1162 terrores
570 1121 609 1162 ac
640 1100 748 1162 minas
780 1101 813 1162 in
838 1100 975 1185 eosqui
1009 1119 1044 1162 se
1068 1097 1179 1160 itineri
1219 1096 1398 1178 accingerer

306 1195 524 1278 circumtulit,
549 1197 670 1260 infesta
702 1195 915 1260 venientibus
938 1197 1050 1260 lutura
1073 1196 1210 1274 itinera,
1235 1215 1313 1258 cum
1336 1195 1365 1256 in
1384 1213 1397 1252 e

306 1293 436 1378 synodo
460 1294 638 1359 conflanda
661 1293 823 1358 adversus
847 1296 957 1380 ipsum
975 1294 1160 1379 conjuratio
1177 1301 1282 1372 esset3
1306 1313 1344 1354 ae
1364 1311 1396 1352 no

307 1393 349 1457 de
366 1391 576 1456 concilianda
602 1413 698 1477 pace,
725 1391 783 1455 sed
802 1391 843 1457 de
866 1391 953 1456 bello
975 1391 1187 1455 tractandum
1203 1387 1397 1454 contendebs

308 1489 406 1570 Quod
446 1512 488 1553 ex
520 1491 592 1574 ipsa
622 1489 868 1574 pontificiarum
901 1488 1085 1554 litterarum
1119 1493 1204 1554 serie
1244 1512 1280 1554 se
1320 1489 1398 1552 elicer

302 1585 470 1674 jactabat3
518 1609 620 1672 quum
659 1609 698 1650 ea
736 1588 894 1651 nimirum
933 1587 1082 1652 obscuris
1122 1589 1234 1653 verbis
1269 1585 1398 1671 cogenda

307 1677 426 1769 synodi
450 1707 551 1749 causa
575 1686 757 1762 afferretur,
782 1687 876 1750 utin
900 1685 1000 1751 rebus
1024 1687 1137 1751 arduis
1162 1687 1339 1774 dubiisque
1361 1707 1398 1747 rot

307 1784 381 1848 silia
404 1785 544 1847 certiora
568 1782 718 1868 expediri
743 1793 886 1868 possent.
921 1783 1032 1871 Atque
1057 1807 1135 1848 mox
1150 1783 1291 1872 Alpium
1316 1786 1398 1848 faces

307 1883 380 1946 vias
403 1880 565 1967 publicas,
590 1881 690 1944 maris
712 1903 787 1944 oras
820 1891 852 1945 et
874 1893 997 1966 portus,
1029 1883 1191 1947 militibus
1215 1885 1358 1946 munivit
1378 1901 1398 1944 ct

307 1978 472 2060 stodibus,
510 1979 632 2065 quibus
655 1978 747 2062 larga
770 1982 922 2063 promisit
946 1983 1107 2065 praemia,
1145 1983 1172 2045 si
1198 1983 1398 2045 venientesa

308 2077 486 2142 concilium
512 2075 679 2163 praesules
702 2079 947 2162 interciperent.

396 2202 450 2266 31.
475 2199 687 2265 Praesulibus
711 2211 822 2266 tamen
847 2203 997 2266 animum
1014 2201 1145 2267 addidit
1161 2203 1320 2267 Pontifex
1343 2217 1398 2264 novt

307 2299 425 2364 litteris
450 2301 577 2380 missis3
603 2301 658 2385 qui
684 2309 817 2363 etcum
841 2300 1069 2364 anuensibus
1094 2312 1190 2386 pacta
1214 2301 1366 2369 confecit,
1393 2293 1398 2397 l

309 2399 428 2462 itinere
456 2398 622 2460 maritimo
652 2419 847 2482 percorum
881 2420 983 2462 naves
1006 2421 1046 2461 ac
1071 2398 1191 2462 milites
1224 2399 1397 2484 episcopie

308 2493 428 2574 Gallia,
455 2495 627 2581 Hispania,
653 2495 776 2580 Anglia
801 2506 832 2558 ct
855 2496 929 2560 aliis
953 2497 1145 2582 regionibus
1164 2520 1282 2562 secure
1300 2497 1397 2561 Ronrat

308 2594 560 2659 deducerentur.
608 2593 674 2658 Sed
695 2595 880 2678 Imperator
903 2593 1131 2678 praevalidam
1157 2595 1298 2658 classem
1325 2617 1362 2656 ex
1383 2585 1397 2658 d

309 2691 392 2756 culis
416 2701 448 2754 et
472 2691 602 2754 Pisanis
625 2691 668 2754 ad
693 2692 952 2776 intercipiendos
977 2693 1058 2755 mari
1076 2693 1245 2777 praesules
1262 2681 1397 2756 exstruxi

310 2794 364 2854 cui
388 2789 526 2854 Entium
552 2788 691 2852 nothum
716 2811 823 2870 suunt,
849 2789 974 2854 dictum
1000 2789 1175 2855 Sardiniae
1198 2813 1325 2874 regern,
1349 2809 1396 2873 pra

309 2890 399 2953 fecit.
460 2886 623 2966 Quamvis
656 2898 766 2951 autern
800 2887 956 2951 Pontifex
993 2886 1139 2972 legatum
1175 2909 1275 2952 suum
1310 2888 1396 2958 Jnnut

308 2996 461 3072 agentern
485 2983 548 3050 hac
573 2985 671 3049 dere
695 2987 868 3049 certiorem
893 2985 1093 3050 reddidisset
1116 3009 1155 3050 ac
1179 2979 1396 3065 monuissetl

310 3092 558 3170 praepotentem
582 3081 720 3147 classem
735 3093 892 3168 pararent
916 3085 1016 3148 etiarn
1033 3084 1230 3166 Januenses,
1256 3085 1315 3148 cui
1332 3083 1395 3146 lrost

310 3204 377 3246 non
401 3191 509 3245 essent
532 3203 642 3266 pares,
676 3191 786 3245 tamen
820 3180 1023 3265 negligentia
1053 3181 1198 3268 quadam
1229 3181 1395 3244 factnmd

311 3290 348 3344 ut
371 3303 438 3344 non
463 3280 542 3342 satis
566 3279 797 3363 provideretur
813 3280 982 3342 securitati
1000 3278 1199 3363 praesulum.
1248 3277 1362 3358 Quum
1378 3277 1395 3414 iq

310 3388 365 3442 tur
387 3388 453 3442 tres
478 3375 672 3440 Cardinsles
704 3389 802 3462 atque
827 3375 913 3440 ultra
937 3387 1070 3441 centum
1095 3375 1265 3461 praesules
1300 3398 1339 3439 ac
1368 3395 1385 3458 p

311 3475 407 3540 inulti
431 3475 486 3540 alii
516 3474 731 3538 ecclesiastici
756 3475 976 3538 Januensium
1012 3473 1165 3554 navibus,
1198 3495 1277 3538 cum
1303 3475 1394 3560 armet

310 3595 383 3638 rum
410 3595 520 3654 manu,
546 3595 612 3638 non
637 3574 759 3655 exigua
783 3572 929 3657 quidem,
953 3572 1012 3636 sed
1036 3594 1103 3636 non
1119 3571 1314 3652 sufficienti,
1338 3583 1383 3632 trs

312 3672 520 3752 veherentur,
553 3671 767 3754 Imperatoris
791 3668 905 3734 classis
937 3692 992 3734 eos
1022 3669 1138 3751 adorta
1168 3680 1227 3750 est,
1263 3679 1297 3734 et
1327 3689 1364 3752 pe

311 3778 440 3833 tantum
466 3768 656 3853 praesulum
680 3768 810 3854 elapsis,
843 3767 970 3854 aliquot
994 3770 1027 3833 in
1053 3791 1143 3832 mare
1168 3768 1338 3846 demersis,
1367 3759 1393 3840 rt

312 3868 369 3951 qui
394 3888 508 3930 omnes
532 3887 608 3930 cum
633 3876 775 3952 quatuor
806 3864 953 3930 millibus
986 3865 1127 3930 rnilitum
1151 3865 1371 3932 Januensium

312 3965 542 4050 captivitatem
560 3963 723 4028 Friderici
746 3964 871 4028 redacti
897 3975 983 4031 sunt.
1031 3963 1063 4027 ls
1088 3963 1171 4028 dura
1195 3985 1252 4028 eos
1276 3963 1378 4028 tenuit

388 4248 408 4315 ¹)
430 4249 478 4315 Ap.
499 4247 633 4314 Rsynald.
653 4263 676 4301 a.
700 4247 775 4300 1240.
796 4261 822 4300 n.
842 4247 884 4301 53.
