2822 4838
294 467 349 522 970
544 477 547 484 “
563 467 665 525 XXVI.
684 467 725 522 De
742 467 908 523 Pontificatu
928 465 1080 522 iunocentii
1099 465 1152 521 111.

295 612 439 696 speciem
463 611 544 697 ipsis
567 609 817 698 relinqueretur,
843 619 876 674 et
899 611 1045 675 maxime
1070 609 1217 674 influxus
1240 609 1336 693 regis,
1358 609 1402 670 cui

295 709 418 792 passim
442 707 683 794 sejungebant
706 709 863 794 episcopi,
897 729 966 772 rem
991 706 1170 772 dirimeret.
1217 705 1248 771 A
1270 727 1346 791 rege
1367 705 1403 768 fa·

295 805 452 870 cultatem
484 806 656 871 electionis
687 817 798 892 petere
828 805 1033 891 cogebantur
1069 802 1234 886 monachi,
1265 805 1294 869 is
1321 823 1403 866 soum

295 903 512 969 candidatum
542 903 756 986 obtrudebat,
788 914 821 970 et
851 905 878 968 si
908 925 1006 990 quern
1031 902 1200 988 eligebant
1221 902 1251 966 ei
1275 923 1341 966 non
1363 923 1403 964 ac·

296 1011 438 1088 ceptum,
476 1002 566 1067 hunc
589 1000 770 1088 rejiciebat
818 1001 908 1067 ilinc
931 1001 1054 1066 factum
1085 1010 1143 1082 est,
1182 1001 1277 1064 utin
1301 1001 1403 1086 quavis

295 1099 364 1163 lere
410 1099 569 1165 electione
606 1100 849 1187 archicpiscopi
888 1099 1139 1164 Cantuariensis
1175 1099 1403 1162 controversias

296 1198 551 1262 exardescerent
573 1200 660 1264 inter
683 1197 864 1262 monachos
891 1195 1158 1280 cantuarienses,
1191 1198 1363 1282 episcopos
1383 1207 1403 1258 et

294 1317 406 1379 regem
421 1295 574 1380 Angliae,
599 1295 680 1361 dum
704 1294 859 1360 monachi
883 1317 942 1381 pro
967 1294 1055 1359 virili
1080 1292 1266 1358 libertatem
1292 1293 1403 1358 electio

295 1394 348 1456 nis
371 1392 436 1457 sibi
460 1405 646 1479 competere
670 1393 918 1475 contenderent,
943 1403 976 1456 et
996 1394 1096 1457 etiam
1120 1393 1148 1456 si
1171 1390 1213 1456 de
1236 1391 1326 1456 facto
1349 1413 1403 1476 pes

296 1491 358 1554 sim
383 1491 548 1573 cederent,
573 1502 684 1556 nmen
708 1491 921 1560 vindicarent
943 1491 1007 1555 sibi
1027 1492 1106 1576 jura
1129 1511 1197 1554 sua.

200 1617 214 1646 ο
261 1617 286 1645 ιι-
385 1589 439 1654 54.
487 1589 599 1670 Quum
630 1589 837 1655 Humbcrtns
867 1589 1138 1675 archiepiscopus
1170 1586 1403 1652 Centuariensit

166 1678 181 1707 ²
202 1680 272 1710 ⁰⁰⁸⁵·
297 1686 351 1751 die
378 1688 436 1752 13⁰
451 1686 535 1754 Julii
558 1689 638 1752 anni
664 1686 751 1752 1205
775 1709 967 1773 supremum
991 1686 1080 1752 diem
1104 1685 1249 1766 obiisset,
1269 1685 1403 1771 juniore

296 1785 460 1868 monachi,
498 1795 535 1849 ut
561 1785 700 1851 liberam
724 1795 918 1850 exercerent
948 1783 1153 1862 electionem,
1191 1793 1290 1848 nocte
1322 1795 1353 1846 ct
1373 1804 1403 1846 se

295 1892 383 1948 creto
409 1893 646 1966 convenerunt,
679 1893 779 1970 atque
802 1885 837 1948 in
860 1903 1084 1948 successorem
1108 1881 1287 1946 Humberti
1320 1881 1402 1966 elego

295 1991 373 2046 runt
395 1980 609 2069 Repiooldum
636 1981 844 2068 subpriorem
869 1982 1069 2047 monasterii.
1118 1979 1230 2059 Quum
1255 2003 1337 2045 vcro
1361 2001 1403 2044 net

294 2080 382 2162 regis
411 2079 580 2145 licentiam
619 2101 681 2144 nec
713 2079 901 2166 praesulum
932 2080 1222 2166 participationem
1254 2102 1295 2144 ea
1326 2082 1359 2144 in
1384 2101 1403 2142 n

295 2175 498 2260 habuissent,
537 2199 607 2242 rem
641 2177 834 2242 discrimine
857 2176 990 2264 plenam
1014 2199 1049 2241 se
1072 2178 1257 2262 suscepisse
1297 2178 1403 2268 optimi

295 2285 551 2361 perspexerunt3
584 2274 673 2340 unde
697 2277 807 2340 conati
832 2285 909 2340 sunt
932 2297 1032 2363 quam
1057 2275 1227 2340 celerrime
1251 2273 1403 2344 electioni

295 2369 402 2437 iactae
425 2374 710 2439 confirmationem
733 2396 753 2439 a
777 2373 862 2439 Sede
886 2373 1078 2460 Apostolica
1101 2372 1267 2455 obtinere,
1300 2383 1338 2438 ut
1361 2373 1402 2436 ha

295 2472 422 2536 ratione
446 2470 547 2537 robur
569 2473 735 2537 invictum
760 2471 807 2536 illi
831 2471 1025 2558 adjicerent.
1072 2471 1186 2557 Ipsum
1210 2473 1317 2555 igitur
1330 2471 1402 2555 Regi

295 2568 431 2635 naldum
456 2571 596 2636 Romam
621 2569 824 2657 deputavere
848 2572 977 2635 itineris
993 2587 1127 2634 causam
1144 2570 1359 2652 occultantes,
1382 2593 1402 2634 a

290 2667 509 2753 jurejurando
534 2668 627 2733 illum
644 2667 903 2751 obstrinxerunt,
928 2691 970 2732 ne
985 2691 1055 2733 rem
1072 2669 1312 2748 manifestaret,
1337 2683 1402 2736 autc

296 2785 395 2848 quarn
428 2765 616 2831 Innocentii
640 2765 692 2830 111
723 2788 895 2830 assensum
928 2765 1133 2831 obtinuisset.
1180 2765 1247 2831 Sed
1271 2759 1402 2852 Reginal

296 2860 368 2944 dus,
408 2865 479 2928 sive
503 2865 706 2952 imprudenti
740 2865 898 2944 vanitate,
937 2865 1008 2928 sive
1039 2863 1105 2928 alia
1135 2865 1263 2930 ratione
1294 2865 1401 2930 ductus

295 2959 536 3048 archiepiscopi
561 2963 656 3028 electi
680 2960 813 3026 titulum
837 2963 1026 3048 assumpsit,
1055 2961 1256 3048 simulatque
1279 2962 1401 3048 Anglia

295 3061 452 3124 terminos
476 3083 625 3146 egressus
648 3069 707 3125 est
755 3059 821 3125 Ubi
854 3082 932 3124 vero
964 3059 1048 3125 baec
1080 3061 1114 3125 in
1138 3059 1262 3145 Anglia
1295 3065 1401 3152 innota

296 3168 402 3240 erunt,
425 3158 594 3244 praesules
618 3157 706 3223 illico
731 3156 905 3244 deputatos
929 3159 1063 3224 nuntios
1086 3158 1225 3222 Romam
1251 3163 1401 3224 miserunt

296 3265 462 3320 utcontra
478 3255 655 3340 Reginaldi
679 3254 875 3320 electionem
900 3257 972 3320 sine
996 3259 1142 3342 ipsorum
1166 3259 1400 3344 participatior

295 3350 417 3417 factam
441 3363 708 3440 protestarentur.
756 3354 827 3418 Rex
851 3363 962 3418 autem
986 3353 1135 3420 Joannes
1159 3375 1294 3420 omnem
1320 3355 1400 3420 movi

294 3448 450 3535 lapidem,
482 3463 642 3538 utquam
667 3453 737 3537 ipse
760 3450 896 3516 volebat
917 3453 1063 3518 Jooaues
1089 3451 1217 3539 &cyrae
1247 3457 1400 3540 episcopo

295 3547 526 3632 Norwicensis,
567 3551 601 3614 in
631 3549 744 3613 sedem
769 3549 1043 3614 Cantuariensem
1079 3549 1285 3614 eveheretur.
1337 3552 1400 3616 iliu

295 3646 467 3732 episcopos
491 3648 644 3728 adduxit,
669 3657 706 3711 ut
721 3649 843 3733 scripto
868 3647 1067 3712 documento
1092 3650 1160 3712 suis
1183 3649 1338 3734 partibus
1362 3647 1399 3712 ha

295 3744 330 3808 in
353 3744 514 3810 electione
537 3748 776 3827 renuntiarent,
801 3767 923 3831 easque
946 3747 1016 3830 regi
1042 3745 1226 3830 deferrent3
1251 3769 1319 3833 quo
1337 3749 1399 3812 laet

297 3840 512 3908 Cantuariam
544 3845 745 3930 properavit,
782 3853 815 3908 et
847 3843 1020 3908 monachis
1045 3842 1234 3927 eligendum
1259 3847 1295 3910 in
1321 3845 1399 3910 areb}

295 3941 490 4026 episcopum
530 3943 702 4028 proposuit
738 3940 904 4007 Joannem
948 3940 1132 4028 praesulem
1163 3941 1399 4008 Norwicenseu

295 4035 376 4102 Pars
404 4041 515 4103 sanior
546 4038 783 4103 monachorum
813 4039 1015 4124 intelligens,
1046 4049 1187 4125 quantas
1218 4040 1336 4106 turbas
1367 4043 1398 4104 in

296 4137 437 4220 provida
455 4137 628 4222 juniorum
652 4137 772 4221 agendi
797 4140 881 4202 ratio
905 4146 991 4202 esset
1006 4139 1202 4220 excitatura,
1226 4139 1398 4203 electioner

295 4233 473 4318 Reginaldi
504 4257 567 4300 ceu
597 4232 722 4299 nullam
752 4235 880 4321 habuit,
914 4259 953 4301 ac
981 4237 1051 4321 regi
1075 4235 1233 4300 obsecuta
1256 4237 1398 4302 Joanner
