2844 4840
330 475 473 530 Processm
491 479 586 528 contra
603 472 775 542 Templarios.
1064 475 1114 530 107

18 631 43 682 et
62 629 176 706 septem
200 620 316 683 fratres
341 619 522 682 servientes
545 620 789 686 examinarunt.
821 617 944 682 Milites
956 617 1014 699 illi,
1030 619 1116 682 inter

17 739 83 802 quos
104 726 194 781 erant
216 715 281 780 duo
305 716 549 802 Praeceptores,
574 715 665 780 nulla
687 714 840 779 adhibita
862 725 997 798 tortura,
1022 718 1116 780 varia

15 815 137 878 crimina
160 814 298 878 confessi
322 823 407 880 sunt.
457 813 575 894 Quoad
592 813 709 878 fratres
732 815 913 878 servientes
936 814 1116 879 advertunt

15 913 210 976 commissarii
233 913 268 975 in
293 933 353 975 sua
377 911 419 975 ad
442 911 638 975 Pontificem
661 910 830 994 relatione,
855 933 910 976 eos
933 912 1017 977 nihil
1041 935 1115 977 con·

14 1010 99 1074 fessos
121 1033 198 1091 esso,
223 1011 283 1073 etsi
308 1019 452 1073 torturae
476 1008 617 1094 subjecti
642 1009 774 1075 fuerint.
807 1007 872 1074 Sed
889 1010 971 1075 alios
987 1013 1114 1075 existis

12 1107 152 1172 fratribus
172 1129 343 1194 nunquam
367 1107 513 1193 aliquam
542 1107 767 1173 conditionem
797 1111 1048 1174 eminentiorem
1080 1113 1114 1174 in

11 1203 121 1270 Ordine
145 1204 309 1285 habuisse,
342 1204 425 1269 alios
449 1207 483 1270 in
507 1205 679 1270 laboribus
703 1206 893 1272 durioribus
916 1208 1116 1294 peragendis

9 1313 171 1388 occupatos
186 1302 238 1367 vel
256 1303 350 1368 brevi
366 1313 495 1368 tantum
511 1314 659 1390 tempore
672 1303 790 1370 Ordini
804 1305 987 1391 adscriptos
1002 1306 1113 1372 fuisse.

8 1399 84 1464 Hinc
114 1400 196 1465 forte
226 1401 385 1465 fratribus
416 1400 480 1465 illis
508 1413 634 1466 secreta
665 1401 721 1466 illa
755 1404 896 1466 crimina
923 1403 1013 1468 haud
1038 1414 1116 1469 nota

8 1497 104 1564 inisse.
118 1501 143 1580 ¹)
203 1499 397 1583 Raynalclus
443 1499 713 1584 archiepiscopus
750 1501 1015 1566 Ravennatensis
1061 1524 1116 1566 eos

8 1595 198 1682 Templarios
213 1619 296 1683 quos
315 1599 522 1662 examinavit
545 1619 618 1661 reos
641 1619 706 1662 non
732 1621 802 1662 esse
821 1599 998 1684 judicavit.
1016 1639 1058 1647 —
1076 1601 1116 1664 In

8 1693 159 1779 llispania
181 1717 312 1782 quoque
336 1719 356 1759 a
379 1697 611 1760 commissione
634 1696 999 1783 pontificiaTemplarii
1024 1697 1114 1763 haud

7 1796 43 1856 rei
65 1816 134 1858 esse
158 1795 286 1859 inventi
310 1804 397 1858 sunt.
433 1794 473 1858 In
491 1793 677 1879 Assegonia
702 1797 734 1858 vi
758 1797 949 1860 restiterunt
972 1819 1114 1883 suasque

6 1893 213 1974 possessiones
251 1894 470 1958 retinuerunt.
516 1892 697 1978 Templarii
735 1893 929 1959 Lusitaniae
966 1895 1046 1980 iuga
1079 1917 1112 1960 se

6 1991 139 2054 examini
162 1989 405 2055 subduxerunt.
429 2029 472 2038 -
495 1991 536 2054 ln
554 1989 736 2055 Germania
759 1991 903 2076 benigne
925 1996 1055 2059 tractati
1081 1986 1247 2097 otlgmlfflf
1261 1987 1285 2026 ¹¹¹

5 2090 174 2170 generatim
214 2090 406 2152 innocentes
438 2088 582 2174 judicati
618 2099 703 2155 sunt.
753 2089 864 2170 Quum
888 2091 1052 2175 Moguntii
1077 2094 1112 2157 in
1157 2068 1265 2098 smne.

5 2185 116 2267 synodo
142 2209 172 2251 a.
197 2187 283 2251 1310
306 2186 422 2250 habita
447 2187 487 2250 de
512 2189 642 2272 negotio
666 2187 930 2274 Templariorum
954 2201 1115 2274 ageretur,

5 2286 166 2368 apparuit·
187 2285 222 2348 in
256 2307 295 2348 ea
320 2284 417 2368 Hugo
449 2301 559 2348 comes
583 2283 841 2350 Commendator
870 2286 1000 2372 Templi
1040 2310 1116 2351 cum

5 2383 110 2463 viginti
136 2382 304 2449 fratribus.
352 2383 463 2447 Indati
495 2383 603 2447 tabita
637 2385 688 2447 eni
714 2385 856 2464 Ordinis,
887 2387 942 2450 hoc
966 2397 1011 2450 eet
1035 2385 1117 2450 albis

5 2480 103 2564 palliis
127 2504 197 2544 cum
221 2501 309 2544 nuce
331 2480 429 2544 reden
449 2493 571 2560 assecta,
596 2492 688 2546 erant
704 2505 807 2546 omncs
824 2483 879 2546 snb
888 2483 1007 2569 palliis
1018 2485 1117 2570 probe

5 2581 152 2659 aranas)
200 2577 283 2643 Inde
314 2581 506 2664 perterritus
537 2589 585 2643 eet
607 2581 724 2644 Petrus
747 2581 1017 2666 archiepiscopus
1041 2603 1116 2646 eum

5 2675 128 2761 reliquis
147 2676 314 2763 praelatis,
334 2677 555 2762 comitemque
569 2679 676 2742 amice
692 2680 834 2764 excepit.
858 2680 892 2743 Is
908 2701 983 2743 cum
997 2702 1119 2764 magna

5 2773 225 2858 indignatione
250 2785 449 2861 protestatus
472 2788 522 2840 est
546 2776 587 2840 de
611 2778 802 2840 innocentia
826 2775 975 2862 Ordinis,
1007 2779 1116 2865 appel·

5 2869 221 2958 lationemqne
244 2874 391 2957 porrexit
418 2871 461 2936 ad
484 2874 609 2959 Papam
634 2873 793 2939 futurum.
840 2875 1115 2941 Protestationem

5 2969 143 3050 synodus
167 2971 308 3055 accepit,
333 2980 365 3034 et
382 2971 564 3056 Templarii
589 2971 700 3036 verbis
722 2973 854 3037 lenibus
878 2974 1004 3038 dimissi
1029 2987 1116 3040 sunt.

5 3063 39 3128 ite
68 3067 111 3131 ad
140 3066 346 3132 Clementem
380 3069 498 3150 delata,
534 3070 689 3134 Pontifex
714 3075 851 3154 monuit,
887 3082 924 3136 ut
947 3073 1117 3157 indagatio

5 3166 174 3250 prudenter
198 3167 433 3251 institueretur,
459 3190 524 3254 qua
548 3167 636 3233 facta
660 3193 689 3233 a.
711 3169 792 3234 1311
818 3170 999 3257 Templarii
1025 3173 1116 3236 citati

5 3265 36 3326 3ss
72 3264 236 3328 declarati
281 3275 357 3328 sunt
395 3267 595 3332 innocentes.
643 3305 686 3313 -
733 3265 819 3332 Acta
865 3269 1116 3354 inquisitionum

5 3383 84 3446 porro
110 3362 155 3426 ad
180 3363 376 3427 Pontificem
401 3366 595 3428 transmissa
619 3375 705 3446 eunt,
731 3375 764 3430 et
786 3365 828 3430 ab
854 3368 924 3452 ipso
948 3368 1116 3453 variisque

5 3459 159 3545 leputatis
183 3464 375 3525 examinata
398 3461 541 3528 fuerunt.
577 3462 657 3526 Illae
681 3464 912 3549 inquisitiones,
937 3465 1058 3529 dicitur
1081 3467 1115 3529 in

5 3557 83 3624 bulla
111 3559 212 3642 „Vox
237 3561 270 3623 in
295 3558 458 3644 excelso“,
482 3560 691 3647 quaefactae
715 3573 825 3625 conta
852 3561 1001 3626 Ordinem
1018 3585 1115 3648 prac-

5 3656 122 3722 l'tntum
139 3657 289 3743 ftaerant,
316 3657 359 3721 ad
381 3670 523 3722 nostrane
546 3682 676 3723 examen
699 3663 858 3740 remissae,
883 3661 1038 3746 qttnednm
1056 3683 1118 3746 per

62 3927 82 3993 ¹)
100 3927 178 3980 Acta
198 3923 264 3978 hsce
281 3923 439 3980 Florentino
458 3939 492 3980 ex
510 3924 674 3980 bibliotheca
693 3925 828 3979 Vaticana
853 3926 1011 3996 deprompta
1030 3927 1116 3996 publi-

5 4008 63 4060 avit
81 4007 203 4075 primum
216 4003 361 4068 iniectans,
381 4003 422 4058 La
440 4004 562 4060 doctrine
580 4007 683 4060 secrete
702 4005 748 4059 des
760 4005 908 4073 Templiers
921 4023 946 4075 p.
967 4009 1115 4062 lte-212.

5 4085 92 4140 'iratis
109 4083 283 4155 prsejndieis
301 4099 335 4138 ex
353 4084 426 4139 hisce
444 4085 514 4139 actis
533 4091 628 4140 contra
646 4084 811 4152 Templarios
830 4086 937 4151 exoriri,
958 4086 1015 4155 jam
1034 4097 1116 4144 antea

5 4167 151 4222 averterat
168 4163 289 4218 Thciner
306 4165 335 4219 in
354 4165 469 4233 epistole
487 4165 522 4219 sd
540 4165 654 4220 citatum
673 4171 810 4221 auctorem
828 4166 901 4220 data.

61 4252 83 4318 ²)
103 4247 214 4302 Mutine
233 4243 329 4300 chron.
349 4260 392 4313 ap.
412 4244 512 4301 Pistor.
530 4246 567 4300 11.
587 4261 612 4314 p.
633 4246 693 4301 211.
