2916 4842
330 423 382 477 144
491 422 588 476 XXIV.
610 423 650 477 De
668 423 786 478 dissidiis
805 424 936 480 Frideriei
955 425 969 478 Ι
987 441 1047 479 oum
1066 425 1097 478 n.
1118 425 1302 481 Pontificibus.

157 565 318 670 ⁰⁰²¹⁶¹¹·111⁴;²0·
328 567 440 651 Atque
472 588 589 631 revera
620 567 682 631 hoc
716 565 901 632 Concilium
939 571 1189 634 oecumenicum
1222 570 1274 634 XI
1304 570 1425 657 (Latera-

183 641 233 670 Μ’
285 659 290 670 ’
328 685 429 728 nense
452 664 518 745 III)
543 686 656 730 mense
679 666 798 730 Martio
823 669 902 733 anni
921 669 1005 731 1179
1030 666 1182 731 habitum
1206 678 1256 732 est
1278 667 1426 752 tribusque

327 761 528 827 sessionibus
558 761 755 827 absolutum.
808 763 1046 829 Convenerunt
1075 764 1150 851 plus
1178 787 1277 852 quam
1310 767 1426 829 trecenti

328 862 473 946 episcopi
498 860 599 942 (302),
623 861 776 947 permulti
801 861 938 926 abbates
962 863 1084 948 aliique
1108 863 1236 945 clerici,
1268 886 1307 928 ac
1337 863 1425 927 nautii

327 962 395 1026 fere
419 960 566 1023 omnium
591 960 836 1045 imperatorum,
860 981 986 1045 regum,
1011 962 1203 1047 principum
1234 963 1333 1026 totius
1362 959 1427 1023 chri·

327 1058 514 1138 stianitatis,
539 1057 585 1120 ita
607 1066 645 1120 ut
668 1059 799 1121 circiter
827 1056 918 1122 mille
949 1081 1110 1144 personae
1143 1059 1270 1143 synodo
1295 1057 1428 1123 interfue-

327 1157 402 1220 rint.
450 1155 503 1219 Ex
520 1153 655 1219 Oriente
680 1155 858 1220 adfuerunt
873 1155 1061 1222 Gulielmus
1076 1157 1157 1242 Tyri
1182 1159 1354 1243 episcopus
1375 1155 1428 1219 alii·

327 1275 391 1339 que
421 1253 546 1339 aliquot
576 1251 743 1337 praesules
778 1253 995 1320 Palaestinae.
1050 1255 1222 1319 Praesedit
1258 1253 1432 1319 Alexander

326 1351 492 1433 Pontifex,
526 1349 778 1437 Consiliumque
808 1373 845 1416 eo
870 1375 969 1439 scopo
993 1351 1146 1417 habitum
1171 1364 1228 1434 est,
1262 1362 1299 1416 ut
1323 1353 1429 1416 euscio·

328 1450 484 1514 derentur
506 1448 694 1513 schismatis
717 1449 891 1535 reliquiae,
925 1450 1226 1515 condemnarentur
1256 1461 1432 1515 enascentes

327 1548 488 1628 haereses,
513 1557 546 1611 et
568 1549 795 1611 restitueretur
822 1571 862 1611 ac
885 1547 1072 1612 firmaretur
1095 1548 1272 1634 disciplina
1297 1547 1429 1613 ecclesia·

327 1649 419 1712 stica.
476 1645 525 1709 Eo
558 1647 724 1731 pertinent
758 1647 857 1710 etiam
893 1645 1026 1710 decreta
1062 1669 1119 1710 seu
1155 1669 1299 1711 canones
1330 1645 1432 1730 viginti:

326 1753 462 1830 septem,
487 1745 544 1828 qui
569 1743 631 1808 hac
656 1744 781 1829 synodo
807 1744 931 1809 conditi
956 1754 1042 1810 sunt.
1076 1744 1219 1810 Iuvabit
1236 1767 1279 1808 ex
1303 1746 1371 1809 istis
1392 1765 1432 1805 ca*

327 1841 470 1908 nonibus
495 1863 752 1905 commemorare
775 1844 919 1927 primum
944 1843 986 1906 de
1019 1841 1168 1907 electione
1198 1846 1311 1908 summi
1341 1843 1432 1906 Ponti-

317 1942 393 2028 ficis
416 1949 449 2004 et
471 1939 623 2004 ultimum
648 1941 686 2003 de
710 1941 882 2005 haereticis.

156 2053 279 2094 Decretum
290 2056 318 2094 de
416 2039 470 2104 49.
496 2037 616 2119 Quoad
640 2037 834 2102 electionem
858 2041 977 2103 summi
993 2039 1164 2104 Pontificis
1179 2041 1352 2104 statuitur:
1377 2036 1432 2102 Sta*

170 2117 294 2156 ‘'mam‘'
326 2139 451 2216 tuimur,
481 2149 516 2201 ut
539 2143 567 2200 si
585 2136 686 2222 forte,
720 2138 846 2200 inimico
871 2138 991 2201 bomine
1015 2140 1283 2224 superseminante
1314 2136 1432 2207 sunnia,

325 2237 409 2299 inter
435 2232 625 2300 Cardinalcs
649 2234 688 2298 de
712 2234 927 2300 substituendo
951 2235 1100 2320 Pontijlce
1130 2259 1193 2299 non
1210 2239 1356 2324 potuerit
1378 2257 1432 2298 corr

326 2332 435 2396 cordia
454 2331 555 2418 plena
578 2355 653 2410 esse,
685 2345 715 2398 et
738 2333 861 2398 duabus
881 2334 1029 2420 partibus
1057 2334 1323 2399 concordantibus
1355 2333 1432 2396 tertia

323 2455 403 2518 pars
425 2431 564 2495 noluerit
586 2431 786 2510 concordare,
811 2443 868 2496 aut
891 2432 953 2496 sibi
976 2432 1074 2496 alium
1088 2435 1344 2520 praesumpserit
1366 2429 1432 2516 ordi

325 2556 424 2598 reare:
447 2529 502 2594 illc
527 2531 691 2594 Romanus
714 2529 866 2615 Pontifen
888 2529 1051 2608 lrabeatur,
1079 2533 1134 2615 qui
1157 2555 1177 2593 a
1200 2531 1326 2595 duabus
1344 2527 1432 2616 parti*

327 2629 382 2694 bna
397 2630 505 2716 fuerit
528 2625 641 2690 electus
669 2637 699 2690 et
721 2639 872 2714 receptus.
899 2677 906 2692 .
933 2679 939 2692 .
966 2677 972 2692 .
999 2627 1037 2692 Si
1060 2651 1081 2692 a
1098 2628 1308 2714 paucioribus
1333 2627 1432 2712 aliquis

327 2750 420 2813 quam
443 2751 463 2789 a
488 2723 611 2789 derebus
632 2725 780 2810 partibus
801 2725 909 2811 fuerit
937 2725 1051 2790 electus
1074 2727 1118 2790 ad
1141 2724 1352 2812 Apostolatns
1382 2715 1432 2810 effi

326 2827 421 2904 mum,
454 2823 521 2887 nisi
550 2827 653 2912 major
683 2824 853 2886 concordia
886 2825 1114 2903 intercesserit,
1146 2817 1329 2888 nuliatenus
1363 2847 1432 2888 assu

326 2934 440 2987 matur.
465 2971 472 2984 .
499 2971 506 2986 .
535 2974 540 2986 .
565 2921 618 2984 Ea·
640 2921 695 2984 boc
720 2931 823 2984 tamen
845 2919 968 2985 nubium
990 2923 1150 2986 canonicis
1174 2921 1432 2987 constitutionibus

327 3033 356 3086 et
380 3020 454 3085 aliis
478 3017 697 3084 ecclesiastic-is
721 3018 817 3102 (forts
836 3017 996 3104 ecclesiis)
1014 3020 1252 3110 praejudicium
1273 3033 1432 3106 parceretur

326 3122 361 3183 in
383 3117 495 3204 quibus
517 3118 649 3207 majoris
672 3127 701 3180 ct
724 3117 864 3182 sanioris
888 3120 999 3203 partis
1021 3117 1110 3182 debet
1133 3121 1290 3183 sententia
1308 3141 1432 3206 praesa<

327 3213 400 3296 lere,
426 3218 501 3303 pria
524 3213 608 3302 quod
630 3215 665 3277 in
688 3215 733 3279 eis
757 3214 885 3278 dubium
907 3218 1037 3294 uenerit,
1061 3217 1236 3303 superioris
1254 3220 1378 3302 poterit
1392 3219 1432 3305 ju

327 3315 409 3378 dicio
434 3314 569 3396 definiri.
616 3313 656 3376 Ia
678 3313 827 3376 Romana
850 3335 921 3376 cero
938 3311 1068 3378 ecclesia
1087 3313 1212 3399 aliquid
1224 3315 1365 3400 speciale
1381 3337 1432 3378 con

326 3413 491 3494 stimtitur,
516 3413 592 3497 qnia
614 3433 679 3475 non
695 3421 804 3497 potest
823 3434 966 3476 recursus
988 3413 1031 3476 ad
1056 3413 1248 3498 superiorem
1265 3413 1388 3478 baberi.
1405 3447 1432 3458 -

326 3511 420 3575 Haec
454 3509 623 3595 dispositio
657 3507 779 3572 exinde
811 3529 941 3594 semper
964 3511 1073 3595 viguit
1104 3532 1209 3596 usque
1232 3510 1274 3574 ad
1300 3521 1432 3597 tempore

326 3618 447 3673 nostra.
471 3644 515 3655 -
540 3604 676 3670 Canone
690 3604 827 3669 XXVII
851 3605 890 3669 de
912 3607 1077 3672 haereticis
1102 3608 1271 3672 statuitur:
1298 3607 1432 3672 Sieatai

327 3705 519 3784 beatusLea
544 3703 617 3767 licet
640 3701 853 3768 ecclesiastiea
877 3703 1059 3792 disciplina,
1084 3705 1278 3770 sacerdotali
1301 3715 1432 3771 contente

318 3803 455 3893 judicio,
490 3812 637 3866 cruentas
664 3825 728 3865 non
762 3799 883 3888 efficiat
904 3801 1055 3882 elnonae,
1088 3803 1312 3868 catholicorum
1347 3817 1432 3868 tamer

321 3902 506 3988 principum
529 3899 801 3964 comtitutionibus
829 3901 1011 3989 adjuvatur,
1043 3911 1079 3965 ut
1101 3925 1195 3988 saepe
1219 3913 1378 3987 quaerant
1398 3903 1432 3962 be

326 4000 425 4062 mines
447 3996 589 4063 salutare
612 3997 792 4076 remedium,
824 3998 898 4062 dum
921 3999 1085 4086 corporale
1116 4021 1213 4086 super
1244 4022 1276 4064 se
1310 4011 1432 4064 matura

327 4098 448 4161 evenire
472 4094 672 4184 supplicium.
719 4097 903 4182 Eapropter
926 4099 1001 4182 quia
1032 4101 1067 4162 in
1085 4095 1258 4176 Gasconia,
1283 4096 1432 4185 Albapesie

327 4205 357 4258 et
374 4195 526 4282 partibus
555 4193 720 4258 Tolosanis
751 4204 781 4257 et
812 4192 888 4257 aliis
917 4193 995 4258 iocis
1024 4197 1072 4259 ita
1100 4195 1338 4276 baereticorum,
1374 4217 1432 4282 qna
