2832 4844
266 437 321 492 494
466 435 595 489 XXVIII.
616 435 655 489 De
674 410 750 488 statu
769 435 909 490 societatis
928 436 1019 492 christ.
1039 455 1107 494 saec.
1127 440 1202 495 XIII.

268 601 371 666 quum
398 580 470 665 jam
501 578 625 642 bellum
649 579 822 642 imminere
847 577 1017 645 videretur
1048 581 1090 646 ob
1119 586 1257 650 nimiam
1280 564 1410 650 Caroli*

268 680 460 764 potentiam,
487 699 603 762 pacem
621 676 814 741 conciliavit
831 676 1079 744 conditionibus
1094 681 1267 769 Rudolpho
1292 685 1393 749 valde

268 778 432 861 acceptis,
473 775 627 840 Carolum
669 795 799 860 quoque
836 774 958 858 adegit,
999 788 1036 841 ut
1073 785 1271 846 senatoriam
1299 783 1393 847 urbis

269 874 465 958 dignitatem
491 874 680 960 deponeret,
712 871 867 956 editaque
892 871 1135 943 Constitutione
1161 883 1261 963 cavit,
1291 904 1332 946 ne
1359 885 1394 945 in

267 981 435 1058 posterum
467 970 542 1036 talis
576 971 721 1054 dignitas
751 969 886 1052 regibus
916 982 975 1035 aut
1006 977 1215 1064 principibus
1247 983 1395 1044 externis

268 1072 482 1134 conferretur.
536 1069 689 1153 Seipsum
729 1088 824 1152 porro
872 1081 1057 1135 senatorem
1096 1076 1139 1139 ad
1178 1079 1283 1141 vitam
1321 1078 1394 1141 fieri

267 1190 458 1254 procurans,
483 1169 683 1232 senatorium
708 1187 830 1230 munus
854 1165 931 1230 dein
951 1169 1052 1253 jussit
1067 1194 1125 1258 per
1141 1197 1216 1238 suos
1241 1187 1395 1260 parentes

267 1267 335 1331 fere
367 1289 426 1352 per
457 1266 540 1330 duos
570 1287 674 1330 annos
705 1263 941 1328 administrari.
989 1267 1099 1334 lllotus
1123 1273 1157 1336 in
1183 1271 1310 1337 Ordine
1337 1275 1394 1337 nii-

268 1387 395 1446 norum,
436 1364 557 1450 quibus
590 1362 688 1427 valde
720 1361 874 1426 addictus
906 1371 986 1439 erat,
1027 1364 1271 1434 Constitutione
1303 1373 1396 1434 Esiit

268 1485 475 1549 compescere
500 1463 637 1527 studuit.
685 1461 852 1525 Idunum
877 1459 1014 1524 Nicolao
1039 1463 1090 1529 ΙΙΙ
1114 1468 1281 1553 objicitur,
1306 1471 1396 1555 quod

268 1583 363 1626 suam
389 1561 585 1626 Ursinorum
609 1560 770 1624 familiam
794 1559 935 1621 nimium
960 1559 1102 1626 evehere
1125 1568 1217 1630 nisus
1242 1570 1295 1633 sit.
1347 1569 1396 1632 Ex

267 1683 326 1725 sex
351 1657 586 1724 Cardinalibus
617 1659 704 1726 enim
739 1676 821 1742 quos
854 1657 989 1737 creavit,
1026 1669 1091 1725 tres
1124 1663 1224 1750 hujus
1249 1666 1396 1730 familiai·

267 1769 378 1840 erant,
412 1768 511 1845 atque
545 1759 645 1820 etiam
676 1755 871 1841 propinquis
902 1753 996 1818 laicis
1020 1760 1131 1844 ampla
1163 1763 1307 1827 eontulit
1333 1787 1396 1827 mu-

266 1880 357 1923 nera.
403 1857 510 1921 Erant
523 1866 651 1919 ‘tamen
681 1856 745 1917 viri
779 1851 826 1916 illi
858 1853 984 1916 meritis
1012 1877 1052 1918 ac
1080 1857 1213 1924 dotibus
1239 1864 1396 1947 insignes,

267 1956 376 2040 obque
411 1957 554 2018 rationes
589 1952 743 2038 politicas
778 1949 912 2014 videtur
946 1950 1104 2019 Nicolaus
1141 1963 1326 2038 censuisse,
1363 1984 1396 2024 ea

266 2056 394 2117 ratione
425 2051 623 2117 firmandam
654 2072 725 2114 esse
757 2071 850 2112 suam
884 2051 1124 2121 auctoritatem.
1172 2055 1330 2123 Obviam
1355 2063 1396 2122 vi·

268 2151 388 2214 delicet
411 2149 566 2213 studebat
589 2147 746 2212 Nicolaus
768 2148 821 2212 ΙΙΙ
854 2147 956 2211 nimio
981 2149 1123 2215 influxui
1150 2151 1263 2221 Caroli
1289 2157 1395 2222 Andr·-

268 2251 424 2332 gavensis
447 2259 480 2311 et
502 2248 657 2311 factionis
677 2246 805 2331 ¹ipsius3
837 2245 1013 2330 Rudolplro
1037 2247 1121 2334 Imp.
1148 2253 1288 2337 quidem
1313 2257 1398 2320 faxo-

268 2347 335 2428 bat,
362 2348 498 2432 ejusque
523 2346 768 2408 coronationem
793 2346 828 2407 in
843 2344 1081 2430 Imperatorem
1099 2351 1210 2413 animo
1227 2352 1396 2418 volvebar.

269 2445 366 2509 simul
396 2455 508 2508 tamen
533 2443 633 2507 Italos
657 2444 742 2506 tueri
767 2442 935 2507 nitebatur
963 2453 1078 2508 eontra
1106 2469 1266 2513 excessus
1291 2468 1398 2515 aueto-

267 2545 376 2607 ritatis
400 2541 592 2628 imperialis,
618 2550 650 2603 et
665 2540 798 2604 firmare
822 2549 1016 2626 potestatem
1041 2544 1174 2609 civilem
1192 2546 1297 2612 Sedis
1315 2551 1397 2636 Apo-

269 2640 415 2707 stolicae.
462 2641 506 2704 Et
529 2641 682 2725 quamvis
707 2658 749 2701 ex·
773 2636 901 2702 familia
925 2639 1122 2705 Ursinorum
1146 2643 1261 2728 plures
1288 2645 1399 2712 Cardi-

269 2738 361 2804 nales
386 2749 522 2818 crearet,
554 2760 659 2802 unum
682 2747 794 2800 tamen
819 2738 920 2801 etiam
945 2736 1061 2823 selegit
1085 2761 1127 2803 ex
1155 2739 1397 2810 Columnarum

270 2837 448 2920 (Colonna)
465 2837 693 2922 potentissima
710 2836 821 2919 stirpe,
847 2857 932 2920 quae
945 2835 1188 2902 Gibellinorum
1205 2843 1399 2908 tendentias

271 2934 480 3021 sequebatur.
528 2933 594 3000 Sed
619 2955 660 2998 ex
684 2934 855 3018 inopinato
876 2931 1034 2997 Nicolaus
1048 2935 1101 3000 III
1125 2937 1313 3023 apoplexia
1338 2965 1398 3006 cor·

269 3042 383 3118 neptus
415 3033 469 3097 die
493 3034 554 3096 22⁰
577 3030 720 3116 Augusti
753 3034 833 3095 anni
860 3032 945 3097 1288
970 3032 1141 3112 occubuit,
1176 3046 1209 3099 et
1236 3037 1308 3102 sub
1334 3041 1399 3125 ejus

272 3153 459 3196 successore
483 3130 673 3196 tendentiae
697 3131 867 3216 oppositae
890 3129 1158 3214 praevaluerunt.

101 3237 259 3276 ”wumv-
364 3231 437 3294 128.
484 3227 622 3294 Carolus
652 3228 668 3291 1
703 3225 837 3290 Siclliae
864 3248 924 3291 rex
957 3239 1099 3293 cesserat
1130 3230 1270 3316 quidem
1307 3233 1398 3299 Nico·

269 3329 313 3393 lai
330 3329 381 3392 ΙΙΙ
398 3329 514 3413 vigori,
537 3328 672 3412 ejusque
689 3323 859 3411 postulatis
876 3326 1052 3390 obsecutus
1076 3338 1162 3408 erat3
1186 3349 1314 3396 verum
1330 3345 1396 3418 post

270 3427 441 3492 Pontifieis
465 3437 613 3504 mortem,
649 3424 969 3509 praeponderantem
994 3447 1089 3489 suum
1114 3425 1288 3492 influxum
1314 3455 1397 3494 recu-

271 3548 397 3612 perare,
437 3535 470 3588 et
503 3525 697 3587 eleotIonem
727 3523 898 3587 Pontificio
936 3525 999 3610 ipsi
1037 3523 1181 3589 faventis
1215 3547 1395 3610 procurare

271 3625 362 3688 nisus
395 3633 454 3687 est.
517 3622 619 3686 Venit
656 3623 757 3706 igitur
789 3621 997 3704 Viterbium,
1028 3631 1060 3686 et
1090 3622 1151 3687 sub
1182 3623 1257 3709 ejus
1294 3629 1395 3712 auspi·

272 3725 332 3786 ciis
356 3723 433 3786 dein
457 3720 643 3784 Richardus
668 3719 708 3782 de
732 3719 1024 3802 Annibaldeschis,
1055 3723 1112 3806 qni
1137 3723 1271 3786 civitati
1300 3725 1394 3788 domi·

271 3820 423 3900 nabetur,
448 3819 644 3884 seditionem
660 3819 857 3903 provocavit
871 3818 1120 3883 Viterbensium
1137 3820 1171 3883 iu
1188 3817 1394 3886 Cardinales.

272 3919 347 3983 Duo
365 3916 558 3982 Cardinales
576 3917 687 3981 Ursini
713 3915 844 4000 injuriis
867 3917 978 3980 affecti
1002 3926 1034 3979 et
1050 3916 1219 3980 custodiae
1245 3921 1391 3984 mandati

272 4017 414 4098 fuerunt,
447 4014 634 4079 Cardinalis
666 4034 798 4100 quoque
826 4011 968 4077 Latinus
997 4024 1138 4078 vexatus
1170 4015 1289 4100 fuisse,
1328 4030 1391 4080 ets

272 4114 425 4180 conclavi
448 4113 622 4193 abductus,
650 4121 764 4198 postea
797 4119 907 4174 tamen
938 4112 1088 4176 redditus
1118 4133 1187 4176 esse
1222 4111 1393 4196 videtur.¹l

346 4256 367 4324 ²)
387 4254 420 4310 V.
440 4252 571 4320 Reynald.
591 4268 616 4308 a.
637 4250 713 4305 1281.
733 4267 759 4306 n.
781 4253 804 4306 1.
