2868 4844
294 419 348 472 2⁸0
528 418 657 472 XXXIII.
677 419 718 472 Dc
736 433 836 486 magno
856 417 1009 474 Οοώᾰοιηίε
1028 419 1182 474 schlamate.

297 560 465 626 Convenit
494 562 604 646 igitur,
637 564 683 625 uti
717 562 874 643 diximus,
906 563 993 627 inter
1021 560 1217 626 Cardinales
1248 563 1396 647 utriusque

296 657 518 724 Obedientise
534 660 576 724 de
592 659 809 724 convocando
824 660 917 726 Pisas
934 657 1085 724 Concilio
1109 659 1268 743 generali,
1289 661 1320 724 in
1334 681 1397 744 qno.

296 754 426 820 duobus
457 757 595 822 aemulis
619 756 840 822 Pontificibus
868 756 912 822 ad
936 759 1119 822 cessionem
1137 779 1250 843 guam
1280 779 1398 843 spopor

295 854 413 918 derant
429 854 598 940 perculsis,
621 865 681 920 aut
703 857 864 920 canonico
887 854 1019 941 judicio
1041 858 1277 935 exauctoratis,
1299 857 1399 918 unicus

295 961 329 1015 et
357 951 526 1036 legitimus
557 953 710 1018 Pontifex
746 953 932 1040 eligeretur.
986 951 1153 1020 Statrtum
1187 965 1238 1017 est
1266 953 1308 1018 ab
1335 957 1399 1039 ipsis

295 1053 429 1136 pariter,
467 1061 503 1114 ut
541 1051 639 1116 ambo
678 1053 910 1136 competitores
942 1051 1125 1135 Gregorius
1153 1051 1223 1116 XII
1255 1063 1289 1118 et
1317 1051 1401 1115 liene

296 1150 405 1213 dictus
430 1148 514 1214 XIII
546 1149 588 1212 ud
614 1148 799 1214 Concilium
833 1159 1041 1230 vocarentur,
1073 1150 1145 1235 ejus
1173 1148 1314 1213 decretis
1334 1151 1399 1234 pui-

296 1249 380 1328 turi3
420 1249 448 1310 si
483 1267 562 1311 vero
601 1247 716 1310 adesse
748 1257 939 1324 renuerent,
981 1247 1168 1312 Concilium
1204 1245 1401 1312 nibliominus

296 1343 483 1424 baberetur,
509 1355 541 1408 et
564 1344 651 1429 quod
677 1367 694 1408 e
718 1366 753 1408 ro
778 1344 948 1410 Ecclesiae
968 1345 1074 1426 foret,
1088 1345 1292 1410 decerneret.
1336 1344 1421 1420 (br,

297 1443 389 1508 vonit
422 1441 574 1522 ulterius,
615 1453 650 1504 ut
680 1441 861 1526 Gregorius
899 1465 938 1507 ae
969 1443 1185 1519 Benedictus,
1227 1441 1400 1507 Cardinole

297 1541 460 1620 absentes,
485 1541 631 1626 episcopi
655 1539 780 1626 aliique
796 1540 947 1626 praelati,
973 1541 1134 1620 docteres,
1159 1563 1256 1622 reges
1278 1553 1311 1605 et
1334 1543 1398 1626 prio

297 1640 387 1724 cipes
418 1639 452 1702 in
485 1639 639 1702 universo
670 1637 748 1704 orbe
780 1637 942 1704 catholic'o
973 1641 1113 1725 quisque
1141 1661 1161 1702 a
1185 1638 1421 1703 Cardinolibnr

297 1757 377 1800 suae
401 1735 504 1822 partis
528 1757 585 1800 seu
610 1733 831 1801 Obedientiae
861 1736 903 1800 ad
929 1735 1117 1800 Concilium
1146 1750 1399 1802 convocarentur.

386 1871 440 1932 42.
470 1867 615 1932 Litterae
640 1871 893 1933 convocatoriae
917 1871 1036 1932 missae
1060 1869 1102 1934 ud
1121 1869 1340 1934 Benedictum
1362 1869 1400 1931 dir

301 1969 359 2030 140
374 1967 395 2031 J
398 1965 456 2029 ulii
470 1989 498 2032 a.
516 1965 600 2030 1408
615 1968 792 2052 inscriptae
805 1975 917 2030 erant:
943 1965 1149 2030 Sanctissimo
1165 1969 1400 2032 Dominarum

297 2064 567 2141 BenedictoXIII,
577 2065 778 2128 miseratione
789 2065 899 2129 divina
910 2087 1026 2128 summo
1036 2065 1189 2148 Pontifici,
1208 2065 1279 2129 Deo
1292 2063 1399 2128 Ioulia

297 2175 327 2226 ct
349 2163 454 2226 devoti
477 2174 628 2240 oratores,
653 2163 815 2248 Episcopi,
840 2161 1020 2248 Presbyteri
1043 2174 1072 2224 et
1095 2163 1237 2227 Iliaco-ai
1261 2163 1294 2230 S.
1319 2165 1354 2229 Ii,
1375 2161 1400 2223 tt

301 2260 490 2326 Cardiuales
513 2283 596 2324 auae
614 2263 646 2323 ia
666 2259 804 2324 Liburno
823 2261 959 2324 lisuraa
985 2259 1136 2323 dica-esis
1159 2263 1338 2333 existentes,
1358 2284 1402 2344 prr

297 2357 386 2422 trebie
410 2371 440 2422 et
464 2359 540 2422 aliis
562 2360 832 2423 reverendisse'mis
851 2357 1011 2436 Patribus,
1036 2359 1173 2421 domiais
1194 2356 1402 2423 cardinalitas

293 2479 355 2543 pro
378 2481 460 2520 aare
485 2456 675 2545 absentibus,
701 2456 789 2520 uobis
804 2447 1047 2520 adhaerentibus
1071 2467 1101 2520 et
1124 2455 1296 2521 adhaerere
1321 2455 1402 2519 ralis·

298 2553 379 2618 tibus
403 2556 436 2618 ia
460 2556 517 2618 Irae
538 2565 642 2641 porte,
676 2577 743 2617 vrum
767 2552 906 2641 supplici
929 2565 958 2616 at
983 2553 1096 2618 clevata
1119 2555 1422 2628 recommendationi

299 2653 398 2715 atrim
430 2653 562 2716 bominis
594 2654 817 2738 sospitatem.¹)
871 2651 1062 2716 Generatim
1096 2649 1292 2716 Cardinales
1321 2653 1396 2715 Bene
1421 2657 1422 2662 ’

298 2751 377 2814 dicti
404 2749 492 2814 buno
516 2771 592 2814 oum
617 2752 803 2814 reverentia
828 2759 1027 2828 tractarunt3
1068 2747 1221 2813 acerbius
1253 2743 1422 2814 antemio

297 2847 494 2932 Gregorium
519 2870 589 2912 sese
613 2859 785 2932 gesserunt
800 2846 994 2911 Cardinalcs
1019 2847 1099 2933 ejus,
1124 2869 1270 2934 eousque
1295 2867 1405 2934 progre-

298 2946 436 3028 dientes,
469 2956 505 3011 ut
529 2946 583 3009 die
607 2945 668 3010 29⁰
692 2946 834 3031 Augusti
860 2945 1071 3009 Cardinalem
1096 2943 1291 3029 Philorgum
1322 2945 1395 3008 nomi

298 3054 416 3108 nerent
451 3045 706 3129 gubernatorem
739 3043 908 3108 Marcbiae
940 3043 1172 3108 Anconitanae
1212 3055 1245 3106 et
1285 3043 1406 3106 ducatus

298 3142 478 3229 Spoletani.
504 3181 546 3190 —
572 3143 696 3208 Versus
711 3163 858 3206 mensem
876 3141 1063 3224 Augustum
1090 3164 1118 3206 a.
1139 3139 1223 3204 1408
1243 3142 1315 3226 jam
1332 3141 1406 3203 Pisas

299 3239 494 3305 Cardinales
517 3262 588 3304 ecee
612 3240 831 3304 contulerunt,

387 3367 441 3431 43.
489 3365 598 3430 Ambo
641 3365 878 3430 contendentes
918 3363 1100 3449 Gregorius
1146 3375 1178 3425 et
1222 3361 1405 3426 Benedicta·

298 3474 413 3527 contra
436 3463 530 3528 istam
558 3461 698 3528 Consilii
724 3464 998 3526 convocationem
1022 3473 1181 3548 tanquam
1208 3483 1276 3528 uon
1301 3461 1403 3523 iactam

298 3585 317 3624 a
341 3560 489 3647 legitima
513 3564 709 3627 auctoritate
733 3560 964 3626 reclamarunt.
996 3557 1189 3624 Cordinales
1215 3581 1295 3626 vero
1318 3555 1356 3624 sd
1377 3576 1404 3616 aa

298 3681 383 3745 quse
408 3659 454 3723 illi
479 3661 701 3746 opponebant,
726 3657 977 3745 responderunt,
1009 3657 1159 3746 quaeda
1184 3657 1404 3722 convocatione

299 3769 332 3822 et
347 3756 571 3844 praesidentia
584 3758 724 3823 Concilii
742 3759 775 3822 iu
788 3758 865 3844 jure
880 3767 1070 3821 statuuntur
1090 3768 1159 3820 tum
1178 3754 1285 3820 solum
1302 3751 1404 3818 babere

299 3856 418 3929 locum,
450 3853 583 3942 qnando
608 3879 694 3920 unus
730 3865 762 3920 et
797 3855 956 3920 indubius
980 3864 1029 3918 est
1051 3853 1216 3936 Pontifex,
1250 3877 1315 3920 non
1342 3871 1403 3914 vero

299 3954 433 4039 quando
468 3953 533 4017 duo
567 3953 608 4017 ‹le
642 3955 836 4040 pontificatu
866 3953 1081 4032 contendunt,
1112 3973 1252 4038 quorum
1285 3949 1402 4016 obscura

376 4204 398 4276 Ι)
418 4203 496 4271 apes
516 4202 614 4265 assu,
634 4203 664 4256 r,
685 4202 732 4257 x1.
751 4202 782 4259 r.
803 4201 838 4258 ιι.
858 4217 879 4258 0.
899 4203 977 4256 arro.
