2814 4840
295 453 349 506 116
492 452 621 505 XXVIII.
642 452 681 505 ne
699 456 775 505 statu
794 451 934 504 societatis
953 450 1045 505 christ.
1065 467 1134 506 saec.
1155 449 1232 504 XIII.

298 595 351 659 vol
375 594 538 678 sirniles.¹)
586 595 761 659 Praeterea
785 597 982 659 omittuntur
1012 596 1045 658 in
1071 593 1242 658 donatione
1269 593 1335 657 illae
1355 615 1395 676 ap.

134 703 277 752 Arsurum
298 693 491 779 pellationes
515 693 708 757 officialium
732 695 829 776 regis,
854 715 939 780 quae
964 714 1000 756 eo
1019 703 1166 776 tempore
1190 695 1224 756 in
1242 715 1300 756 usn
1315 707 1395 760 crant,

161 767 258 805 mmm
297 791 454 856 videlicet
477 789 653 868 senescalli,
678 790 813 872 baillivi,
837 793 1027 877 praepositi,
1050 793 1252 867 vicecomites,
1275 788 1395 852 cillonem

296 894 451 979 majorcs;
482 888 547 954 alia
572 899 682 952 autem
707 891 842 953 nomina
867 888 1078 970 adhibentur,
1104 912 1189 976 quae
1214 911 1252 952 eo
1276 900 1395 972 tempore

296 987 444 1052 nondum
477 997 570 1051 erant
602 989 635 1050 in
662 1009 732 1068 usu,
765 1009 840 1050 cum
866 986 1006 1050 dicitur:
1044 987 1192 1068 „Horum
1217 998 1325 1050 tenorc
1347 987 1395 1046 nni·

296 1086 401 1149 versis
417 1086 620 1174 justitiariis,
655 1085 823 1170 officiariis
857 1094 889 1148 ct
917 1084 1059 1148 subditis
1082 1087 1201 1148 nostris
1230 1111 1268 1148 ae
1291 1085 1352 1146 locu
1371 1095 1395 1144 tc

296 1183 470 1248 aeabbnff
520 1182 654 1247 Nullum
679 1183 771 1247 aliud
802 1183 949 1246 edictum
981 1207 1004 1246 s.
1030 1183 1195 1262 Ludovici
1228 1185 1334 1248 afferri
1361 1203 1395 1266 po

297 1291 369 1362 test,
401 1280 490 1367 quod
516 1280 678 1364 dirigatur
701 1281 744 1345 ad
763 1282 974 1366 justitIarios,
1009 1281 1187 1344 officiarios
1218 1291 1251 1343 ct
1283 1281 1349 1344 loca
1369 1294 1395 1340 tc·

297 1389 422 1460 nentes,
461 1378 519 1442 sed
551 1401 680 1464 semper
710 1378 913 1446 adhibentur
952 1400 991 1442 ea
1025 1381 1171 1456 nomina,
1208 1401 1293 1464 quae
1323 1399 1395 1460 snpra

297 1478 517 1559 citavimus.³)
564 1477 673 1541 Etiam
706 1480 739 1541 In
772 1476 919 1562 epistolis
944 1475 1125 1541 Clementis
1157 1477 1206 1541 IV
1242 1476 1394 1540 Pontificis

298 1577 355 1661 qni
388 1596 431 1637 ex
461 1574 572 1639 Gallia
615 1575 775 1639 oriundus
815 1578 900 1638 Inter
929 1575 1096 1639 Ludovici
1128 1575 1178 1638 IX
1220 1573 1395 1638 consiliaria

297 1673 414 1754 iuerat,
439 1684 740 1737 commemorantur
763 1674 878 1758 ntique
902 1673 1084 1754 senescalli
1118 1671 1260 1754 baillivi,
1293 1691 1393 1758 praepa

298 1771 362 1852 siti,
387 1793 453 1834 non
477 1791 556 1834 vero
575 1772 759 1857 justitiarii,
785 1771 937 1834 officiarii
963 1781 996 1833 ct
1018 1771 1090 1835 loca
1107 1781 1268 1836 tenentes.
1317 1771 1395 1853 Atqui

298 1891 322 1935 s.
348 1868 541 1932 Ludovicus
566 1871 599 1932 in
623 1868 853 1932 adhortatione
878 1869 1004 1932 directa
1026 1879 1103 1932 onte
1128 1879 1269 1932 mortem
1293 1867 1333 1931 ad
1348 1865 1394 1928 Phi

297 1965 426 2052 lippum
451 1966 566 2048 filium,
591 1989 666 2031 eum
692 1977 812 2047 monet,
837 1977 875 2029 ut
897 1966 1011 2031 fideles
1036 1968 1099 2031 sibi
1124 1988 1194 2030 esse
1219 1979 1313 2030 curet
1331 1983 1395 2050 pros

292 2066 419 2152 positos
444 2077 535 2150 atque
560 2065 718 2129 baillioos.
751 2065 803 2128 Ex
829 2064 919 2128 hisce
945 2065 1097 2129 concludi
1122 2074 1262 2150 oportet,
1285 2061 1395 2126 Sanctis

299 2185 369 2226 acra
387 2165 621 2248 prapmaticam
644 2175 724 2227 tunc
748 2173 877 2226 tanturn
902 2165 1119 2249 compositam
1144 2163 1261 2242 fuisse,
1293 2157 1395 2246 quand<

301 2259 376 2324 illae
400 2259 638 2346 appellationes
661 2271 768 2324 aetate
802 2283 826 2326 s.
852 2261 1017 2325 Ludovici
1051 2264 1086 2324 in
1111 2283 1172 2324 usu
1206 2263 1334 2345 positae
1352 2255 1395 2344 jad

302 2359 337 2421 in
361 2356 563 2422 oblivionem
587 2359 748 2437 abierant,
774 2369 806 2422 et
829 2359 913 2423 aliae
938 2359 1022 2440 illac,
1044 2360 1231 2447 justitiarii,
1266 2329 1395 2444 officiarii

302 2455 372 2520 loca
396 2468 543 2534 tenentes,
567 2469 720 2542 receptae
744 2457 879 2538 erant.²)

393 2555 444 2620 tt.
493 2556 625 2618 Dicitur
656 2577 752 2639 porro
788 2557 820 2618 in
847 2556 1013 2640 prooemio
1038 2553 1239 2618 Sanctionis:
1273 2552 1394 2634 Ornnipt

302 2655 401 2716 tentis
413 2654 486 2735 Dei,
512 2657 599 2742 cujas
623 2651 684 2716 soli
700 2653 818 2716 ditioni
834 2665 925 2739 atque
937 2655 1132 2739 protectioni
1143 2674 1274 2736 repnnm
1291 2649 1394 2712 retich-ui

301 2773 424 2836 sempor
461 2750 629 2839 subjectum
667 2752 788 2813 eastitit
826 2761 856 2814 et
890 2775 973 2814 aterio
1008 2773 1072 2814 esse
1105 2750 1258 2814 volomus.
1317 2749 1393 2827 Qum

303 2851 506 2935 Prapmatica
536 2859 649 2913 contra
682 2849 906 2912 Romanorum
940 2849 1138 2912 Pontificum
1172 2849 1393 2912 nominatione

302 2948 525 3032 promotiones
549 2963 581 3010 ct
605 2948 794 3011 exactiones
819 2947 991 3030 dirigatur,
1026 2949 1105 3010 satis
1134 2957 1236 3032 putet,
1273 2967 1345 3009 cnm
1368 2941 1393 3032 al

1392 3033 1393 3066 1

378 3197 397 3265 ¹)
416 3195 472 3250 Cir.
492 3195 575 3250 Gtrin
595 3195 612 3251 I.
631 3212 652 3250 c.
674 3195 721 3248 Oh.
740 3195 788 3248 VI,

376 3277 396 3340 ²)
415 3277 448 3330 In
467 3277 556 3342 atiquo
581 3274 678 3329 Edicto
703 3275 768 3329 anni
789 3277 860 3329 1254
883 3272 966 3342 juxta
990 3273 1137 3327 Tillemont
1164 3275 1227 3344 (VIe
1247 3277 1281 3330 dc
1300 3293 1320 3328 s.
1341 3267 1392 3326 Loci

303 3363 323 3410 t.
343 3357 392 3413 Vt
411 3373 437 3426 p.
456 3357 519 3420 298)
539 3357 725 3410 tantummodo
745 3357 882 3422 officiales
902 3353 1050 3409 identidem
1069 3355 1233 3410 indicantur.
1273 3356 1345 3409 Bene
1363 3363 1392 3404 ret

303 3437 425 3492 advertit
444 3437 541 3492 Gerin:
562 3437 620 3504 „Eu
639 3435 705 3490 ctist
724 3435 760 3503 (lc
779 3441 836 3490 mot
848 3434 998 3507 officiatos)
1017 3440 1060 3489 est
1078 3434 1145 3488 dans
1163 3436 1202 3490 Ies
1221 3435 1332 3490 articles
1350 3435 1371 3491 ⁶2.
1390 3417 1392 3482 1

303 3525 333 3574 et
351 3521 393 3580 30,
412 3519 480 3572 muIs
499 3520 516 3570 d
535 3521 561 3571 Ia
579 3516 650 3571 suite
669 3517 702 3570 dc
721 3517 836 3581 baillivi,
854 3516 1020 3584 praepositi,
1039 3517 1186 3569 satescalli
1204 3521 1233 3570 et
1252 3517 1306 3570 alii
1324 3513 1391 3578 oip'ri

305 3601 358 3652 tes:
377 3597 396 3651 il
415 3603 459 3651 cst
476 3597 534 3651 seul
553 3597 620 3650 dans
639 3595 752 3650 I'article
767 3597 808 3660 11,
827 3595 895 3650 mais
914 3611 964 3662 par
981 3611 1035 3650 une
1048 3611 1141 3649 crreur
1153 3595 1187 3650 de
1199 3597 1312 3664 copiste,
1331 3605 1391 3648 comt

304 3679 330 3732 lc
349 3677 401 3730 tait
419 3681 619 3744 expressimcnt
637 3691 794 3743 remarquer
812 3675 935 3730 I'cditeur
954 3675 989 3729 du
1009 3683 1080 3730 tome
1093 3676 1134 3727 Ier
1153 3677 1199 3730 des
1220 3677 1391 3732 Ονιωιιηιικα

304 3775 329 3828 p.
350 3761 392 3822 70,
407 3743 474 3811 ‘note
493 3772 535 3824 ec;
554 3757 700 3821 d'aillanrs,
726 3756 753 3810 la
772 3757 968 3825 Pragmatique
987 3763 1064 3824 parte
1088 3757 1224 3822 officiarii
1248 3767 1278 3811 et
1297 3772 1349 3810 non
1366 3751 1391 3836 ol,

305 3839 389 3891 ciotcs
421 3837 463 3891 La
481 3837 676 3906 Pragmatique
695 3838 728 3891 ds
746 3837 869 3906 Bourges
888 3843 931 3891 est
950 3837 1076 3892 adresste
1099 3837 1172 3890 aussi
1190 3853 1245 3891 anx
1264 3837 1391 3892 costsitim'

304 3919 440 3984 officiarii
457 3923 487 3971 ct
499 3918 657 3984 justitiarii
674 3935 737 3972 sans
756 3918 931 3986 designat-ion
951 3918 1010 3985 plus
1028 3918 1156 3986 precise.“
1177 3917 1199 3970 L
1228 3933 1250 3972 e
1270 3933 1297 3986 p.
1318 3915 1373 3970 113.

377 3996 401 4070 ⁸)
420 3997 452 4050 V.
472 3997 562 4052 Rttscn
581 3997 597 4051 I.
618 4015 639 4054 c.
659 4014 684 4067 p.
707 3999 746 4053 18.
767 4029 801 4038 -
825 3998 1002 4064 Advertstur,
1029 4003 1220 4066 argumentum
1244 3997 1344 4065 duplici
1367 4005 1390 4046 rc

303 4085 379 4132 stare
397 4077 538 4142 elemento,
563 4079 667 4133 scilicet
686 4079 756 4146 quod
778 4081 805 4132 1⁰
824 4079 989 4133 omittantur
1013 4078 1122 4146 penitus
1141 4077 1341 4146 appellationes
1360 4087 1390 4140 cu

305 4163 398 4212 aetate
423 4175 444 4212 s.
464 4157 595 4214 Ludovici
620 4159 648 4214 In
673 4176 724 4214 usu
750 4165 837 4224 erant,
863 4175 895 4212 ac
913 4161 944 4213 2⁰
963 4159 1026 4212 ilice
1045 4159 1231 4216 adhibeantur.
1252 4173 1322 4224 quae
1345 4149 1390 4213 null

306 4247 386 4294 tenus
406 4240 434 4294 In
453 4255 504 4294 usu
524 4239 607 4294 fuisse
625 4239 812 4293 inrcnInntur.
