2916 4842
459 409 635 464 Dissidiornm
655 410 743 464 initia.
1103 410 1155 463 113

54 559 144 630 tinum
167 555 229 638 ipsi
245 554 385 618 Romam
410 575 494 638 quae
518 553 710 617 acciderant
731 551 928 634 retulissent,
953 552 1090 638 quidam
1110 573 1154 616 ex

55 649 118 714 clero
146 653 231 736 parti
265 650 428 738 imperiali
466 650 592 716 addicti
625 650 869 736 imprudentiae
904 660 937 714 et
964 650 1148 736 imperitiae

52 771 91 810 scs
110 759 296 832 arguerunt,
326 749 431 834 major
455 763 565 813 tamen
589 771 665 834 pars
689 771 765 812 cum
790 747 950 812 Pontifice
975 747 1147 812 Hadriano

51 868 141 910 eorum
177 869 313 912 cansam
344 849 428 911 tulta
459 858 516 912 est.
565 849 674 934 Atque
699 845 890 910 Hadrianus
919 848 1083 932 imprimis
1106 843 1149 909 ad

52 943 228 1009 Germaniae
246 944 412 1030 praesules
427 943 552 1009 litteras
569 944 670 1028 dedit,
694 944 815 1031 quibus
838 967 873 1007 re
898 946 977 1030 ipsis
1001 946 1152 1030 exposita

50 1064 141 1106 eornm
165 1043 347 1128 postulavit
370 1045 610 1125 interventum,
642 1055 679 1107 ut
701 1041 872 1107 Pontificis
901 1043 1059 1107 honorem
1098 1041 1151 1105 de·

51 1139 212 1218 funderent,
244 1141 288 1204 ad
313 1139 464 1204 meliores
488 1163 603 1206 sensus
625 1141 821 1204 reducerent
843 1140 1090 1226 Imperatorem,
1120 1148 1154 1202 et

49 1240 289 1302 satisfactionem
313 1262 332 1302 a
357 1237 519 1303 Rainaldo
554 1238 788 1324 praestandam
812 1238 1039 1318 obtinerent.¹)
1086 1236 1153 1304 Sed

49 1340 196 1419 segniores
226 1358 282 1400 eos
316 1339 462 1418 invenit3
506 1339 703 1401 nuntiarunt
725 1335 889 1419 Pontifici,
919 1358 952 1399 se
977 1336 1047 1420 ejus
1071 1334 1154 1400 litte-

49 1455 89 1496 ras
103 1433 268 1499 Friderico
285 1437 556 1515 communicasse,
576 1455 835 1520 responsumque
863 1435 966 1519 ipsius
980 1433 1153 1506 Hadriano
1211 1454 1219 1472 ·

48 1531 182 1596 referunt.
231 1530 407 1596 Caeterum
438 1534 547 1618 potius
570 1535 750 1597 anteriores
774 1531 938 1596 Hadriani
967 1531 1009 1595 ad
1034 1530 1151 1595 Fride·

50 1631 133 1692 ricnm
163 1629 291 1694 litteras
315 1640 348 1693 et
370 1630 581 1696 concordiam
607 1653 681 1695 curn
707 1629 840 1695 Siciliae
871 1651 947 1713 rege
970 1629 1092 1692 factam
1117 1637 1154 1692 ut

50 1726 157 1790 dissidii
182 1731 391 1794 occasionem
415 1739 567 1814 arguunt,
592 1740 625 1792 et
646 1727 843 1792 Pontificem
868 1737 993 1810 rogant,
1019 1736 1055 1789 ut
1074 1750 1153 1812 par·

48 1837 87 1888 cet
107 1829 245 1912 ipsorum
274 1827 453 1908 infirmitati
480 1836 513 1891 et
536 1826 798 1911 indignationem
823 1825 1035 1910 Imperatoris
1067 1845 1156 1888 nova

48 1922 168 2006 epistola
192 1923 295 1988 lenire
319 1924 459 1988 studeat.

121 2057 171 2123 14.
213 2057 402 2122 Fridericus
425 2079 503 2122 vero
539 2056 761 2121 acerbissimis
796 2056 912 2121 litteris
937 2058 971 2120 in
995 2057 1150 2120 universo

49 2157 123 2237 regni
152 2157 204 2220 sni
240 2155 368 2220 ambitu
399 2177 483 2240 quae
507 2154 698 2219 acciderant
721 2157 898 2236 nuntiavit,
932 2151 1093 2218 invehens
1117 2155 1153 2217 in

51 2251 201 2317 Pontifieis
227 2255 352 2339 legatos
383 2267 420 2317 nt
449 2254 537 2317 viros
561 2255 817 2338 nequisissimos,
850 2254 906 2338 qui
932 2253 1085 2316 venerint
1115 2261 1151 2314 ut

50 2350 423 2433 spoliarentGermaniae
446 2351 611 2433 ecclesias,
636 2361 668 2415 et
692 2373 906 2437 conquerens,
932 2351 1067 2436 imperii
1093 2349 1157 2413 ho·

54 2469 148 2512 norern
173 2459 207 2514 et
229 2448 368 2534 gloriam
392 2471 412 2514 a
435 2449 600 2514 Pontifiee
624 2451 749 2534 impeti.
781 2450 834 2513 Ex
857 2448 974 2513 litteris
994 2447 1157 2513 Friderici

53 2554 78 2606 fa
98 2545 256 2611 Ruinaldo
293 2569 372 2612 sane
396 2547 569 2632 conlectis)
604 2548 770 2632 colligitur
808 2549 879 2634 ejus
913 2549 1076 2612 sententia
1114 2546 1156 2610 de

54 2639 170 2728 Imperii
195 2647 334 2729 origine,
385 2645 518 2732 Cumque
536 2670 598 2732 per
621 2645 800 2714 electionem
818 2647 1011 2732 principum,
1040 2646 1157 2731 inquit,

53 2740 140 2806 osclo
156 2745 224 2806 Deo
248 2767 376 2830 reqnum
398 2755 428 2808 et
450 2746 614 2830 imperium
637 2755 778 2808 nostrum
801 2746 853 2821 sit,
878 2746 932 2828 qui
953 2746 988 2806 in
1004 2745 1159 2831 passione

56 2835 161 2904 Cir-isti
179 2840 250 2926 filii
279 2843 330 2906 sui
358 2841 479 2906 duobus
504 2841 624 2926 pladiis
655 2843 842 2906 necessariis
865 2843 1033 2925 rependum
1056 2840 1159 2904 orbem

52 2937 177 3026 subjecit,
209 2963 335 3026 cumque
359 2940 473 3003 Petrus
495 2938 668 3026 Apostolus
690 2941 746 3003 icoc
770 2940 916 3004 doctrina
940 2939 1089 3003 mundum
1111 2941 1158 3002 in·

45 3035 240 3118 formarer-it:
277 3038 402 3116 „Deum
433 3039 549 3114 tinsete,
584 3061 684 3123 reqem
713 3038 947 3122 honom'flcate“,
979 3041 1160 3124 quicumque

53 3157 99 3196 nos
128 3135 322 3222 imperialem
353 3157 500 3200 coronam
532 3159 596 3222 pro
627 3136 818 3220 ‚,beneficio“
853 3159 873 3199 a
906 3136 1032 3198 domino
1066 3137 1158 3222 Papa

52 3235 208 3318 occepisse
231 3233 363 3312 dixerit,
388 3225 515 3297 diuinae
541 3237 734 3298 institutioni
757 3245 786 3297 et
802 3233 964 3297 doctrinae
981 3235 1069 3298 Petri
1088 3257 1159 3298 con·

53 3332 161 3394 trcrr'us
191 3342 245 3408 est,
281 3342 310 3394 et
339 3332 497 3396 mendacii
518 3355 591 3396 reus
620 3335 689 3399 crit.
737 3334 777 3397 In
801 3353 956 3418 responso
980 3341 1091 3394 antem
1114 3331 1159 3396 ad

53 3425 237 3492 Germaniae
275 3428 441 3514 praesules
473 3431 657 3516 Imperator
694 3429 843 3494 dicebat:
883 3430 1032 3495 Debitum
1064 3431 1160 3515 patri

55 3535 147 3590 instro
184 3525 360 3608 (Pontifici)
392 3523 611 3592 reuerentiam*
635 3527 769 3592 libenter
797 3528 990 3604 celibemus,
1023 3526 1157 3590 liberam

55 3621 171 3707 Imperii
193 3627 293 3688 sostei
314 3649 463 3690 coronam
487 3627 595 3690 divino
620 3637 740 3690 tantum
764 3626 908 3709 beneficio
938 3624 1158 3704 adscribimus,

55 3717 200 3784 electionis
228 3725 368 3808 primam
407 3747 510 3788 vocem
540 3726 724 3811 Mequntino
760 3725 1005 3809 archiepiscope,
1044 3722 1158 3786 deinde

55 3817 126 3898 qnod
159 3831 296 3904 superest
330 3823 463 3885 coeteris
500 3823 668 3886 secundum
708 3822 850 3885 ordinem
877 3821 1081 3906 principibus
1110 3843 1159 3884 re·

55 3917 263 3994 coqsroscimus,
293 3917 428 4003 reqalcm
452 3921 627 3984 cuononem
655 3917 849 3996 Coloniensi,
880 3941 1058 4004 supremam
1084 3939 1157 3981 uero

116 4079 140 4086 ι·-
155 4079 252 4088 -.-—--

120 4173 141 4240 1)
158 4172 192 4226 v.
212 4171 367 4242 wacena,
387 4175 423 4229 11.
443 4175 503 4232 scs.

102 4289 237 4340 isumus,
251 4292 434 4332 Dissertationum
449 4293 514 4334 Tum.
531 4294 556 4332 V.
