2836 4848
227 447 316 516 Laeta
334 447 464 502 Friderici
484 449 511 501 ll
530 464 590 502 cum
609 448 666 504 RR.
686 448 871 502 Pontificibus.
1060 449 1113 503 415

28 611 99 654 unas
120 593 237 656 invasit
261 601 294 654 et
318 591 515 672 devastavit,
541 601 643 656 totam
661 591 793 658 Italiam
817 591 974 677 dissidiis,
998 593 1111 658 factio-

26 688 104 770 nibus,
125 698 158 752 et
177 688 271 753 bellis
296 688 456 754 turbavit.
491 688 603 775 Atque
628 712 665 754 eo
683 692 788 776 major
811 699 882 754 erat
897 690 1111 777 Imperatoris

25 789 184 870 perversitas
223 790 257 851 in
287 787 379 851 lucta
418 788 480 851 ista
510 797 625 852 centra
656 788 851 852 Pontificem
887 787 1109 874 suscipienda,

23 885 85 968 qood
112 908 148 950 eo
177 897 324 970 tempore
349 907 470 969 magna
494 887 643 949 societati
669 885 868 950 christianae
893 886 1040 971 pericula
1064 887 1284 990 af·¹¹l¹‚¹⁰‘⁸;„⁰,⁰¹¹“²

23 983 114 1047 tenent
134 984 272 1064 Tartari,
297 983 354 1068 qui
379 1005 419 1046 ex
442 983 522 1046 Asia
546 993 797 1069 prorumpentes
816 983 887 1068 jam
906 983 1110 1067 Hungariae,
1152 962 1181 990 ⁰¹¹
1219 963 1275 990 Μ’

22 1081 144 1146 l'aloniae
173 1081 311 1166 aliisque
340 1081 531 1165 regionibus
555 1081 783 1148 imminebant.
831 1080 897 1145 Sed
921 1081 1113 1146 Fridcricus

20 1181 190 1244 etiamtunc
214 1190 284 1243 arte
309 1178 450 1242 subdola
474 1178 627 1244 Pontifici
654 1180 771 1265 culpae
795 1191 923 1244 vertere
948 1182 1041 1244 nisus
1064 1191 1114 1244 est

18 1275 107 1341 litteris
127 1277 169 1342 ad
192 1278 361 1363 principes
385 1278 525 1363 scriptis,
551 1277 639 1363 quod
664 1299 731 1362 pax
754 1277 837 1342 adeo
861 1278 994 1342 turbata
1018 1289 1111 1348 esset.

19 1373 180 1440 Columnias
218 1376 334 1460 rejecit
363 1373 546 1457 Gregorius
585 1377 687 1438 variis
726 1374 882 1460 epistolis,
921 1376 1113 1462 auxiliaque
1148 1397 1152 1406 ·
1182 1397 1186 1404 ·

17 1495 104 1553 regum
126 1471 255 1538 Galliae
280 1481 312 1536 et
334 1470 478 1555 Angliae
509 1483 624 1536 contra
647 1474 885 1559 Imperatorem
916 1476 1021 1560 petiit,
1055 1477 1112 1560 qui

18 1588 39 1630 u
67 1571 215 1636 subsidiis
250 1571 414 1656 pecuniae
450 1571 558 1633 missis
593 1570 746 1635 Pontifici
785 1571 980 1654 adfuerunt,
1019 1574 1113 1657 isque

16 1671 140 1751 quamvis
178 1669 223 1733 ad
255 1691 392 1753 magnas
423 1667 629 1751 redigeretur
659 1670 846 1753 angustias,
884 1669 960 1732 forti
1000 1678 1112 1734 tamon

17 1769 100 1830 animo
123 1766 220 1832 Sedis
243 1764 455 1851 Apostolicae
480 1777 512 1830 et
534 1765 705 1830 Ecclesiae
735 1765 923 1831 libertatem
947 1776 980 1830 et
1002 1777 1112 1832 aucto-

14 1867 118 1928 ritatem
141 1864 341 1930 vindicarit.
389 1861 590 1928 Germanias
614 1865 781 1950 principes
805 1874 885 1929 tunc
909 1867 1020 1929 conati
1036 1880 1113 1930 sunt

14 1983 103 2046 pacem
138 1966 226 2028 inter
259 1961 456 2026 Pontificem
489 1972 522 2026 et
553 1964 789 2048 Imperatorem
826 1963 1017 2046 conciliare;
1056 1963 1112 2028 hic

14 2081 70 2124 varo
91 2063 169 2126 dum
194 2061 305 2147 palam
330 2082 364 2123 se
387 2070 577 2144 promptum
602 2061 740 2144 fingeret
763 2061 804 2124 ad
830 2061 1042 2125 concordiam
1065 2083 1112 2125 re-

14 2161 198 2238 stituendam,
225 2161 356 2222 interim
381 2156 498 2222 litteris
521 2161 661 2244 privatis
680 2157 832 2222 Conrado
857 2159 924 2222 lilio
949 2160 1112 2244 significa·

14 2255 60 2332 lat,
81 2259 112 2322 id
136 2257 202 2322 sibi
228 2260 338 2321 anima
364 2265 522 2321 statutum
548 2279 628 2339 esse,
653 2267 690 2320 ut
705 2257 795 2320 omni
820 2258 1040 2321 conventione
1063 2281 1112 2321 re-

10 2353 75 2438 juta
87 2356 198 2442 gladio
216 2377 283 2419 rem
302 2353 480 2436 dirimeret,
506 2365 538 2418 et
552 2355 723 2419 Pontificis
738 2363 934 2440 potestatem
959 2357 1005 2418 ita
1026 2355 1111 2420 fran-

12 2465 87 2534 geret,
111 2465 146 2518 ut
176 2479 219 2519 ne
244 2453 417 2516 mussitare
442 2453 577 2538 quidem
601 2453 738 2516 auderet
762 2461 875 2515 contra
900 2453 1113 2537 Imperatoris

14 2554 235 2636 najestatem.¹)
281 2552 430 2634 Treugas
463 2551 590 2630 oblatas
621 2552 721 2614 ctiam
750 2551 926 2629 recusavit,
956 2550 1045 2634 qnod
1068 2550 1111 2614 ad

12 2647 227 2734 longobardos
250 2673 306 2715 eas
330 2652 508 2718 extendero
532 2648 641 2714 nollet.

76 2805 126 2868 30.
152 2804 267 2884 Quum
283 2814 375 2868 tanta
389 2813 498 2868 essent
512 2822 623 2865 rernm
641 2799 843 2879 discrimina,
857 2797 1036 2882 Gregorius
1048 2799 1110 2880 IX,

10 2902 76 2982 qnod
91 2903 284 2967 Fridericns
307 2911 404 2965 antea
428 2904 498 2986 ipse
522 2900 671 2984 petierat,
696 2899 895 2980 ann01240,
921 2897 975 2961 die
991 2898 1029 2961 9⁰
1044 2897 1112 2961 Au·

10 3003 85 3080 gusti.
108 2999 265 3086 generale
290 2999 415 3064 indixit
432 2997 629 3062 Concilium.
677 2995 716 3059 In
741 2994 881 3080 epistola
904 2997 1111 3060 convocatio·

11 3099 46 3158 nis
65 3099 101 3164 ad
126 3102 303 3186 episcopos
328 3099 404 3162 data
429 3099 515 3160 inter
538 3095 604 3160 alia
628 3094 760 3158 scribit:
789 3091 875 3166 Quia
897 3095 996 3180 igitur
1018 3117 1111 3177 pran-

9 3195 263 3284 lorlpostoliaae
280 3195 372 3260 Sedis
397 3207 522 3259 euentus
547 3203 577 3256 et
600 3215 714 3256 causas
738 3203 765 3254 te
789 3194 937 3277 ignorare
960 3216 1025 3259 non
1043 3215 1111 3255 con-

10 3299 80 3366 enit,
114 3310 268 3382 tanquam
299 3294 508 3358 necessariam
538 3292 652 3354 matris
682 3289 842 3354 Ecclesiae
879 3291 1111 3368 nranimenturn,

10 3407 114 3476 propter
144 3415 230 3480 quae
256 3393 440 3456 necessitate
468 3401 596 3478 arpenta
626 3400 710 3451 taam
744 3399 773 3450 et
806 3389 942 3450 aliorum
973 3389 1112 3450 uidemus

9 3495 199 3572 prrrrsentiam
228 3490 401 3576 plurimum
431 3499 655 3575 opportunam,
679 3486 923 3571 ⁸fraternitatem
954 3497 1040 3548 tuam
1062 3507 1111 3548 ro-

10 3607 93 3666 sanus
115 3601 145 3653 et
167 3592 333 3652 hortamur
348 3591 509 3664 attentius,
529 3609 592 3672 per
607 3584 794 3670 Apostolica
810 3583 868 3647 tibi
882 3585 1003 3669 scripta
1025 3607 1112 3646 man·

11 3681 107 3766 dantes,
143 3697 303 3774 qsaatcnas
334 3707 428 3770 usqae
459 3686 502 3748 acl
525 3685 708 3770 prasinum
728 3681 851 3767 festum
873 3682 1113 3744 resurrectionis

10 3779 169 3848 lumniosa
196 3784 243 3848 ad
265 3793 406 3848 nostram
426 3784 644 3868 praesentiam
670 3778 888 3866 personaliter
910 3781 1015 3841 uenire
1035 3801 1110 3866 pro-

12 3900 77 3942 ares
97 3885 181 3946 omni
205 3883 369 3945 occasione
393 3891 542 3958 cessante,
576 3888 611 3942 at
633 3875 747 3940 habeat
771 3875 915 3939 Ecclesia
945 3887 1047 3939 mater
1077 3878 1112 3938 in

8 3977 58 4051 ,ilio
76 3991 237 4066 spectum
259 3981 294 4042 in
318 3991 374 4043 toa
397 3979 578 4041 visitatione
603 3974 750 4040 seleutiam
774 3986 804 4038 et
832 3984 956 4060 prastino
977 3973 1113 4060 prasidi

67 4241 645 4314 wmmmmm
