2850 4834
268 444 320 498 116
480 443 581 501 XXXI.
601 445 641 499 Da
659 443 807 500 abolitione
826 443 934 500 Ordinis
952 443 1174 513 Templariornm.

267 589 509 672 posscssionum
534 587 694 673 Equitum
720 609 744 652 s.
768 589 909 654 «Ioannis
940 611 981 652 ex
1007 587 1211 653 haereditate
1235 590 1363 673 proveni·

267 694 340 748 rent
362 684 635 769 Ternplariorum.
648 686 671 768 ¹)

357 812 410 872 31.
436 808 511 872 Alia
527 809 633 888 Bulla,
660 811 712 874 Ad
727 811 955 892 certitudinem,
981 811 1071 876 edita
1094 811 1158 875 fuit
1182 810 1235 874 dis
1250 809 1366 896 6⁰llnji,

150 936 206 965 nm.
268 929 333 991 qua
365 907 405 970 de
436 910 585 992 personis
615 907 878 993 'templariorum
912 908 1082 992 agebatur.
1137 908 1210 990 „De
1240 909 1368 993 personis

268 1005 424 1070 videlicet
447 1009 495 1070 sic
518 1007 645 1070 exstitit
668 1005 868 1086 ordinatum,
901 1015 936 1070 ut
964 1005 1166 1092 quibusdam
1193 1006 1367 1070 nominatim

267 1107 431 1190 expressis
455 1105 662 1191 dispositioni
687 1101 783 1167 Sedis
807 1103 1019 1190 Apostolicae
1050 1105 1237 1182 reservatis,
1267 1105 1369 1168 caeteri

267 1225 381 1266 omnes
413 1203 617 1289 dispositioni
645 1199 867 1266 Consiliorum
901 1200 1155 1287 provincialium
1188 1203 1222 1266 in
1252 1200 1371 1285 singulis

267 1301 449 1385 provinciis
472 1304 539 1364 sint
561 1299 676 1382 relicti,
709 1309 872 1386 quatenus
891 1301 991 1385 juxta
1022 1301 1248 1364 diversitatem
1278 1299 1371 1362 condi·

267 1397 393 1461 tionum
419 1399 564 1481 ipsorum
590 1419 664 1461 curn
690 1400 736 1461 eis
753 1420 812 1482 per
828 1398 944 1461 eadem
962 1398 1111 1462 Concilio
1127 1397 1371 1483 procedatur.“²}·

267 1493 442 1558 Provisum
474 1505 531 1568 est,
563 1506 599 1558 nt
629 1497 719 1579 rigor
744 1495 895 1580 justitiae
927 1495 1156 1560 misericordia
1181 1497 1370 1578 mitigaretur

267 1603 299 1655 et
328 1595 575 1656 sustentationis
599 1593 863 1678 Templariorum
897 1615 976 1656 eura
1007 1593 1195 1658 haberetur.
1242 1591 1308 1656 Sibi
1335 1613 1372 1654 ro·

268 1693 414 1754 servavit
445 1689 597 1754 Clemens
624 1691 790 1776 judicium
824 1691 865 1755 de
894 1693 1052 1775 Magistro
1084 1691 1230 1775 generali
1254 1689 1373 1756 Ordinis

266 1787 393 1852 Jacobo
423 1786 550 1852 blolaeo
583 1813 621 1852 ae
654 1790 694 1853 de
728 1788 801 1853 aliis
833 1790 1030 1874 dignitariis.
1079 1789 1234 1853 instituto
1260 1787 1373 1874 judicio

266 1885 416 1970 agendae
446 1888 668 1971 poenitentiae
702 1875 832 1952 addicti
861 1898 952 1961 sunt,
995 1888 1138 1974 dataque
1171 1911 1190 1950 a
1222 1885 1374 1951 Clemente

267 1985 416 2067 imperia,
442 1995 478 2046 nt
494 1984 535 2047 ad
554 1987 656 2048 vitam
682 1986 931 2050 sustentandam
957 1985 1116 2049 nonnulla
1131 1984 1267 2050 Ordinis
1291 1985 1374 2046 recti·

266 2080 354 2168 galia
378 2081 645 2148 attribuerentur.
670 2083 735 2147 Sed
760 2104 862 2170 quum
879 2083 1027 2148 Jacobus
1044 2083 1201 2167 Magister
1224 2105 1262 2146 ae
1278 2080 1375 2146 Guido

267 2180 466 2264 Praeceptor
495 2180 720 2245 Normanniae
752 2203 837 2266 quae
869 2182 1010 2246 confessi
1044 2192 1137 2244 erasit
1170 2187 1375 2244 revocassent.

267 2298 354 2341 anno
382 2279 467 2341 1314
496 2277 549 2342 die
577 2279 636 2342 18ο
659 2279 769 2342 Martii
802 2279 946 2342 flammis
970 2280 1083 2342 traditi
1115 2289 1202 2342 sunt.
1251 2279 1322 2358 Qua
1341 2276 1374 2339 de
1404 2351 1405 2364 χ

267 2376 372 2438 reita
397 2373 614 2440 Continuator
639 2375 795 2440 Chroniei
821 2375 979 2442 Gulielmi
1004 2377 1126 2462 Nangii
1160 2377 1204 2441 ad
1228 2400 1256 2442 a.
1285 2375 1374 2440 1313:
1404 2365 1405 2372 ἵ

270 2471 406 2554 „Totius
430 2473 596 2558 quondam
623 2473 760 2539 Ordinis
784 2475 914 2560 Templi
940 2474 1113 2539 Generalis
1137 2475 1209 2538 sive
1233 2487 1375 2538 transma-

267 2571 360 2633 rinus
384 2570 543 2654 Magister
566 2593 642 2635 cum
667 2571 740 2637 aliis
764 2573 880 2658 tribus,
914 2572 1040 2636 scilicet
1064 2575 1096 2634 V
1101 2575 1248 2637 isitatore
1279 2591 1377 2636 eorum

269 2669 302 2730 in
327 2667 481 2750 Francia,
507 2691 568 2733 nec
592 2693 658 2734 non
683 2673 886 2757 Aquitaniae
911 2681 943 2734 et
966 2672 1192 2736 Normanniae
1217 2671 1377 2754 llagistris.

269 2765 309 2828 dc
341 2765 462 2850 quibus
498 2767 651 2832 ordinare
686 2768 829 2833 finaliter
864 2781 1092 2834 reservaverat
1125 2767 1188 2832 sibi
1214 2768 1313 2853 Papo,
1346 2765 1378 2828 do

268 2861 425 2926 mandato
450 2865 553 2949 ipsius
576 2889 636 2952 per
659 2867 831 2931 dominum
849 2868 1073 2932 Albanenscm
1095 2866 1294 2948 (Arnaldurn
1315 2863 1378 2928 Car-

269 2959 428 3038 dinalem)
466 2961 613 3050 aliosque
653 2965 735 3029 duos
772 2963 965 3030 Cardinales
1003 2963 1173 3050 legatos,³)
1213 2961 1378 3029 Senonensi

268 3056 516 3144 archiepiscopo
541 3061 680 3148 aliisque
705 3063 904 3149 quibusdam
930 3062 1095 3149 praelatis,
1120 3085 1250 3127 necnon
1272 3061 1378 3148 injure

268 3155 383 3220 divino
408 3165 440 3219 at
464 3161 624 3224 canonico
648 3162 773 3246 pariter
795 3161 837 3224 ob
863 3160 925 3225 hoc
949 3160 1138 3246 specialiter
1159 3161 1295 3226 Parisiis
1318 3179 1379 3222 con·

269 3257 409 3336 vocatis,
447 3264 479 3318 et
511 3278 624 3322 eorum
656 3261 900 3324 communicato
932 3259 1085 3340 consilio,
1126 3281 1203 3324 oum
1234 3255 1378 3345 praedicti

269 3366 410 3440 quatuor
449 3355 537 3420 nullo
578 3365 715 3442 excepto
754 3358 894 3421 crimina
933 3356 996 3422 sibi
1035 3359 1193 3442 imposita
1224 3357 1328 3442 palam
1355 3371 1379 3418 et

342 3625 370 3693 ¹).
388 3625 419 3678 V.
445 3621 586 3685 Boutaric,
611 3621 652 3675 La
675 3621 778 3675 Franco
800 3637 862 3676 sons
885 3621 1010 3690 Philipps
1037 3622 1061 3676 le
1087 3621 1137 3676 Bel
1165 3637 1210 3690 pp.
1237 3624 1295 3678 145.
1315 3623 1379 3676 116.ι

267 3705 298 3758 Β.
316 3704 474 3773 Jungrnann
494 3703 653 3758 ClemensV
672 3703 726 3756 und
745 3701 789 3756 die
808 3701 975 3772 Aulbcbung
993 3703 1039 3756 das
1058 3702 1287 3772 Templerordens
1312 3701 1376 3754 lom·

268 3783 383 3840 brucker
401 3784 483 3839 theol.
502 3783 669 3852 Zeitsebriit,
689 3783 722 3838 V.
741 3785 804 3839 419.
822 3785 884 3838 450.

339 3883 362 3952 ²)
382 3883 464 3938 Balnt
492 3881 558 3936 Vita
579 3882 629 3936 PP.
643 3881 783 3944 Avenion..
804 3881 909 3948 Quarta
926 3881 993 3936 Vita
1013 3881 1160 3937 Clementis
1180 3889 1291 3938 anctore
1310 3883 1376 3936 Bam.

275 3963 416 4024 (luidonis.
434 3964 450 4020 l.
470 3979 492 4018 c.
512 3961 532 4016 1.
553 3963 596 4016 76.

341 4061 365 4134 ⁸)
384 4063 543 4116 Mandatum
562 4059 701 4114 Pontificis
726 4060 820 4114 datum
842 4065 885 4114 est
907 4059 951 4114 die
975 4061 1024 4114 22⁰
1043 4061 1196 4118 Decembris
1216 4061 1292 4116 1312.
1327 4059 1374 4111 Dn·

269 4139 310 4196 illi
329 4142 485 4197 Cordinales
504 4141 590 4210 legati
609 4149 689 4196 erant
707 4139 832 4194 Nicolaus
851 4141 884 4195 de
896 4141 1050 4195 Frbauville
1069 4141 1223 4195 Cardinalis
1246 4157 1267 4196 a
1280 4137 1375 4194 Eumoii

270 4221 333 4314 Ord.
352 4221 480 4286 Praedia,
505 4227 534 4276 et
556 4221 691 4276 arnaldus
709 4219 826 4286 Novelli,
849 4219 1000 4274 Cardinalis
1027 4237 1048 4276 a.
1069 4221 1178 4276 Priscae
1203 4221 1264 4276 Ord
1283 4219 1378 4282 Cistem
