2858 4834
62 1388 431 1511 Dissertatio
470 1387 784 1536 vigesima
822 1398 1024 1512 sexta.

162 1641 233 1722 De
260 1637 535 1722 Pontificatn
562 1638 817 1722 Innocentil
846 1639 929 1721 ΠΙ.

465 1880 626 1890 ..————-

69 2067 95 2130 1.
133 2047 275 2128 'minet
291 2063 378 2127 inter
392 2062 570 2126 Pontifices
594 2061 696 2126 medii
712 2063 788 2126 aevi
805 2061 965 2148 singulari
981 2065 1109 2130 ratione
1120 2066 1280 2170 siffisso'n·

0 2163 197 2226 ιιιοοειιιίιιιι
215 2161 278 2226 ΠΙ.
326 2159 447 2224 Rerum
473 2161 561 2224 enim
585 2169 752 2244 gestarum
776 2161 1017 2245 magnitudine,
1042 2186 1108 2228 am·
1145 2190 1251 2240 anau..

7 2259 122 2324 litieata
134 2258 317 2324 Ecclesiae
341 2258 523 2344 majestate,
547 2259 712 2322 revocatis
726 2257 769 2322 ad
784 2257 880 2325 Sedis
896 2258 1109 2344 Apostolicae

19 2359 173 2444 sequium
202 2355 414 2443 principibus
437 2366 470 2420 et
493 2354 695 2439 nationibus,
728 2355 827 2442 plane
858 2358 1000 2422 eximius
1030 2359 1109 2444 fuit3

4 2479 115 2542 nque
147 2453 254 2520 simul
284 2453 473 2540 praeclarae
508 2456 656 2536 virtutes,
690 2456 835 2543 insignia
863 2454 1033 2520 doctrinae
1062 2480 1110 2523 or-

32 2567 142 2635 menta,
184 2555 294 2619 animi
326 2553 427 2617 robur
456 2575 522 2616 non
552 2555 661 2638 impar
697 2553 741 2617 ad
772 2554 981 2619 sustinendas
1009 2558 1110 2623 totius

13 2679 16 2692 ·
45 2655 67 2714 is
89 2675 201 2734 curas,
226 2650 417 2714 christianis
442 2651 607 2715 universis
630 2650 816 2716 reddebant
837 2654 935 2717 unice
951 2675 1109 2721 veneran-

6 2769 68 2816 un.
114 2749 232 2831 Quum
253 2746 434 2832 Gregorius
450 2747 517 2812 VII
540 2747 710 2812 Ecclesiae
733 2748 920 2815 libertatem
944 2761 977 2816 et
999 2762 1109 2818 aucto·

14 2847 121 2925 'ntem‚
161 2847 251 2910 adeo
283 2868 343 2910 sua
377 2855 485 2910 aetate
520 2845 716 2932 collapsam,
752 2847 945 2913 fortitudine
982 2861 1109 2936 aposto-

10 2941 47 3006 'ra
71 2945 271 3024 restituerit,
303 2944 518 3007 Innocentius
541 2945 594 3008 III
625 2943 716 3008 illam
740 2943 911 3012 Ecclesiae
935 2951 1109 3013 auctorita·

16 3063 49 3104 ‘n
70 3053 100 3106 et
123 3041 298 3106 influxum
323 3043 357 3105 in
382 3043 533 3106 nationes
557 3041 754 3107 christianas
786 3046 933 3108 maxima
957 3045 1108 3131 amplitu-

9 3133 59 3202 ''ne
79 3143 184 3204 tuitus
211 3148 263 3204 est
286 3149 319 3203 et
333 3139 531 3221 vindicavit,
557 3142 603 3203 ita
627 3149 663 3204 ut
679 3140 741 3205 sub
755 3139 818 3205 hoc
841 3153 993 3228 respectu
1017 3154 1107 3209 tanto

5 3237 151 3318 splendore
177 3237 265 3302 forte
290 3259 462 3324 nunquam
487 3239 659 3302 emicuerit
674 3239 896 3324 pontificatus.
942 3239 1030 3305 Illud
1053 3264 1109 3305 au·

1 3342 49 3398 ten
77 3337 259 3401 discrimen
284 3344 333 3400 est
360 3336 447 3400 inter
468 3337 699 3422 pontificatum
724 3333 876 3422 Gregorii
900 3337 968 3402 VII
1001 3348 1033 3403 et
1055 3339 1108 3404 In·

5 3437 122 3498 terentii
149 3433 216 3515 III,
251 3434 340 3520 quod
364 3433 418 3498 ille
449 3433 548 3499 rebus
572 3436 608 3499 in
630 3434 781 3499 adversis
811 3439 1005 3521 praesertim
1034 3459 1108 3503 con·

1 3533 98 3596 santia
128 3555 191 3596 sua
224 3533 397 3619 animique
426 3532 543 3597 robore
566 3531 739 3598 Ecclesiae
771 3533 957 3599 libertatem
993 3545 1108 3600 contra

1 3631 155 3694 aeernmos
189 3627 402 3694 adversarios
434 3629 594 3711 defendit,
632 3633 836 3717 summisque
873 3635 906 3696 in
939 3635 1108 3698 aerumnis

2 3721 95 3790 invicti
119 3729 227 3792 animi
252 3726 489 3791 documentum
514 3726 606 3792 dedit
629 3729 773 3812 insigne:
800 3727 855 3793 hio
873 3751 951 3794 vero
974 3728 1107 3816 amplis·

7 3823 96 3889 unam
120 3825 216 3891 illam
230 3827 461 3890 auctoritatem
486 3834 519 3890 et
542 3826 759 3912 majestatem,
784 3848 884 3912 quam
901 3827 979 3892 inde
995 3823 1106 3892 aGre·

10 3923 66 4000 gorii
87 3923 151 3988 Vll
175 3934 326 4009 tempore
354 3925 461 4006 magis
489 3925 660 4010 magisque
692 3925 839 3989 vidimus
872 3925 1037 3990 firmatam
1074 3936 1108 3991 et

12 4033 121 4104 suram,
145 4021 190 4086 ad
208 4042 376 4086 summum
391 4020 561 4105 fastigium
578 4021 681 4086 veluti
706 4021 895 4105 adduxerit,
919 4032 952 4087 et
974 4022 1106 4110 amplis·

13 4115 70 4180 sina
89 4120 216 4184 ratione
240 4119 417 4184 salutarem
442 4119 608 4183 influxum
632 4122 667 4184 in
684 4122 875 4184 societatem
891 4120 1106 4188 christianam

10 4209 108 4278 t'ortiter
136 4215 237 4282 simul
261 4227 294 4282 et
317 4217 497 4304 prudenter
519 4221 713 4286 exercuerit.
759 4219 812 4283 Ita
834 4241 893 4305 pro
918 4218 1106 4286 differentia
