2844 4840
284 413 321 466 42
560 411 638 466 XXX
667 411 706 466 De
724 329 889 468 Pontiiieitta
908 411 1043 466 Bonifatii
1061 411 1140 467 vnn

285 556 334 619 sic
365 578 399 620 se
430 553 547 619 hebet:
580 555 769 641 Bonifatius
801 556 981 642 episcopus,
1011 577 1119 619 seruus
1149 577 1308 620 seruorum
1335 557 1408 634 Dei,

122 655 189 695 ”⁰⁶¹¹
194 717 253 757 oms
190 659 267 694 Μ’(
230 653 438 757 ιῘΡΙιὶἶίρρο
463 655 658 718 Francorum
680 654 758 740 raqi
805 654 908 716 Deam
932 655 1013 732 time,
1038 664 1068 716 et
1090 653 1246 718 mundato
1270 657 1336 744 ejus
1357 653 1408 716 ot-

133 729 219 769 ’Ἦ
285 750 575 817 carcamusas
598 751 750 832 uolumus,
773 752 895 836 quod
881 775 916 815 uu
930 703 1156 837 spiritualibus
1178 763 1209 816 et
1232 749 1409 838 temporali·

288 849 344 913 bus
368 849 460 913 nodis
482 849 582 913 sudes
629 849 856 934 Beneficiorum
885 859 916 914 et
940 849 1201 936 praebendarum
1231 849 1276 914 aa
1299 861 1327 912 te
1350 848 1410 912 ool-

286 947 366 1012 latio
389 947 482 1011 nulla
504 957 634 1033 spectat,
659 956 688 1009 et
710 950 740 1011 si
763 945 942 1033 aliquorum
964 950 1145 1011 meantium
1158 947 1336 1012 aristodium
1358 948 1410 1008 lea·

286 1046 370 1124 beas,
395 1045 526 1132 fructus
550 1067 655 1109 eornm
682 1045 913 1108 successoribus
941 1066 1100 1124 reserues;
1133 1055 1163 1110 et
1185 1047 1216 1109 si
1237 1067 1319 1130 quoe
1342 1067 1410 1106 corr-

265 1185 268 1190 *
286 1145 398 1223 tulisti,
423 1144 622 1209 collationem
645 1143 824 1232 hujusmodi
839 1145 967 1207 irritam
983 1144 1183 1220 dea-evimus,
1208 1153 1238 1206 et
1261 1153 1411 1228 muretum

285 1243 324 1306 sle
339 1243 434 1330 facto
453 1243 645 1329 processerit
667 1264 857 1306 revocamus.
904 1241 1006 1305 Aliud
1029 1253 1133 1306 autem
1156 1241 1321 1305 medentes
1342 1241 1411 1302 leae·

284 1343 399 1404 reticos
427 1351 620 1428 reputamus.
674 1339 795 1402 Datum
822 1339 867 1403 ad
895 1340 1088 1403 Lateranum
1113 1339 1219 1404 Nonis
1241 1339 1321 1402 Dec.
1352 1349 1412 1402 etc.

286 1437 351 1504 Sed
376 1439 476 1502 ctiam
497 1437 566 1501 alia
581 1439 763 1523 composita
786 1437 850 1501 fuit
872 1447 906 1502 et
928 1438 964 1501 in
979 1435 1101 1523 vulgos
1123 1452 1237 1524 sparsa
1261 1435 1412 1523 epistola,

285 1535 433 1623 Philippi
447 1535 614 1616 videlicet,
631 1557 698 1621 qua
712 1534 888 1599 dicebatur
902 1536 1055 1600 Pontifici
1071 1535 1293 1622 respondisse.
1320 1534 1414 1598 Haec

285 1633 424 1721 epistola
454 1635 500 1699 ita
523 1633 642 1698 habet:
675 1632 858 1720 Philippus,
890 1635 954 1698 Dei
982 1635 1091 1719 mutia
1114 1635 1316 1698 Francorum
1349 1655 1413 1708 rex,

284 1731 452 1818 Bonifatio
484 1755 515 1796 se
538 1732 659 1816 ¹qeremti
683 1754 745 1818 pro
770 1753 886 1796 eumaeo
910 1731 1060 1816 Pontiflce
1091 1731 1223 1796 salntem
1255 1731 1413 1796 modicam

258 1853 340 1894 *seu
363 1829 496 1896 nullam.
533 1829 621 1894 Sciat
635 1831 778 1894 monimo
802 1841 857 1894 too
871 1829 1027 1916 fatuitas,
1050 1832 1086 1894 in
1106 1828 1336 1917 temporalibus
1359 1851 1416 1890 eras

286 1927 385 1993 elicui
407 1952 471 1993 non
494 1929 627 2008 subesse,
659 1927 862 1994 ecclesiaram
884 1939 915 1992 et
940 1929 1197 2015 praebendorum
1228 1927 1413 1991 uocantium

285 2024 471 2090 collationes
493 2027 538 2090 ad
561 2049 619 2091 nos
634 2031 711 2117 jare
726 2029 811 2114 reqio
830 2028 1003 2113 pertinere,
1019 2027 1151 2114 fmsctas
1166 2047 1277 2089 eorum
1290 2037 1416 2089 nosnos

285 2127 402 2205 facere,
427 2125 613 2189 collationes
644 2150 665 2189 a
686 2125 778 2189 nodis
806 2126 955 2189 hactenus
978 2125 1093 2211 factos
1127 2135 1157 2188 et
1186 2126 1222 2187 ia
1247 2135 1416 2209 posterum

277 2223 454 2310 faciendas
469 2224 547 2310 fore
570 2223 700 2288 ualidas
723 2235 753 2288 et
776 2224 812 2287 ia
831 2227 1043 2310 praeteritum
1066 2234 1096 2288 et
1120 2223 1286 2310 sistamus,
1312 2233 1346 2285 et
1369 2245 1414 2284 so·

285 2345 356 2386 rum
372 2343 573 2408 possessores
589 2333 700 2388 eontra
716 2345 821 2386 omnes
836 2319 974 2386 uiriliter
996 2343 1055 2385 nos
1070 2323 1161 2386 tueri.
1197 2318 1298 2384 secas
1313 2330 1420 2383 autem}

285 2419 445 2484 credentes
468 2419 585 2506 fatuos
619 2431 649 2483 et
678 2421 834 2486 dementes
865 2431 1057 2507 reputamus.
1110 2419 1209 2483 Hanc
1238 2425 1415 2504 tamquam

285 2519 465 2604 genuinam
499 2517 673 2604 epistolam
697 2517 866 2583 Bonifatio
896 2540 917 2583 a
946 2517 1103 2604 Philippo
1135 2519 1273 2581 missam
1306 2515 1417 2601 plures

285 2614 412 2682 habent
435 2618 626 2698 auctores‚¹)
658 2615 715 2680 sed
740 2615 857 2680 eadem
882 2615 1056 2681 manifeste
1080 2615 1221 2680 conficta
1243 2613 1419 2699 quaedum,

286 2723 391 2779 estet
414 2715 585 2801 supposita
608 2715 778 2800 responsio
802 2715 890 2798 regis
913 2713 955 2777 ad
971 2715 1178 2800 suppositam
1192 2713 1326 2798 pariter
1351 2711 1419 2774 bul-¹

285 2812 351 2877 lom
366 2812 469 2875 Deum
492 2813 606 2894 time.²)
637 2811 823 2898 Utrumque
848 2811 910 2876 hoc
925 2809 1045 2876 falsum
1061 2810 1305 2876 documentum
1332 2831 1415 2874 com·

284 2911 434 2996 posuisse
459 2911 668 2975 existimatur
683 2911 800 2974 Petrus
817 2908 927 2974 Flotta
950 2911 1037 2995 regis
1058 2907 1290 2990 cancellarios,
1319 2929 1415 2994 quem

286 3005 339 3072 vel
364 3009 435 3093 ipse
459 3007 587 3073 Natalis
610 3007 805 3072 Alexander
828 3009 978 3072 nominat
1001 3006 1171 3071 hominem
1194 3003 1418 3078 diabolicum,

286 3107 529 3170 caecutientem
553 3126 700 3192 corpore,
733 3126 869 3170 caecum
895 3113 1015 3187 mente,
1046 3113 1225 3184 acetosum,
1257 3103 1418 3168 fellitum.

284 3203 500 3288 haereticum,
526 3204 712 3292 discordiae
733 3225 843 3290 regem
863 3206 952 3268 inter
976 3214 1009 3268 et
1034 3200 1208 3267 ecclesiam
1225 3202 1413 3267 Romanam

285 3301 502 3366 incentorem.
554 3302 743 3388 Propagata
781 3312 893 3368 autem
924 3303 988 3366 fuit
1020 3302 1120 3366 etiam
1153 3299 1236 3364 haec
1273 3301 1414 3388 epistola

285 3400 320 3462 in
337 3397 467 3484 vulgus,
492 3411 529 3464 ut
552 3403 655 3466 animi
673 3411 963 3466 commoverentur
986 3398 1169 3482 Gallorum,
1193 3396 1277 3464 dum
1306 3399 1412 3464 crede

285 3507 368 3578 rent,
400 3519 511 3581 regem
543 3507 634 3563 tanto
659 3519 735 3563 cum
760 3499 875 3582 vigore
898 3498 1059 3562 Bonifatii
1089 3497 1256 3562 mandetis
1281 3519 1417 3582 respon<

286 3594 384 3660 disse.
431 3595 543 3661 Etiam
567 3597 693 3661 Romae
725 3595 863 3683 epistola
895 3595 953 3660 iila
977 3595 1067 3660 haud
1100 3597 1214 3680 ignota
1237 3593 1348 3660 fuisse
1372 3595 1411 3656 vi-

284 3692 399 3776 detur3
434 3715 511 3758 nam
545 3696 580 3758 in
608 3694 817 3759 documentis
848 3693 1013 3780 quaedem
1044 3691 1148 3757 verba
1182 3695 1411 3759 inveniuntur.

360 3959 382 4030 ¹)
400 3959 479 4014 Intsr
491 3961 655 4016 recentiores
673 3959 715 4015 ite
734 3959 875 4016 existimet
886 3959 1067 4026 Rohrbachor
1087 3965 1107 4013 t.
1122 3959 1198 4016 XIX.
1212 3959 1231 4018 i
1244 3960 1290 4016 77.
1306 3976 1333 4029 p.
1347 3962 1409 4016 itt:

285 4039 431 4256 &1⁰33
448 4039 673 4187 iiiuiiiiiefele,
693 4121 724 4175 B
738 4120 1021 4194 V1.§688;merito
1041 4119 1111 4175 idem
1130 4125 1209 4176 tenet
1226 4119 1318 4186 Tosti,
1337 4119 1366 4176 T
1377 4117 1409 4173 11.

284 4215 311 4268 P
