2828 4842
253 478 399 534 Dimidium
417 494 478 533 cnm
496 477 514 532 J
516 492 603 532 osane
621 478 740 547 angliae
758 493 831 548 rege.
1048 478 1103 533 ΜΒ

31 621 92 686 nodo
112 622 312 708 expenderet
343 621 459 686 Talem
475 631 586 685 autem
603 622 810 686 existimavit
823 643 894 688 csse
907 620 1102 709 Stephanum

28 719 192 805 bodotriam
215 719 370 804 Anglum,
396 716 607 783 cardinalem
621 717 654 783 S.
673 717 893 802 Chrysogoni,
917 720 1029 784 virum
1053 720 1102 784 in·

24 819 83 900 genii
109 817 233 882 dotibus
262 827 295 882 et
331 818 455 880 virtute
487 815 663 898 illustrem,
703 817 773 901 regi
805 817 896 882 hanc
926 827 1102 903 acceptum

24 915 68 978 iare
86 917 211 998 censuit,
233 925 303 980 tum
327 923 462 1000 propter
484 915 630 978 nominis
647 912 840 998 claritatem,
865 924 936 980 tum
953 915 1042 1001 quod
1058 915 1102 980 ad

22 1013 182 1098 ipsaniam
204 1015 335 1099 saepias
357 1012 483 1076 litteras
507 1034 583 1076 oum
608 1034 729 1096 magna
753 1034 832 1077 suae
862 1015 1102 1079 aestimationis

21 1111 222 1194 significatione
253 1111 406 1176 dedisset.
462 1109 562 1174 Hunc
595 1111 697 1194 igitur
733 1119 770 1174 ut
808 1109 968 1196 eligerent
999 1113 1106 1176 suasit

20 1209 162 1291 monachis,
186 1211 241 1296 qai
264 1209 436 1274 Pontificis
460 1207 624 1272 desiderio
649 1206 798 1273 obsecuti
822 1218 909 1275 suut.
946 1210 1104 1274 Dominae

19 1307 92 1392 Papo,
119 1308 238 1372 dicitur
261 1309 294 1371 in
320 1305 430 1371 Gestis
453 1306 651 1388 Innocentii,
675 1317 753 1392 post
780 1309 991 1372 cassationem
1009 1331 1104 1395 praa

18 1403 142 1470 dictarum
154 1405 348 1484 electionum,
373 1405 516 1494 iajcmait
530 1404 706 1489 qaindecim
720 1405 889 1483 monacbis,
913 1415 949 1468 at
961 1405 997 1470 ia
1007 1429 1104 1492 prae-

17 1505 90 1566 rcatio
113 1527 170 1568 aaa
196 1504 376 1568 electionem
408 1503 593 1566 canonicam
616 1501 655 1564 de
672 1523 816 1588 persono
839 1501 1042 1586 celebrarent,
1075 1514 1106 1568 et

16 1602 172 1666 examinatis
189 1599 404 1666 uoluntatibus
420 1596 623 1686 uinculorum,
647 1600 769 1687 lauanti
783 1609 855 1663 suat
870 1601 906 1662 ia
919 1602 1105 1686 maqistram

17 1696 175 1782 dteplaaam
203 1700 242 1763 de
272 1700 488 1786 Mayuetoae,
529 1697 746 1784 Presbyterum
783 1694 988 1763 Cardiaalem
1019 1697 1106 1764 tituli

15 1793 236 1884 illryaoqoai,
261 1799 434 1875 conuenire,
459 1797 561 1859 airam
583 1797 689 1881 atique
712 1797 789 1876 vita,
813 1797 949 1860 scientia
972 1797 1105 1884 etfama

13 1894 188 1976 praecanam,
213 1897 251 1958 de
269 1895 389 1980 Acylla
413 1894 589 1973 oriundam,
614 1917 703 1980 quam
721 1893 866 1958 domiaaa
881 1895 974 1982 Papa
998 1896 1105 1960 eodem

12 2013 72 2054 arno
92 1991 128 2057 de
150 1994 300 2058 catbedaa
322 1989 511 2079 mayiatrali,
545 2014 637 2076 qaam
659 1990 786 2076 regebat
809 1993 956 2072 Parisiis,
987 2016 1105 2058 assam·

8 2102 92 2170 parat
113 2094 146 2155 ia
168 2091 387 2176 Presbyterum
415 2087 634 2167 Cardiaalem;
670 2089 817 2175 laquem
849 2090 976 2154 taudem
1000 2113 1105 2154 ommes

11 2189 123 2251 maadi
137 2190 268 2276 pariter
290 2197 526 2265 consenserunt,
558 2188 681 2250 muntiis
710 2187 794 2271 reaia
823 2187 879 2250 boc
910 2185 1037 2252 moleste
1052 2189 1105 2276 fe-

6 2285 122 2358 reatibus
143 2299 173 2351 et
196 2285 303 2350 miultis
326 2285 428 2348 modia
452 2283 672 2348 laborantibus
694 2284 859 2371 impedire.
867 2286 892 2367 ¹)

74 2385 122 2449 59.
157 2385 374 2450 Innocentius
399 2383 486 2464 dein,
510 2391 548 2445 ut
570 2384 657 2466 regis
681 2383 830 2447 animum
855 2381 986 2447 facilius
1011 2382 1104 2448 incli·
1127 2398 1263 2450 amosa·

10 2494 79 2543 naret
99 2485 130 2546 in
155 2482 297 2547 electum
321 2479 610 2565 archiepiscopum
634 2480 894 2564 suscipiendum,
925 2482 956 2544 ei
981 2461 1279 2566 signifi-“mm

10 2579 75 2641 cavit
101 2578 190 2644 illam
222 2577 432 2659 electionem,
466 2587 503 2640 ut
534 2598 606 2640 eam
630 2591 758 2661 gratam
782 2575 935 2661 haberet,
968 2577 1105 2665 speciali

10 2676 124 2756 quadam
141 2678 344 2757 deferentia3
370 2697 447 2740 nam
464 2696 566 2760 quum
582 2677 669 2758 regis
684 2675 783 2760 legati
799 2675 924 2740 Romae
941 2676 1105 2760 adessent,

9 2784 31 2833 et
53 2777 165 2840 creatio
201 2777 280 2838 novi
311 2773 552 2859 archiepiscopi
577 2775 711 2837 omnino
752 2776 913 2838 canonica
951 2786 1038 2839 esset
1074 2783 1108 2838 et

9 2871 73 2954 apud
95 2873 216 2938 Sedem
240 2871 466 2958 Apostolicam
491 2872 594 2952 sacta,
626 2893 668 2934 ex
685 2871 772 2957 juris
803 2871 1019 2958 dispositione
1047 2894 1108 2957 per

9 2988 33 3030 se
56 2993 113 3036 non
143 2970 387 3058 requirebatur,
428 2979 463 3032 ut
495 2992 516 3032 a
539 2969 701 3032 Pontifice
731 2968 846 3034 eadem
878 2968 1002 3035 Joanui
1035 2979 1107 3055 regi

8 3067 227 3146 significaretur
250 3067 387 3154 ejusque
413 3088 592 3131 consensus
616 3076 791 3151 peteretur.
838 3067 949 3132 Etiam
974 3089 1016 3131 ex
1040 3089 1107 3132 mo·

9 3165 98 3231 sachis
120 3167 187 3232 duo
214 3167 363 3251 deputati
389 3165 530 3230 suntad
554 3166 640 3249 regis
664 3186 860 3229 consensum
876 3166 1107 3231 obtinendam.

7 3262 54 3325 bed
75 3287 128 3328 rex
152 3264 232 3330 inde
256 3262 299 3328 ab
324 3265 419 3327 initio
444 3264 593 3328 animum
620 3261 718 3326 valde
748 3262 927 3327 adversum
952 3264 1106 3330 ostendit.

7 3355 97 3426 Nuntii
121 3360 372 3443 monachorum,
397 3361 665 3447 quamprimum
690 3363 724 3424 in
748 3359 907 3446 Angliam
932 3372 1106 3446 venerunt,

8 3461 75 3542 rapti
103 3473 134 3525 et
164 3463 200 3526 in
232 3458 416 3524 custodiam
447 3459 647 3522 missisunt
695 3458 749 3523 Ad
774 3459 970 3524 Pontificem
994 3469 1107 3526 autem

7 3551 128 3624 loannes
151 3558 280 3624 litteras
304 3578 396 3621 acres
420 3555 645 3620 minabundus
669 3558 768 3623 misit.
815 3557 917 3621 Brevi
950 3570 1027 3622 ante
1050 3559 1107 3624 Jo-

8 3671 87 3718 snnes
109 3653 299 3721 Cardinalis
323 3653 544 3730 Florentium,
577 3653 630 3719 die
662 3653 700 3718 9⁰
724 3652 878 3720 Octobris
902 3657 982 3720 anni
1008 3656 1105 3740 1206,

9 3753 145 3830 alodum
176 3753 324 3837 Radiugi
356 3751 536 3838 (Reading)
569 3753 604 3815 in
635 3751 760 3837 Anglia
790 3751 970 3833 habuerat,
1010 3754 1106 3840 cujus

9 3864 76 3928 gesa
98 3852 188 3918 haud
214 3863 291 3915 note
315 3859 401 3931 sunt,
426 3872 646 3936 magnamque
671 3871 835 3915 summam
858 3853 1021 3936 pecuniae
1044 3873 1105 3937 pro

11 3941 117 4014 denario
140 3949 175 4016 S.
201 3949 290 4013 Petri
324 3959 507 4033 acceperat.
554 3949 626 4012 Rex
656 3949 758 4034 igitur
780 3948 934 4013 Pontifici
962 3949 1105 4035 scripsit,

12 4046 137 4112 claud
169 4046 365 4130 intelligere,
405 4068 470 4132 qua
501 4047 629 4110 ratione
659 4046 874 4111 Innocentius
904 4048 1107 4112 consenserit

10 4185 197 4202 Q.—

64 4259 228 4330 lusan
250 4259 309 4313 131,

48 4357 178 4410 Jrnmann,
193 4359 383 4400 Dissertationum.
397 4360 462 4399 Tam.
474 4358 502 4400 Y.
877 4350 910 4403 18
