2832 4844
172 1739 539 1862 Dissertatio
578 1738 926 1886 trigesima.

108 1972 178 2054 Ite
208 1970 541 2054 Pontificatn
571 1968 827 2052 Bonifatii
855 1969 997 2052 vill.

98 2331 122 2392 1.
148 2311 190 2392 In
217 2325 304 2392 Sede
328 2326 415 2389 Petri
444 2323 578 2389 labente
606 2323 737 2389 saeculo
761 2324 848 2389 XIII
877 2335 909 2388 et
932 2326 1112 2410 incipiente
1121 2333 1212 2372 ledan
1229 2333 1282 2373 ⁰¹·-

1087 2425 1093 2437 .
1131 2395 1269 2435 sartationu.

16 2419 78 2484 xit*
99 2425 184 2490 sedit
208 2421 397 2510 Bonifatius
427 2423 513 2487 Vm.
568 2423 651 2509 Ejus
683 2423 927 2509 pontificatum,
959 2445 1113 2509 quamvis

18 2517 83 2584 land
104 2522 225 2607 longae
250 2521 350 2585 fuerit
366 2519 559 2602 durationis,
585 2531 696 2585 tamen
713 2523 832 2584 summi
849 2543 919 2585 ease
945 2521 1111 2602 momenti,

16 2621 250 2686 sloecnndum
276 2618 461 2701 eventibus,
486 2621 543 2705 qui
568 2620 602 2683 in
626 2617 695 2682 fata
719 2618 888 2683 Ecclesiae
912 2618 1112 2703 singularem

17 2733 166 2784 nercuere
199 2715 377 2799 influxum,
411 2737 525 2780 omnes
550 2718 764 2781 conveniunt.
811 2717 876 2780 Hie
900 2726 1009 2780 autem
1034 2737 1112 2803 pou·
1226 2736 1230 2745 ·

12 2813 130 2881 tilicatus
154 2839 195 2881 eo
222 2817 328 2900 magis
344 2815 560 2878 attentionem
586 2825 706 2896 movet,
732 2813 820 2901 quod
845 2813 923 2879 inde
946 2838 966 2879 a
989 2825 1112 2901 tempo-

11 2909 82 2976 ribus
101 2913 267 2978 Bonifatii
291 2911 451 3000 paulatim
477 2911 661 2976 dimInutus
682 2914 837 2998 apparuit
856 2912 1008 2979 salutaris
1024 2911 1112 2976 illius

9 3014 195 3076 auctoritatis
220 3012 378 3093 influxus,
403 3033 501 3098 quem
526 3011 593 3076 Ru.
612 3009 789 3075 Pontifices
813 3009 922 3075 medio
946 3033 1029 3075 aevo
1054 3032 1112 3098 per

8 3103 82 3188 plura
104 3107 242 3173 saecula
273 3119 309 3172 ut
330 3108 527 3194 populorum
553 3108 807 3173 christianorum
840 3112 960 3173 summi
984 3109 1111 3192 arbitri,

6 3207 84 3269 cuam
107 3210 142 3272 in
168 3209 323 3292 regimen
350 3205 532 3292 temporale
557 3206 722 3271 societatis
737 3216 967 3271 exercuerunt.
997 3205 1109 3287 Quum

8 3319 66 3366 reno
88 3306 264 3372 Ecclesiae
292 3306 370 3391 jura
399 3327 520 3390 magna
551 3327 627 3370 cum
652 3307 776 3370 virtuts
802 3304 1028 3370 vindicaverit
1050 3303 1110 3368 Bo·

5 3401 128 3484 nifatius,
159 3414 285 3468 nactus
308 3413 358 3467 est
381 3422 439 3467 suo
464 3411 610 3489 tempore
635 3404 863 3468 infestissimos
886 3403 1109 3482 adversarios3

5 3515 50 3560 aec
70 3513 186 3586 postea
205 3499 392 3583 defuerunt,
418 3501 474 3586 qui
489 3499 691 3583 ambitionis,
716 3500 900 3587 superbiae,
925 3502 1108 3586 arrogantis

4 3593 233 3681 inprudentiae
259 3621 333 3662 eum
358 3611 547 3683 arguerunt.
583 3597 655 3663 Imo
680 3598 803 3663 multae
827 3599 927 3663 etiam
950 3597 1035 3663 aliae
1058 3621 1109 3663 ac·

4 3699 172 3761 coactiones
198 3697 271 3782 jam
295 3697 401 3782 ipsius
424 3707 531 3761 aetate
556 3699 590 3761 in
614 3695 703 3761 hunc
728 3707 903 3782 congestae
926 3707 1003 3761 sunt
1025 3696 1108 3760 Pon-

4 3791 113 3876 ticam,
147 3797 199 3858 ita
223 3803 261 3858 ut
283 3793 426 3880 plurima
454 3797 537 3859 vitia
560 3805 593 3859 et
617 3796 757 3859 crimina
780 3793 970 3859 foedissima
1002 3795 1031 3858 ei
1055 3796 1108 3858 tri·

4 3883 173 3960 lucrentur.
225 3890 403 3977 Illegitima
435 3891 591 3958 videlicet
619 3895 789 3978 usurpatio
821 3891 916 3958 Sedis
940 3893 1109 3957 Romanae

4 4005 28 4048 tc
43 3991 196 4072 simonia,
222 3991 364 4054 avaritia
387 4000 420 4055 et
442 3989 662 4076 impudicitia,
686 3989 831 4055 haeresis
846 4001 880 4055 et
894 3989 1107 4055 incredulitas

4 4082 190 4174 tiobjectae
209 4087 317 4170 fuer03
342 4097 375 4151 et
397 4087 677 4174 quemadmodum
702 4089 737 4153 in
760 4089 831 4154 vita
855 4111 915 4153 sua
938 4087 1042 4152 multa
1064 4088 1107 4153 ab

4 4185 128 4252 testibus
161 4207 285 4273 passus
314 4196 364 4250 eat
386 4185 482 4268 mala,
517 4188 563 4252 ita
592 4185 774 4250 adversarii
807 4187 907 4250 etiam
939 4195 1013 4272 post
1035 4187 1107 4272 ejus

4 4296 116 4349 nonem
141 4283 341 4349 memoriam
367 4282 472 4370 ipsius
495 4284 628 4350 foedare
653 4305 719 4349 non
744 4283 949 4351 destiterunt.

37 4397 177 4450 anamma,
192 4401 381 4441 nummum.
396 4401 459 4442 rom.
475 4400 514 4443 vr.
966 4391 981 4445 1
