2858 4834
322 411 431 464 Henrici
450 409 478 463 11
498 409 634 477 expeditio
654 409 681 463 in
700 409 866 464 Hiberniam.
1100 411 1154 464 219

48 555 215 620 Alexandri
239 555 291 620 lll
320 565 432 618 tamen
462 553 649 618 nullatenus
681 555 816 634 eruitur,
849 552 937 639 quod
970 553 1034 618 sibi
1065 557 1153 618 attri-

47 655 162 717 buerint
181 654 313 739 plenum
330 652 563 738 proprietatem
587 650 784 729 Hiberniae,
819 652 864 714 ita
896 662 931 713 ut
964 647 1026 716 hoc
1057 650 1152 714 titulo

47 752 174 816 Henrico
199 751 233 814 ΙΙ
257 772 329 814 eam
356 749 527 814 donarent.
553 787 594 794 —
622 747 802 812 Censemus
826 751 937 833 igitur,
962 771 1070 834 perse
1087 751 1152 814 Ha-

44 850 180 912 drianum
198 849 247 912 IV
272 847 316 912 ob
340 846 422 911 illud
446 847 641 931 rescriptum
658 846 804 910 Henrieo
821 847 854 910 11
879 847 1052 930 directum,
1078 869 1152 913 con-

42 947 178 1012 sideratis
202 967 313 1011 rerum
337 945 514 1031 adjunctis,
546 946 695 1008 accusari
725 967 791 1009 uon
816 967 921 1030 posse.
975 943 1151 1012 Caeterum

42 1044 119 1108 baud
142 1046 308 1109 immerito
331 1043 477 1108 advertit
500 1041 758 1127 Hergenrbther,
782 1044 817 1106 in
841 1041 904 1108 hoc
920 1065 998 1108 casu
1015 1065 1081 1109 non
1096 1045 1150 1129 agi

40 1141 73 1206 de
94 1142 204 1230 aliqua
229 1141 421 1206 definitione
446 1141 478 1204 in
503 1161 538 1204 re
554 1139 632 1203 fidei
657 1139 709 1204 vel
734 1161 872 1219 morum,
904 1140 1053 1227 adeoque
1077 1142 1151 1206 sub-

39 1243 185 1325 reptionis
210 1239 263 1304 vel
288 1239 491 1324 obreptionis
516 1238 682 1302 defectum
715 1240 749 1302 in
773 1237 830 1302 tali
855 1239 942 1304 facto
966 1262 1032 1304 non
1056 1261 1150 1327 repu-

37 1361 136 1420 gnare.
194 1339 403 1402 Hadrianum
430 1336 610 1422 Amplioaao
645 1335 823 1422 affectione,
857 1338 1005 1416 indebite,
1039 1340 1150 1403 ordine

31 1439 106 1522 jin-ir
129 1440 243 1501 amuco
269 1437 405 1514 omre-ino,
439 1437 554 1518 egisse,
580 1457 731 1521 proceres
746 1435 928 1499 Hiberniae
953 1437 987 1498 in
1011 1436 1149 1520 epistola

36 1533 70 1596 ad
91 1535 256 1600 Joannem
282 1533 384 1598 XXII
409 1536 579 1619 conquesti
604 1545 696 1615 suut3
729 1534 762 1598 id
786 1545 896 1598 tamen
921 1556 986 1597 non
1011 1534 1148 1598 admise-

36 1634 136 1698 rimus.
162 1633 270 1698 —In
295 1653 372 1698 casu
397 1631 600 1717 obreptionis
624 1631 675 1695 vel
700 1631 922 1716 subreptionis
951 1631 1040 1695 houd
1065 1633 1148 1696 diffi-

35 1730 86 1793 cile
109 1733 238 1813 fuisset,
263 1754 282 1794 a
299 1729 385 1794 Sede
402 1729 594 1815 Apostolica
618 1729 766 1794 obtinere
786 1731 871 1816 juris
888 1733 1146 1816 reparationem,

34 1828 80 1892 sed
104 1852 278 1916 nunquam
310 1827 451 1892 Hiberni
486 1827 520 1891 id
551 1830 684 1913 petiisse
716 1827 912 1914 videntur¹).
963 1828 1146 1892 identidem

32 1937 131 1990 auteur
159 1927 300 1991 Romani
328 1925 505 1990 Pontifices
537 1940 736 1991 monuerunt
759 1927 901 2011 Angliae
933 1949 1037 2010 reges,
1069 1933 1147 1992 uta

32 2027 200 2106 tyrannica
213 2025 440 2088 dominatione
452 2024 666 2091 abstinerent.
679 2025 1146 2110 -Advertendumpostremo

30 2137 80 2192 est,
104 2125 142 2186 de
160 2125 257 2210 facto
285 2121 457 2210 epistolam
483 2122 648 2186 Hadriani
680 2127 714 2187 in
746 2123 998 2188 submissionem
1031 2123 1148 2188 Hiber·

30 2223 94 2284 uiae
118 2243 186 2285 non
214 2220 380 2302 habuisse,
416 2231 576 2306 quantum
601 2233 749 2307 apparet,
775 2242 930 2306 maguum
965 2221 1146 2303 influxum3

29 2317 78 2380 sed
101 2320 279 2404 occupatio
303 2329 451 2405 ternpore
476 2318 660 2382 Alexandri
685 2319 746 2400 Ill,
772 2341 933 2384 consensu
957 2321 1145 2405 principum

29 2427 55 2476 et
76 2416 268 2501 praesulum
292 2441 329 2482 eo
354 2419 452 2482 modo
478 2418 566 2482 facta
591 2430 649 2498 est,
674 2420 722 2480 nti
747 2419 897 2502 superius
922 2416 1077 2484 vidimus.

105 2544 160 2606 66.
202 2541 323 2622 Quoad
355 2544 496 2607 loannis
531 2543 783 2608 Sarisberiensis
816 2543 1048 2622 narrationem,
1080 2541 1316 2650 quaffifflffl

28 2641 125 2720 refert,
170 2644 243 2726 ipso
277 2651 414 2723 rogante
450 2641 658 2704 Hadrianum
689 2641 737 2704 IV
775 2640 914 2704 donasse
948 2639 1144 2704 Hiberniam
1214 2668 1261 2710 eu.

30 2734 222 2820 Henricoll,
248 2741 419 2824 supposita
433 2741 638 2823 genuinitate
656 2750 775 2818 textus,
802 2739 954 2820 dixerim,
979 2738 1144 2804 Joaunem

28 2855 60 2896 ex
83 2839 242 2922 opinione
275 2837 416 2922 quadam
443 2847 684 2922 praeconcepta
715 2847 826 2901 actum
852 2835 1015 2906 Hadriani
1046 2859 1144 2920 exag-

26 2953 156 3014 gerasse.
207 2933 345 2999 Censuit
377 2935 510 3020 quidem
544 2935 709 3017 Joanues,
741 2934 783 2998 ob
817 2935 1028 2999 donationem
1060 2934 1144 3001 Con·

27 3034 161 3114 stantini,
200 3053 300 3117 quam
333 3055 391 3096 suo
427 3033 524 3096 modo
557 3032 717 3117 explicat,
749 3033 881 3118 plenam
912 3035 1143 3098 auctoritatem

89 3248 106 3312 ’,ι
127 3245 184 3298 Cfr.
207 3245 413 3313 Hergenrbtber
432 3245 534 3300 Kircbe
553 3245 607 3298 und
627 3245 714 3306 Stoat,
744 3246 768 3300 S.
789 3248 849 3301 355.
885 3277 915 3284 -
948 3246 1025 3301 Citet
1048 3255 1143 3302 auctor

27 3321 104 3380 luntre
125 3325 178 3380 llI.
199 3325 229 3378 L.
250 3325 298 3378 Vl.
318 3341 358 3392 ep.
379 3327 421 3380 75.
461 3325 547 3392 ,Quia
565 3341 613 3394 per
631 3331 739 3380 statuta
764 3326 892 3381 canoniea
910 3327 1049 3381 sententie
1066 3329 1142 3384 Sedis

28 3407 187 3468 spostolicae
207 3421 260 3460 nou
279 3411 399 3474 negatur
417 3406 445 3459 iu
465 3405 561 3460 melius
574 3421 651 3474 posse
664 3406 830 3472 commutari,
850 3423 908 3460 cum
926 3414 975 3460 aut
986 3414 1141 3477 rumentum

27 3483 113 3550 mquid
132 3486 228 3550 fuerit,
258 3491 307 3538 aut
325 3487 384 3553 ipsa
408 3503 456 3554 pro
475 3486 688 3541 consideratione
716 3495 865 3554 temporum
893 3493 922 3541 et
946 3493 1068 3542 aetatum
1092 3504 1140 3543 seu

28 3567 208 3620 suscitatum
228 3566 355 3634 gravium
376 3567 478 3633 aliquid
499 3567 695 3634 dispensatorie
720 3567 844 3621 ordinere
872 3567 1018 3624 decrevit.“
1045 3599 1076 3608 -
1102 3569 1140 3623 Et

29 3642 110 3699 Petrus
129 3647 303 3701 Venerabilis
327 3646 362 3699 ad
381 3646 553 3702 cardinalem
572 3648 744 3714 Aymericum
772 3648 902 3702 reclamat
929 3655 1025 3703 eontra
1051 3649 1139 3718 dispo-

28 3722 137 3780 sitionem
156 3725 325 3794 pontificiam
345 3726 566 3782 cluniacensibus
585 3728 732 3794 molestam,
760 3729 815 3784 illis
839 3728 944 3783 verbis:
978 3729 1137 3797 „Laborate

29 3803 128 3868 abacto,
137 3813 172 3860 ut
183 3807 211 3859 in
225 3806 322 3860 melius
335 3808 474 3862 sententia
487 3815 674 3872 commutetur,
685 3809 748 3874 quie
761 3810 858 3863 mirum
871 3809 1038 3878 sapientibus
1051 3809 1138 3864 rideri

29 3897 69 3936 eon
85 3885 171 3950 debet,
191 3887 215 3940 si
234 3885 335 3941 homini
354 3888 441 3941 tantis
460 3889 545 3942 totius
564 3889 657 3942 mnndi
676 3889 746 3943 curis
765 3890 793 3943 in
813 3889 924 3944 diversa
936 3891 1066 3944 distracto
1080 3891 1137 3958 qui-

30 3961 80 4016 libet
97 3981 144 4018 sus
164 3982 298 4033 quaerens
317 3967 460 4036 subripere
480 3968 579 4036 potuit.
598 3970 644 4023 sed
657 3969 736 4024 valde
754 3971 851 4025 mirum
864 3969 1010 4032 videbitur,
1028 3969 1051 4024 ai
1064 3976 1136 4038 post·

30 4055 91 4102 ruam
119 4045 299 4112 perniciosum
327 4049 494 4116 cognoverit,
522 4053 618 4102 tentus
647 4055 741 4118 pastor
769 4051 864 4106 oribus
887 4066 940 4104 non
960 4050 1134 4118 providerit.“

30 4123 206 4179 ltnsssern.
227 4127 495 4194 e1›.4oaduon0r.
515 4129 558 4196 11;
587 4146 629 4197 ep.
649 4130 700 4184 231
722 4146 748 4186 n.
770 4129 787 4184 3
806 4131 839 4184 ed
859 4129 936 4184 Card.
959 4131 1061 4198 Episc3
1093 4147 1134 4198 ep.

29 4202 69 4253 :bit
84 4205 114 4256 sd
133 4207 240 4273 Eugeu.
260 4207 312 4262 111.
