2868 4844
201 451 242 506 De
260 452 510 516 Rmemationiboa
529 453 656 518 Annalis,
675 453 851 508 Commentis.
1059 453 1112 508 286

8 617 96 660 rorum
119 597 317 663 executione
340 617 392 662 res
416 599 613 682 processerit
637 594 800 662 Clementi
819 620 867 662 ex
889 601 1012 682 animo,
1045 619 1112 664 non

8 696 118 760 omnino
141 693 258 780 liquet.
303 693 357 760 Ex
381 695 598 780 querimoniis
622 694 776 762 Durandi
802 694 1010 763 Mimateosis
1033 704 1113 760 tem-

8 813 65 878 pore
88 789 231 858 Concilii
256 791 458 858 Viennensis
490 791 599 876 colligi
633 803 748 878 potest,
781 791 977 860 Cardinales
1000 793 1112 860 adbuc

8 891 143 954 tabuisse
179 889 404 956 commendas.
472 889 565 971 Quas
602 893 684 976 ipsis
723 891 806 956 forte
845 889 935 957 baud
974 913 1113 956 renuere

8 989 94 1072 potuit
133 985 300 1068 Clemens,
346 1009 387 1052 ne
425 990 620 1057 necessariis
659 989 760 1054 stetin
799 1011 858 1054 suo
896 987 1114 1074 proventibus

8 1096 147 1150 ruerent.

75 1185 129 1250 87.
176 1183 326 1248 loannes
350 1181 453 1248 XXII
479 1185 588 1248 varias
612 1186 731 1248 iterum
756 1205 821 1250 non
846 1194 974 1250 tantum
1000 1183 1115 1250 Cardi-

8 1281 129 1362 salibus
154 1280 334 1348 sedetiam
358 1280 433 1348 aliis
456 1279 594 1363 largitus
618 1291 667 1346 est
690 1281 913 1363 commendas,
937 1281 1117 1347 sedBene·
1224 1277 1230 1288 '

8 1380 96 1444 lictus
120 1379 194 1444 XI]
228 1402 256 1446 a.
286 1380 370 1444 1335
397 1381 557 1444 reuocauit
581 1401 685 1444 omncs
708 1379 906 1444 commendas
920 1379 1035 1466 factas
1052 1401 1116 1466 per

8 1479 244 1542 rracdcoeasorca
282 1499 355 1542 usos
392 1475 431 1540 dc
470 1476 609 1542 ecclesiis
648 1477 885 1542 cathedralibus
917 1489 948 1542 et
977 1477 1116 1542 abbatiis

8 1576 227 1661 abacorum
251 1577 411 1660 personia,
441 1577 582 1661 receptis
610 1573 848 1654 Carolinalibna,
879 1599 1010 1661 qaorum
1037 1597 1115 1640 com·

8 1675 118 1738 modas
157 1673 298 1738 mam
336 1674 536 1754 reuocauit.¹)
589 1672 664 1754 Quo
703 1673 928 1755 subinnuitur,
968 1695 1117 1759 sperasse

8 1771 200 1852 Pontificem,
219 1781 404 1857 opportune
429 1773 529 1838 etiarn
553 1771 733 1858 aliquando
751 1795 770 1838 a
787 1794 821 1836 se
843 1772 996 1838 revocari
1019 1793 1116 1857 posse

8 1867 203 1934 :ommendos
228 1867 470 1936 Cardinalium.
502 1867 656 1936 Clemens
681 1869 729 1933 Vl
754 1871 1005 1954 episcopatuum
1031 1891 1116 1934 com·

8 1967 126 2032 condas
152 1988 216 2032 nco
242 1966 377 2032 videtur
400 1968 612 2046 concessisse,
641 1989 704 2032 nec
728 1977 1016 2048 commemoratur,
1040 1989 1117 2032 eum

10 2087 27 2130 n
48 2063 290 2130 distribuendis
313 2064 520 2133 commerciis
546 2064 644 2130 valde
667 2064 797 2149 largum
820 2064 938 2146 luisse;
970 2074 1116 2130 attamen

8 2161 206 2230 innocentius
229 2161 276 2226 VI
301 2164 420 2228 iterum
447 2165 554 2248 primo
578 2185 666 2228 auno
691 2161 904 2248 pontificatus
928 2164 980 2227 sui
1004 2183 1119 2228 omnes

8 2260 204 2326 emmendas
229 2263 409 2326 revocavit.
457 2259 611 2346 &apulos
639 2260 838 2326 commodas
867 2262 906 2326 <lc
929 2259 1119 2326 camedrali·

8 2361 45 2422 lus
67 2360 117 2424 ccl
143 2359 220 2424 aliis
244 2358 394 2437 calamis,
426 2361 638 2436 monasteriis,
663 2358 876 2444 praelaturis,
904 2358 1118 2444 prioratibus,

8 2457 209 2542 bonaoabue,
237 2457 471 2542 personatibus,
505 2455 848 2534 administrationibus,
882 2454 1008 2540 officiis,
1032 2455 1119 2520 bonc-

8 2555 76 2634 ia'is,
112 2555 305 2620 arata-itate
330 2554 517 2641 Apostolico
549 2552 772 2638 revocamus.¹)
824 2553 969 2640 Excepit
1007 2563 1120 2620 temen

8 2657 85 2718 tiam
122 2655 194 2738 ipsc
228 2651 441 2730 Cardinales3
477 2674 518 2716 ex
551 2673 615 2738 quo
649 2650 833 2736 colligitur,
867 2651 984 2716 horum
1019 2651 1120 2714 statui

8 2752 204 2818 :covenienti
238 2749 335 2816 aliter
364 2750 533 2835 provideri
559 2771 625 2815 nou
651 2751 807 2834 potuisse.
856 2749 987 2813 Minora
1019 2749 1119 2812 etium

8 2861 83 2914 crant
115 2847 340 2930 incommoda,
374 2847 464 2934 quod
488 2846 730 2913 Cardinalibus.
756 2846 918 2912 dioecesis
948 2844 1063 2930 aliquo
1086 2847 1121 2910 in
1185 2888 1195 2910 0

8 2947 225 3012 :cremendam
256 2945 400 3010 daretur.
454 2945 540 3010 Nam
572 2947 728 3031 quamvis
759 2967 798 3009 ea
830 2952 948 3024 aetate,
986 2942 1121 3028 quando

8 3043 110 3130 liquis
134 3047 312 3132 episcopus
335 3043 377 3108 ad
395 3042 623 3110 cardinalatus
638 3043 834 3127 dignitatern
851 3041 1121 3128 promovebatur,

8 3141 155 3208 lioeccsis
184 3143 507 3221 administrationem
541 3141 613 3226 ipso
636 3140 803 3206 dimittere
828 3149 861 3204 et
883 3139 969 3206 alius
998 3140 1122 3224 episco-

8 3263 53 3306 ros
77 3246 112 3308 in
136 3241 248 3306 locum
273 3241 379 3326 ipsius
407 3240 586 3306 succedere
617 3238 745 3318 soleret,
778 3247 892 3324 postea
915 3247 1040 3315 tamon,
1074 3237 1121 3298 uti

8 3352 24 3402 u
46 3341 169 3404 nostris
192 3337 323 3418 diebus,
348 3337 543 3404 Cardinoles
567 3338 780 3422 episcopatus
797 3356 874 3400 suos
892 3334 964 3418 jam
979 3334 1123 3398 retinere

8 3447 251 3502 unsueverunt.

79 3537 136 3602 88.
174 3534 424 3620 subsequentes
447 3533 583 3618 quidem
608 3533 787 3598 Pontifices
812 3531 935 3616 pariter
959 3548 1124 3593 commeo·

8 3631 111 3698 lorum
135 3656 233 3698 usum
258 3635 455 3716 restringere
479 3639 737 3706 consueverunt,
768 3628 826 3694 scd
850 3637 999 3710 tempore
1021 3624 1124 3690 schis-

8 3734 88 3798 uatis
113 3741 148 3796 et
168 3741 328 3817 sequente
351 3741 459 3796 aetate
483 3729 595 3794 adhuc
619 3729 725 3814 magis
758 3725 909 3792 inolevit.
957 3723 1123 3804 Quamvis

8 3833 80 3894 >nim
107 3830 173 3914 ipsi
194 3829 376 3896 Pontifices
406 3829 540 3914 saepius
564 3835 810 3912 conquerantur
842 3823 884 3888 de
908 3825 979 3917 ipso
1013 3844 1124 3886 rerum

8 3939 78 3992 suto
114 3927 310 4013 disciplinae
343 3925 587 3992 ecclesiasticae
620 3926 815 4010 pernicioso,
848 3934 958 3986 tamen
991 3929 1126 4005 propter

67 4161 89 4230 ⁸)
111 4160 153 4214 Ex
171 4159 245 4214 Vitis
263 4157 406 4213 Benedicti
425 4172 467 4224 up.
487 4155 621 4223 Raynald.
642 4171 665 4210 e.
690 4153 765 4209 13³5.
786 4169 811 4206 u.
832 4153 874 4206 67.

66 4251 92 4322 ¹)
113 4249 147 4302 V.
166 4249 299 4317 Rayuold.
318 4263 342 4301 o.
363 4247 441 4301 1853.
463 4262 489 4299 ιι.
510 4248 552 4301 3⁸2.
