2900 4836
299 403 352 456 374
423 401 536 458 XXXV.
555 401 596 456 De
615 401 715 458 Concil.
733 400 883 455 Basileensi
901 415 933 454 ac
951 399 985 454 de
1003 399 1110 467 synam
1129 399 1290 455 Florentiae

299 545 419 630 agendi
446 546 562 610 modus
587 545 824 609 Basilecnsium
850 554 967 629 vergat
991 545 1025 608 in
1048 542 1288 629 praejudicium
1310 540 1402 625 digni·

299 645 376 708 tatis
411 642 507 708 Sedis
538 642 760 728 Apostolicae.
808 640 874 706 Sed
910 651 1038 726 poterat
1072 653 1206 727 propter
1239 661 1346 724 pacem
1377 651 1404 701 et

300 744 455 806 unionem
481 739 696 806 obtinendam
712 738 890 820 declarare,
915 739 1031 803 addita
1044 738 1191 823 generali
1207 738 1403 811 restrictione,

299 861 333 902 se
357 841 523 924 suscipere
548 838 734 902 Concilium
758 835 914 920 generale
937 836 1139 902 Basileense.
1186 835 1252 901 Sed
1284 844 1404 920 postmo-

300 937 379 1001 dum
411 938 619 1001 existimasse
643 936 800 1000 videntur
828 936 1017 1018 gravissimi
1042 936 1124 1014 viri,
1160 944 1208 997 tot
1239 931 1407 996 defectibus

299 1049 332 1098 et
363 1045 455 1098 tanta
486 1034 628 1098 audacia
664 1035 698 1096 in
730 1032 850 1096 Sedem
881 1031 1108 1117 Apostolicam
1141 1033 1293 1095 vitiatam
1320 1030 1406 1093 fnisse

300 1131 556 1196 celebrationem
588 1130 676 1194 illius
700 1128 846 1215 Synodi,
882 1139 920 1195 ut
943 1129 1021 1194 inde
1052 1129 1153 1215 digna
1185 1128 1277 1194 haud
1304 1129 1344 1192 sit
1364 1149 1408 1192 no

300 1230 400 1294 minis
424 1227 565 1294 Concilii
590 1231 812 1310 oecumenici,
842 1237 875 1292 et
897 1228 1078 1292 declaratio
1102 1229 1247 1313 Eugenii
1272 1231 1339 1312 ipso
1360 1225 1407 1308 Sy·

299 1327 378 1392 nodi
403 1329 484 1392 vitio
509 1327 702 1391 inhaerente
718 1326 820 1391 veluti
845 1325 1041 1391 infirmetur.
1087 1325 1182 1390 Haec
1205 1327 1308 1409 igitur
1328 1323 1408 1388 nobis

299 1427 383 1489 ratio
406 1447 477 1490 esse
501 1425 649 1505 videtur,
682 1447 742 1489 cur
772 1446 838 1488 non
862 1424 1014 1489 obstante
1038 1425 1182 1508 Eugenii
1206 1425 1256 1488 IV
1282 1422 1408 1487 declara·

299 1526 399 1606 tione,
423 1533 533 1586 amen
558 1546 578 1586 a
603 1521 767 1609 plerisque
787 1520 980 1587 auctoribus
1004 1521 1177 1587 catholicis
1196 1522 1256 1586 illa
1272 1519 1410 1606 Synodns

300 1623 482 1686 universim
507 1642 573 1685 non
596 1631 807 1684 recenseatur
831 1623 917 1685 inter
933 1618 1084 1684 Concilio
1106 1621 1289 1704 generalia.
1327 1617 1408 1698 Quod

300 1743 378 1785 vero
403 1719 445 1784 ad
471 1719 595 1783 decreta
619 1728 756 1806 spectat,
792 1739 856 1783 non
882 1730 1030 1804 apparet,
1065 1719 1209 1803 Eugenii
1236 1717 1408 1782 declaratio

301 1840 376 1882 nem
408 1839 442 1882 se
473 1815 516 1880 ad
548 1815 604 1880 illa
634 1817 824 1882 extendere.
878 1817 944 1881 Sed
978 1817 1263 1902 quemadmodum
1290 1817 1355 1902 jam
1384 1816 1408 1875 in

301 1915 449 1982 Concilio
475 1914 665 1979 Florentino
699 1914 944 1993 declaraverat,
974 1937 1008 1978 se
1032 1914 1237 2002 approbasse
1268 1916 1410 1978 condano·

300 2017 415 2078 tionem
440 2011 580 2077 Consilii
589 2062 597 2095 ,
622 2034 689 2077 non
714 2033 792 2076 vero
817 2012 888 2097 ejus
912 2012 1055 2095 decreta,
1080 2015 1127 2076 ita
1150 2015 1255 2078 etiam
1278 2013 1341 2077 alia
1362 2015 1408 2074 ista

299 2109 479 2175 decla-ratio
503 2109 676 2174 referenda
700 2119 750 2174 est
777 2109 820 2174 ad
844 2110 1084 2175 celebrationem
1107 2109 1269 2191 Consilii,
1300 2110 1410 2196 judicio

301 2209 342 2273 dc
366 2209 507 2273 decretis
530 2218 709 2273 reservato.

138 2377 279 2419 comtraao
389 2352 442 2417 35.
476 2352 538 2416 His
562 2373 646 2437 quae
671 2351 817 2416 diximus
841 2353 921 2416 satis
945 2361 1128 2416 consonant
1150 2373 1239 2438 quae
1265 2351 1412 2416 habentur

128 2439 335 2542 *222‘2'511
360 2447 604 2514 Constitutione
629 2450 743 2512 Pastor
767 2460 911 2514 aeternas
935 2473 955 2514 a
979 2450 1092 2514 Leone
1115 2449 1158 2528 X,
1191 2471 1290 2514 sacro
1314 2469 1411 2534 appro-

300 2547 401 2611 bante
426 2544 574 2611 Concilio
600 2547 816 2620 Lateranensi
841 2547 888 2628 V,
923 2546 976 2612 die
1001 2547 1038 2611 9⁰
1063 2547 1265 2612 Decembris
1289 2571 1319 2612 a.
1344 2547 1411 2610 lblb

300 2645 399 2711 edita.
455 2646 524 2708 Nec
558 2642 642 2708 illud
675 2667 733 2708 nos
768 2667 887 2708 movere
922 2644 1031 2723 debet,
1069 2643 1153 2732 qaod
1187 2643 1322 2709 Sanctio
1354 2647 1410 2732 ipso

300 2743 520 2830 (pragmatica
556 2741 665 2806 Caroli
691 2742 769 2824 VII)
805 2754 835 2806 et
868 2745 903 2806 ia
938 2765 975 2806 ea
1010 2753 1156 2808 contenta
1189 2745 1226 2806 in
1252 2741 1413 2808 Basileia

305 2839 444 2906 Concilio
469 2841 574 2924 edita,
599 2853 644 2919 et,
673 2843 743 2927 ipso
772 2839 911 2906 Concilio
935 2842 1073 2904 instante
1097 2865 1116 2904 α
1139 2841 1340 2906 Bituricensi
1359 2861 1411 2902 coa·

300 2939 479 3024 proportione
502 2949 628 3025 recepta
653 2951 682 3003 et
706 2949 871 3026 acceptata
886 2939 1035 3024 fuerant,
1059 2961 1152 3024 qai-am
1175 2961 1214 3002 ea
1230 2939 1337 3002 omnia
1356 2947 1412 3022 por‘

301 3035 543 3101 translationem
578 3037 716 3126 ejusdem
749 3035 946 3100 Basilseasis
979 3034 1114 3102 Coracilc'c'
1144 3059 1206 3122 per
1241 3033 1410 3100 reverenda<

301 3135 466 3198 memoriae
498 3135 673 3219 Eapeaiara
697 3136 821 3220 Papam
845 3135 865 3198 l
868 3134 909 3210 V,
946 3135 1040 3198 etiam
1068 3133 1346 3220 praedecessorem
1374 3155 1413 3192 aa

281 3264 286 3272 ·
301 3244 409 3310 stram,
420 3233 560 3318 factam,
575 3257 595 3296 a
605 3233 786 3298 Basileensi
793 3231 1002 3296 consciliabalo
1011 3256 1065 3296 sea
1073 3234 1186 3318 polias
1200 3227 1412 3298 cancerationis.

301 3353 379 3416 qaae
407 3333 641 3416 praesertim
665 3342 742 3416 post
772 3329 951 3420 bajasmods'
981 3329 1225 3394 translationem
1257 3327 1411 3396 Conciliari

300 3425 439 3514 amplias
469 3429 633 3514 appellari
661 3453 725 3492 noa
755 3428 948 3503 onerabatur,
975 3427 1073 3512 facta
1104 3428 1298 3492 asstiterant.
1344 3424 1410 3489 Cum

300 3536 492 3612 contemptu
517 3525 661 3612 quodam
693 3525 748 3590 hic
772 3525 813 3590 de
838 3524 973 3610 Synodo
999 3527 1061 3589 ista
1084 3525 1241 3596 Pontifex
1275 3524 1412 3610 loquitur.

301 3637 333 3687 et
356 3646 459 3709 qaum
485 3624 591 3706 dicat,
622 3615 814 3712 praesertin
845 3635 918 3709 post
941 3622 1190 3688 translationem
1219 3621 1312 3688 haud
1334 3638 1414 3707 posse

301 3719 462 3807 appellari
489 3719 691 3804 Concilium,
728 3722 955 3808 adsignificat,
991 3724 1135 3785 rationes
1159 3723 1262 3784 etiam
1288 3741 1350 3782 non
1371 3715 1415 3777 dc-

302 3841 390 3902 esse,
427 3843 487 3882 cur
509 3818 562 3882 vel
589 3830 666 3884 ante
689 3821 795 3906 ipsam
825 3819 1091 3898 translationem,
1129 3816 1192 3881 tale
1223 3839 1344 3882 nomen
1366 3813 1413 3875 vix

302 3927 476 3982 mereatur.
517 3917 571 3981 Ex
596 3939 660 4003 quo
686 3917 860 4002 colligitur,
886 3918 929 3981 ab
945 3917 1097 3981 Ecclesia
1121 3938 1159 3980 eo
1181 3925 1329 4000 tempore
1344 3911 1414 3976 Con-

302 4013 414 4080 cilium
434 4015 624 4080 Basileense
648 4026 685 4078 ut
708 4017 959 4080 oecumenicum
983 4011 1146 4100 usquead
1167 4011 1411 4078 translationem.

299 4115 451 4197 agnitum
484 4136 551 4178 non
582 4113 694 4178 fuisse.
740 4113 780 4176 ln
812 4112 956 4177 editione
987 4111 1209 4178 Consiliorum
1242 4111 1362 4174 Romm
1387 4128 1408 4166 a.
