2822 4838
295 413 350 468 338
464 413 575 466 xxvn.
595 414 635 468 De
655 414 758 468 haeres.
777 415 944 482 repressione
964 430 995 467 nc
1013 415 1046 468 de
1065 414 1260 469 Decretalibns.

293 557 517 640 defenderent,
552 568 584 620 et
607 557 822 621 Innocentius
852 557 1076 622 inclinabatur
1107 558 1150 622 ad
1176 561 1309 621 veniam
1333 557 1403 638 Roy-

293 655 417 719 mundo
442 655 709 738 concedendam
734 656 791 719 sed
808 657 955 720 maxima
973 655 1162 742 praesulum
1187 678 1265 741 pars
1282 659 1403 718 censerit

293 753 392 817 fidem
418 751 615 816 catholicam
646 756 771 818 servari
804 765 837 816 et
868 753 1031 818 haeresim
1064 753 1189 818 destrui
1215 775 1282 819 non
1314 775 1403 838 posse.

294 853 357 915 nisi
389 862 498 914 annoto
531 851 730 934 Raymuntlo
762 875 781 914 a
813 851 961 916 dominio
993 851 1124 916 illarum
1158 853 1403 937 provinciarum.

295 950 404 1035 Atque
429 951 474 1014 ita
498 971 611 1013 earrrm
636 951 796 1035 possessio
812 949 1004 1033 adjudicata
1021 960 1070 1014 est
1084 948 1212 1014 Simoni
1238 949 1280 1013 de
1297 949 1403 1012 Monte·

295 1048 381 1112 forti.

122 1145 287 1246 ”Z‘ffiud‘
387 1147 439 1210 28.
476 1144 660 1209 innocentii
686 1144 737 1208 ΙΙΙ
768 1145 937 1209 decretum
972 1148 1033 1208 ista
1063 1145 1104 1208 de
1134 1169 1183 1223 re,
1216 1167 1303 1231 qnae
1333 1155 1403 1208 certe

132 1269 271 1320 nsymunnr.
297 1267 362 1309 non
387 1255 515 1308 tantum
540 1242 725 1328 spiritualia
750 1242 930 1328 spectabat,
956 1243 1010 1306 die
1037 1246 1095 1306 14⁰
1120 1243 1319 1307 Decembris
1341 1242 1403 1306 anui

298 1343 383 1407 1215
407 1342 532 1423 datum,
558 1340 722 1405 interalia
738 1340 821 1405 haec
837 1339 955 1405 habet:
984 1341 1144 1415 Quantum
1167 1342 1314 1406 Ecclesia
1336 1339 1403 1404 leln-

293 1443 413 1505 raoerit
431 1465 493 1526 per
511 1440 754 1525 praedicatores
775 1449 805 1502 et
821 1441 1062 1522 cruceeiprsatos,
1086 1440 1131 1502 ad
1146 1439 1403 1502 eaeterminanslnn

293 1541 465 1602 lecrerelicos
489 1549 518 1601 ct
540 1539 705 1623 ruptarios
735 1537 773 1600 (le
792 1539 962 1622 prouincia
987 1537 1194 1600 Narbonensi
1220 1547 1251 1600 et
1268 1535 1403 1622 partile

293 1639 356 1700 sibi
378 1639 501 1715 vicinis,
534 1647 616 1700 totus
636 1659 741 1721 paene
767 1635 852 1699 orbis
882 1638 1041 1720 epnoscit;
1071 1635 1248 1720 etquidem
1274 1657 1336 1720 per
1358 1633 1403 1694 lle

292 1736 431 1820 petiam
455 1745 483 1796 et
507 1734 751 1798 sollicitudinem
780 1744 922 1796 osostrane
952 1733 1044 1796 valde
1072 1734 1222 1819 profecit,
1253 1755 1345 1818 quum
1368 1753 1403 1788 er

294 1835 470 1898 terminatis
493 1834 642 1916 atrisque,
672 1843 759 1894 terra
782 1832 855 1916 ipsa
878 1833 913 1894 in
927 1833 995 1914 fide
1020 1831 1174 1895 catholica
1198 1843 1227 1894 et
1246 1853 1330 1916 pace
1345 1829 1403 1913 ,lio

294 1943 385 1995 terna
407 1955 490 1995 uarro
514 1930 683 1994 salubriter·
705 1928 904 2013 paterniter.
960 1929 1045 2002 Quia
1073 1953 1146 1993 nero
1173 1927 1302 1992 novella
1327 1927 1403 2012 plne

294 2031 373 2092 tatio
398 2028 499 2092 adbuc
522 2028 643 2112 indipet
665 2027 808 2112 irriyari,
834 2051 923 2090 sacro
939 2028 1078 2090 consulto
1098 2025 1239 2093 Concilio
1264 2027 1314 2089 ita
1330 2025 1403 2086 duni

292 2151 360 2190 mes
381 2126 631 2212 prouidendum,
665 2135 699 2188 ut
732 2125 941 2210 Raymnuslns
979 2125 1156 2189 Tolosanus
1191 2123 1315 2204 Comes,
1346 2121 1403 2206 quie

293 2223 463 2311 culpabilis
474 2234 617 2308 repertus
630 2234 675 2285 est
689 2224 724 2285 in
740 2233 880 2308 utroque,
896 2245 951 2286 aec
966 2247 1104 2309 unquam
1120 2229 1188 2312 ejus
1200 2221 1257 2284 snb
1271 2221 1403 2308 repimus

294 2334 380 2387 tarra
405 2323 508 2407 possit
540 2324 574 2384 in
597 2321 681 2404 fidei
712 2331 798 2384 statu
831 2324 963 2399 seruari,
997 2323 1078 2386 sicut
1110 2347 1130 2384 a
1161 2319 1253 2406 leupo
1283 2331 1403 2405 compen

293 2423 386 2485 certis
408 2420 538 2484 indiciis
570 2430 615 2482 ast
645 2430 844 2504 compertum,
878 2421 917 2483 ab
942 2424 1009 2509 ejus
1033 2421 1183 2498 dominio,
1208 2418 1292 2504 qaod
1318 2418 1402 2501 ullrpu

288 2542 390 2606 praec
419 2521 524 2606 pessit,
551 2528 706 2604 perpetuo
738 2519 781 2580 sit
812 2518 968 2596 exclusas,
999 2529 1093 2583 aetra
1125 2530 1242 2582 terram
1270 2515 1361 2578 illam
1386 2515 1402 2576 ir

294 2615 360 2681 loco
385 2617 497 2680 idoneo
521 2626 711 2693 moraturus,
747 2624 780 2678 ul
804 2615 935 2700 clipeare
959 2627 1034 2700 apat
1060 2615 1302 2702 poenitentiam.
1351 2613 1402 2698 Sta

294 2717 397 2778 tuitur
421 2713 553 2797 deinde,
578 2714 640 2798 ipsi
665 2713 860 2798 pendendas
884 2737 954 2778 esse
976 2715 1153 2800 quotannis
1178 2733 1236 2798 pro
1262 2723 1402 2776 sustenta

294 2813 384 2875 tione
408 2811 669 2898 quadringentas
694 2833 832 2891 marcas,
858 2823 890 2874 et
913 2813 1009 2875 uxori
1034 2812 1116 2896 ejus,
1142 2809 1272 2874 mulieri
1298 2809 1401 2892 dignis

228 2965 236 2978 ,
293 2911 407 2992 simae,
432 2931 602 2972 remanere
627 2930 741 2972 omnes
766 2911 987 2994 possessiones
1011 2909 1146 2974 dotales.
1183 2907 1305 2972 Porro:
1341 2909 1401 2970 Tol<

292 3031 365 3071 cero
379 3018 474 3085 terra,
498 3030 591 3092 quam
615 3006 815 3070 obtinuerant
831 3010 1040 3094 crucesiqnoti
1063 3009 1215 3072 redversns
1237 3007 1401 3076 baereticol

293 3105 452 3168 credentes
476 3116 504 3167 et
520 3105 670 3190 fautores
693 3128 729 3167 ac
753 3117 927 3191 receptores
949 3130 1063 3184 eorum,
1086 3129 1154 3170 cam
1169 3101 1400 3168 atrones-Allan

293 3212 386 3285 atque
403 3202 529 3280 Tolosa,
553 3226 632 3288 quae
656 3203 756 3287 mapis
776 3203 934 3267 lracretice
959 3203 1029 3268 labe
1053 3213 1213 3289 corrupta,
1238 3203 1400 3264 ‹lirrrittatu

293 3311 322 3362 et
346 3299 544 3378 concedatur,
576 3301 679 3384 (salae
703 3323 766 3386 per
795 3303 901 3366 amaia
931 3303 1154 3366 catholicorum
1169 3306 1245 3390 jure
1268 3303 1400 3363 viror-nin

293 3398 457 3461 mulierum
480 3411 510 3462 et
533 3399 749 3484 ecelesiarum)
785 3395 898 3463 Comile'
929 3401 1158 3486 Montisfortis,
1191 3401 1258 3462 viro
1292 3408 1400 3462 strenis

293 3506 324 3558 et
346 3497 508 3574 catholico,
539 3499 593 3582 qai
609 3497 687 3582 plus
717 3499 850 3560 caeteris
879 3499 914 3560 in
943 3499 997 3562 loc
1030 3499 1152 3584 napulie
1182 3497 1351 3572 laborarit,
1386 3519 1399 3554 n

294 3617 363 3656 eam
387 3605 491 3657 teneat
519 3594 559 3657 ab
589 3595 637 3658 leis
661 3619 681 3658 a
704 3594 815 3680 quibas
839 3595 878 3657 de
894 3600 969 3684 jure
995 3596 1132 3660 tenenda
1161 3605 1216 3660 est.
1273 3593 1399 3656 Resides

293 3700 398 3754 autem
422 3701 507 3754 terra
530 3716 609 3776 quae
633 3693 784 3778 nonfuit
814 3718 834 3758 a
862 3694 1088 3780 crucesipaatis
1119 3693 1246 3757 obusta
1278 3690 1399 3772 (scilice

295 3787 541 3854 marchionatus
551 3789 747 3854 Provinciae
760 3791 1045 3873 etBellicadrnm),
1061 3791 1259 3855 cristallietra·
1275 3791 1319 3854 ud
1333 3813 1398 3852 mern

294 3887 404 3950 datura
431 3887 589 3950 Ecclesiae
616 3910 679 3974 per
712 3890 795 3951 uiros
825 3889 965 3967 irloacos,
998 3891 1054 3976 qui
1085 3891 1242 3972 aspeliam
1267 3889 1398 3973 precise

285 3985 369 4068 fidei
398 3995 621 4048 manreteneant
653 3996 682 4048 et
713 3985 906 4071 defendant,
938 3998 972 4051 ut
998 3987 1166 4073 provideri
1194 3988 1296 4072 possit
1326 3988 1398 4048 rrrrin

293 4083 486 4146 adolescenti
503 4083 573 4165 filio
593 4083 741 4168 praefati
760 4081 888 4148 Comitis
916 4083 1076 4163 Tolosani,
1094 4095 1264 4170 postquam
1286 4083 1329 4146 ael
1344 4079 1398 4166 legii

295 4182 402 4243 tiniam
426 4191 560 4244 aetutem
578 4183 769 4266 peruenerit,
801 4182 831 4244 si
854 4183 949 4245 talem
972 4182 1030 4267 (al.
1056 4185 1174 4268 tamen)
1206 4205 1237 4245 se
1261 4181 1397 4246 scanne-t
