2858 4834
286 399 337 452 198
517 399 601 451 XXV.
622 399 661 453 De
680 415 762 452 conss
780 415 800 452 s.
820 398 937 451 Thomas
957 397 1168 452 Centumicnsis.
1241 459 1244 472 ¹

120 541 274 654 ’33οΓ
285 543 438 606 exaudire
460 553 490 604 st
515 545 667 630 injuriam
690 544 854 626 corripere,
879 563 957 626 quae
973 541 1063 606 nobis
1075 554 1105 605 et
1120 541 1268 606 ecciesiae
1283 555 1397 606 nostroe
1413 567 1414 570 ¹

153 668 238 708 neon.
286 639 382 704 illota
409 652 454 703 est
484 642 518 704 in
554 644 754 704 coronatione
780 640 846 724 filii
879 641 975 724 repis,
1016 639 1081 704 alio
1109 651 1220 704 contra
1242 663 1354 705 morem
1374 653 1414 701 et

287 739 471 802 mandatum
493 749 627 802 'nestrum
652 739 818 802 invadente
840 745 897 828 jus
919 749 1060 801 nostrum
1084 749 1113 800 et
1132 740 1332 824 prouinciam
1353 763 1396 800 no-

287 847 394 901 stram.
403 838 427 918 1’)
464 837 599 918 Romae,
624 837 703 923 quid
729 859 767 900 es
792 838 825 901 in
851 859 885 900 re
909 836 1019 900 socero
1042 837 1224 922 expediret,
1250 835 1396 900 delibera·

287 947 357 998 tum
383 947 440 1016 est,
466 958 570 1021 enque
594 935 782 1020 praevaluit
798 937 972 1016 sententia,
997 937 1145 999 severius
1162 935 1414 1020 procedendum¹

287 1054 356 1096 esse
380 1043 494 1098 contra
518 1033 590 1097 illos
614 1035 795 1119 episcopos.
844 1033 999 1096 Attamen
1031 1054 1056 1097 s.
1082 1031 1226 1096 Thomas
1254 1031 1320 1096 slis
1342 1035 1414 1117 epi-j

287 1129 369 1194 stol-s
393 1132 496 1216 potiit,
530 1141 654 1194 utnon
680 1133 743 1195 nisi
767 1130 922 1216 prudenti
946 1131 1083 1210 ratione,
1115 1128 1172 1193 ubi
1197 1131 1232 1194 id
1257 1131 1414 1216 oppono}

288 1251 367 1292 num
398 1251 468 1292 esse
499 1229 682 1311 videretur,
712 1249 870 1293 censurae
901 1229 1074 1293 ferrentur.
1123 1227 1247 1293 Scribit
1278 1231 1313 1292 in
1345 1221 1414 1302 hec}

287 1327 425 1412 epistola
448 1327 491 1391 sd
517 1327 746 1392 Alexandrum
771 1327 840 1390 111:
880 1327 972 1390 Misit
1003 1326 1094 1389 nobis
1119 1325 1283 1390 clementio
1307 1315 1414 1390 restra

287 1425 420 1504 litteras,
445 1451 524 1512 quas
547 1427 591 1488 nd
614 1428 840 1511 correptionem
863 1436 891 1488 et
915 1426 1136 1488 correctionem
1154 1435 1219 1486 tnm
1234 1424 1414 1494 Eboracen·;

283 1525 332 1586 cis
356 1524 592 1611 archiepiscopi,
617 1547 709 1610 quam
733 1525 986 1608 coepiscoporum
1007 1533 1195 1599 nostrornm,
1227 1534 1342 1586 certum
1364 1519 1414 1584 esti

287 1631 451 1706 ‹conceptas
476 1633 505 1685 et
528 1623 668 1686 dictatas
683 1647 703 1684 a
719 1620 843 1707 Spiritu
867 1631 985 1698 sancto,
1010 1632 1040 1683 et
1063 1645 1142 1705 puae
1158 1622 1242 1706 repis
1266 1623 1414 1684 excessus?

287 1722 486 1796 erectoritate,
511 1741 589 1805 quine
614 1742 818 1783 successorem
835 1719 922 1782 Petri
945 1729 974 1780 et
997 1719 1157 1782 Vicnrium
1177 1715 1294 1783 Christi
1316 1709 1414 1800 decet}

287 1817 489 1902 redmpunnt.
540 1817 602 1880 Sed
625 1818 701 1902 quie
725 1820 875 1892 timemus,
902 1840 938 1880 ne
963 1828 1088 1880 teneras
1113 1819 1174 1880 oiri
1191 1819 1414 1906 praepotentis}

288 1940 381 1979 reseres
404 1917 529 1979 ueirbnm
553 1916 687 1978 mordas
702 1915 858 1978 exulceret
882 1926 911 1977 et
924 1937 1026 2001 nuper
1048 1915 1161 1976 initam
1181 1937 1294 1998 paoem
1318 1911 1414 1999 impe-³

289 2015 370 2092 (tint,
395 2015 561 2078 sanctitati
583 2025 704 2076 cestrae
730 2024 795 2076 tota
819 2014 982 2076 devotione
1003 2013 1162 2098 prostrati
1186 2013 1414 2098 nepplicamns}

287 2123 441 2196 quatenns
472 2113 616 2176 detracta
648 2112 801 2174 mentione
833 2133 1011 2174 successuum
1043 2112 1125 2196 repis
1158 2121 1188 2170 et
1215 2110 1414 2172 enormitatis?

283 2211 438 2296 praestiti
453 2212 640 2300 juramenti,
681 2221 709 2272 et
740 2209 998 2273 consuetudinum
1016 2231 1250 2294 perversarum,
1290 2220 1319 2269 et
1350 2231 1414 2269 non

289 2321 419 2372 enectae
444 2308 602 2372 cautionis
626 2309 660 2371 in
684 2308 885 2371 coronatione
909 2308 984 2370 nori
1005 2308 1096 2391 repis,
1131 2306 1271 2368 eansdem
1293 2316 1402 2368 seneen

290 2407 366 2468 tiam
391 2407 424 2469 in
444 2405 630 2492 praefatum
655 2405 922 2492 ‹trciiepiscopum
946 2415 976 2466 et
999 2405 1161 2490 episcopos
1184 2405 1347 2490 inflipatis,
1374 2425 1402 2462 eo

289 2504 373 2588 quod
398 2506 432 2566 in
454 2505 623 2590 provincia
646 2515 765 2580 nostra,
790 2503 880 2566 nobis
901 2526 962 2588 pro
979 2503 1112 2592 justitia
1135 2512 1165 2566 et
1188 2501 1332 2564 libertate
1355 2501 1414 2563 Ec

290 2601 404 2666 clesiae
422 2601 635 2678 cantantibus,
653 2602 886 2665 coronationem
898 2601 977 2663 iana
990 2621 1131 2663 exercere
1140 2601 1363 2686 praesumpsit.
1373 2649 1378 2660 .

291 2700 344 2764 Ad
370 2701 445 2764 haec
474 2701 548 2786 quia
576 2722 725 2776 veremur,
756 2722 795 2763 ne
813 2722 886 2784 pasc
908 2720 1014 2762 recens
1046 2721 1085 2761 esc
1108 2698 1208 2760 coriis
1232 2699 1335 2761 causis
1357 2698 1414 2758 ini-2

285 2799 396 2884 pediri
418 2797 524 2861 naieot
548 2809 603 2861 aut
626 2797 758 2874 turbari,
790 2798 1024 2882 impensionem
1047 2805 1104 2858 out
1126 2797 1414 2864 incommunicatis

290 2920 359 2960 uem
383 2898 608 2982 episcoporum,
632 2907 819 2973 nostrornm,
844 2897 898 2979 qni
910 2895 953 2958 ad
969 2895 1032 2956 Dei
1055 2907 1084 2956 et
1102 2905 1243 2957 ocenum
1259 2895 1404 2965 horrorem,

292 2995 374 3080 qrsod
397 2996 431 3056 in
455 2993 546 3057 verb-o
571 2999 638 3083 ejus
661 2993 804 3070 dicimus,
830 2995 945 3056 omnia
954 3015 1017 3079 pro
1031 2992 1152 3054 uiribus
1169 3015 1208 3054 ecc
1223 2992 1404 3055 conscientia

291 3093 471 3177 reseremus,
497 3095 526 3156 si
539 3093 646 3178 piacet
663 3093 862 3156 committatis
877 3091 1022 3168 arbitrio,
1047 3091 1248 3175 excipientes,
1274 3091 1302 3151 si
1317 3091 1414 3150 risum*

284 3190 401 3276 sne-rit,
433 3201 462 3252 et
493 3201 594 3253 cestro
622 3192 746 3280 judicio
776 3199 972 3254 reservantes
1002 3189 1269 3274 necinopiscopum
1294 3187 1402 3250 Ebora-

293 3313 421 3364 censem,
454 3291 507 3372 qui
537 3287 690 3353 maiorum
720 3291 857 3352 omnium
889 3290 1030 3351 incentor
1072 3297 1101 3349 et
1138 3297 1234 3370 caput
1266 3297 1319 3349 est.
1373 3283 1404 3343 Fr

293 3411 477 3472 quampiam
505 3387 735 3450 Londonicnsis
759 3389 923 3472 episcopus
946 3384 1082 3470 sipniser
1106 3386 1201 3447 totius
1221 3385 1312 3472 injus
1335 3381 1414 3444 sedi-¹

294 3487 399 3558 tionis,
433 3509 471 3547 ne
505 3485 679 3548 schismatis
711 3485 864 3562 dicamus,
898 3486 1029 3560 exarsit,
1068 3505 1225 3567 ropamns,
1265 3492 1300 3544 ut
1326 3477 1404 3542 nobis

294 3595 359 3646 tam
382 3582 435 3646 ilii
457 3605 550 3668 quam
574 3581 804 3646 Sarisberiensi
828 3583 974 3668 episcopo
997 3581 1091 3646 liceat
1113 3581 1266 3660 misereri,
1300 3578 1403 3642 sisim¹

294 3683 470 3745 schismatis
494 3682 727 3744 instauratione
744 3686 844 3770 juncta
867 3689 1000 3742 oestrum
1017 3679 1202 3742 mandatum
1213 3678 1329 3764 puniri
1350 3696 1403 3734 nme

290 3791 435 3865 possunt.
461 3829 467 3842 .
493 3831 499 3844 .
528 3829 534 3844 .
559 3779 628 3842 Hoc
652 3781 746 3842 etiam
770 3781 952 3863 impetrato,
977 3787 1011 3840 nt
1034 3775 1168 3862 sinpuiis
1192 3776 1309 3839 titteris
1331 3783 1402 3848 (ccii-

295 3900 445 3940 surnrum
470 3877 676 3940 diversorum
702 3876 903 3962 praesulum)
935 3887 1070 3952 utamur,
1098 3884 1195 3960 prout
1220 3884 1336 3958 tempus
1360 3892 1403 3926 m-

295 3978 391 4062 operit
421 3987 451 4039 et
473 3977 644 4038 necessitas
667 3997 790 4038 causae.
838 3972 989 4038 Fluctnat
1012 3974 1103 4048 enim,
1133 3971 1206 4034 licet
1229 3971 1273 4034 ad
1291 3979 1401 4056 pertun

373 4193 390 4258 ¹,
410 4189 458 4256 Ep,
479 4191 521 4243 ⁴25,
