2850 4834
297 469 348 520 160
493 468 608 524 XXXII.
629 469 669 522 De
688 468 865 522 Pontificibus
885 469 1025 524 Avenioue
1044 471 1225 526 commoraris.

133 613 208 652 ³¹⁰¹¹¹⁸
224 611 446 690 1‘r·³·J0annis,
472 613 622 695 Magistri
648 613 681 676 in
707 611 883 697 theologia,
908 635 1048 698 quorum
1074 636 1161 677 unus
1186 624 1256 678 eret
1271 603 1424 678 Ministcri

153 677 193 714 siis
210 677 261 714 Ot'ii.

296 709 459 790 generalis
484 708 621 774 Ordinis
645 711 799 775 Fratrum
826 711 1004 788 Minorem,
1029 711 1112 775 alter
1136 722 1208 776 erat
1230 735 1271 776 ex
1294 695 1424 778 OrdineF

296 807 363 870 FF.
393 807 679 890 praedicatorum,
717 807 775 872 sed
809 819 947 893 uterque
977 811 1160 874 sententiae
1193 811 1235 874 de
1264 809 1406 874 dilatione

295 905 434 968 visionis
451 905 624 970 beatificae
641 905 853 971 adhaerebat.
894 905 970 970 Corn
983 909 1065 972 idern
1080 909 1250 974 Generalis
1262 911 1407 973 ridinistrr.

296 1001 411 1066 scribit
428 1001 646 1068 Continuator
661 1005 795 1088 Nengii‚
822 1005 960 1068 eumdem
982 1009 1195 1090 quaestionem
1220 1009 1254 1070 in
1271 1030 1408 1093 pressea·

297 1100 344 1162 tio
366 1101 556 1164 scholarium
579 1105 673 1185 arensi
696 1103 889 1184 infinitorum
913 1103 1146 1180 determinaret,
1171 1115 1201 1167 et
1224 1115 1338 1168 ureret
1360 1127 1408 1189 prr

296 1199 493 1262 conclusione
518 1199 721 1283 affirmando,
747 1201 830 1284 qrrod
846 1203 971 1264 animae
988 1201 1201 1266 decedentium
1228 1227 1281 1266 seu
1297 1205 1407 1264 antra

296 1308 476 1360 sanctoruni
508 1321 572 1360 non
602 1299 710 1362 uident
739 1320 794 1360 nee
827 1298 974 1362 ridebunt
998 1301 1099 1362 Deum
1129 1302 1250 1363 visione
1280 1301 1407 1384 beatifica

297 1405 326 1456 et
355 1395 496 1480 pieriosa
526 1419 621 1480 vusque
654 1395 697 1458 ad
721 1398 967 1481 assumptio-nens
998 1399 1031 1460 in
1055 1397 1108 1460 die
1132 1401 1264 1462 entre-mi
1289 1399 1408 1488 judicii:

296 1495 350 1556 hoc
383 1493 503 1572 audito,
539 1515 683 1578 maenum
713 1517 852 1558 nrrrrmur
884 1495 968 1556 inter
1000 1495 1158 1558 scholares
1194 1497 1338 1560 auditum.
1366 1509 1409 1558 rr.

297 1591 444 1670 dicentes,
478 1591 572 1654 talem
603 1613 738 1654 errorem
771 1593 838 1654 sine
856 1592 1028 1676 punitione
1053 1597 1190 1656 transire
1214 1617 1278 1657 non
1303 1594 1396 1658 doben

298 1689 442 1753 Audiens
466 1699 568 1752 autern
593 1689 780 1754 scandalum
803 1689 887 1774 qrrod
910 1700 980 1752 erat
995 1691 1144 1769 Parisiis,
1166 1715 1227 1776 pro
1242 1694 1303 1755 liae
1328 1693 1409 1756 dete-

299 1788 469 1850 minutione
495 1787 610 1849 Frater
627 1787 845 1868 Praedicator,
871 1787 924 1871 qni
947 1811 1014 1850 curn
1038 1786 1094 1851 itta
1119 1801 1257 1868 venerat,
1286 1789 1362 1875 qur'd
1382 1789 1407 1843 dr

297 1886 344 1948 iris
363 1907 426 1970 pro
443 1884 554 1968 quidus
570 1886 683 1950 missus
697 1885 813 1970 fueret
837 1886 871 1947 in
887 1885 1059 1948 Franciam
1075 1885 1202 1970 facea
1225 1885 1275 1950 oei
1301 1889 1409 1950 dicent

297 1983 362 2045 nisi
385 1984 492 2046 stetin
516 1982 560 2043 ad
576 1983 700 2067 Papam
724 1983 865 2046 rediret?
892 1982 1084 2047 Notandum
1103 2005 1180 2047 vero
1205 1999 1254 2048 est
1279 1987 1410 2048 niaxinr

298 2079 386 2166 quod
411 2079 505 2142 addit
528 2083 684 2164 scriptor:
717 2081 780 2143 Sed
807 2083 842 2143 in
865 2081 1002 2166 quodam
1025 2105 1165 2145 sermone
1190 2085 1296 2168 ipsam
1323 2083 1410 2144 Parti·

288 2180 382 2261 ficem
406 2201 500 2263 super
523 2202 627 2242 errore
647 2180 814 2264 praedicte
848 2182 1011 2242 reeusarit
1034 2181 1159 2243 dicens:
1194 2179 1290 2253 Quod
1314 2205 1409 2264 trequa-

297 2300 390 2361 quarn
414 2277 553 2353 tenebat,
587 2301 643 2340 nee
667 2299 803 2362 utiquam
826 2279 921 2340 istane
953 2288 1095 2340 tenuerat
1126 2279 1318 2361 doctrinam,
1349 2303 1407 2363 arar·

293 2377 398 2459 ponit,
424 2375 506 2459 qued
531 2375 656 2438 atrimae
680 2387 860 2439 sanctorum
883 2397 946 2438 non
969 2375 1118 2438 videbunt
1138 2377 1239 2438 Deum
1263 2401 1360 2463 sesque
1382 2373 1413 2436 oi

299 2473 381 2535 diem
397 2473 526 2559 judicii.
553 2509 594 2518 -—
619 2471 793 2536 Venerunt
816 2495 911 2558 porro
937 2471 984 2536 illi
1005 2473 1070 2537 duo
1088 2475 1195 2537 nuntii
1214 2475 1247 2536 in
1268 2476 1404 2558 suspirio

299 2592 375 2634 nem
399 2569 497 2655 plano
520 2569 648 2648 falsam,
675 2591 730 2634 eos
750 2571 908 2634 videlicet
922 2595 942 2633 a
959 2570 1121 2635 Pontifiee
1145 2575 1279 2636 nonnisi
1309 2573 1350 2636 nd
1365 2572 1412 2634 tar

300 2671 415 2734 missos
440 2691 519 2750 esse,
546 2677 581 2732 ut
606 2668 694 2734 illam
720 2671 911 2754 opinionem
928 2670 1064 2733 Parisiis
1088 2685 1326 2755 propagarent.
1358 2671 1411 2732 lies

299 2767 474 2851 Philippus
498 2777 619 2840 auteur,
645 2768 836 2832 convocetis
861 2766 1051 2831 doctoribus
1076 2767 1318 2832 Universitetis
1341 2769 1412 2833 Pur'·

300 2865 426 2944 niensis
461 2865 557 2949 petiit
580 2867 778 2928 sententiam
811 2885 941 2946 eorum3
973 2867 1029 2950 qui
1063 2887 1177 2928 omues
1204 2867 1412 2932 affirmarunt.

300 2965 462 3027 visionem
480 2961 542 3025 Dei
568 2962 674 3026 beatis
698 2984 764 3026 non
790 2962 926 3026 differri.
976 2962 1060 3026 Dein
1087 2985 1146 3028 rex
1171 2965 1321 3048 superba
1346 2989 1408 3028 nur

299 3062 413 3146 guntin
437 3060 562 3124 litteras
587 3062 719 3145 scripsit
735 3061 777 3124 sd
792 3060 1000 3142 Pontificem,
1026 3060 1147 3146 quibus
1162 3063 1224 3147 ipsi
1242 3064 1412 3128 mandarit.

300 3171 453 3245 quatenus
477 3160 665 3222 sententium
688 3159 915 3244 diae-istrorum
939 3159 1085 3237 Parisiis,
1109 3161 1164 3246 qui
1186 3159 1303 3225 melius
1329 3163 1414 3225 setar

301 3258 378 3344 quid
409 3256 498 3320 debet
530 3257 629 3320 teneri
658 3255 706 3320 eal
730 3257 817 3322 credi
840 3257 878 3320 de
902 3257 995 3336 Fide,
1028 3281 1121 3342 quarn
1144 3258 1295 3324 detestas
1320 3255 1416 3323 etalii

300 3355 416 3436 cleriei,
441 3357 496 3439 qui
515 3378 632 3440 parurn
654 3353 703 3418 ret
725 3354 806 3418 attii
828 3356 932 3419 sciunt
963 3355 1001 3418 de
1026 3355 1189 3442 theolopie,
1222 3359 1412 3446 approbent.

301 3463 330 3518 et
354 3453 437 3538 quod
461 3454 651 3518 sustinentes
674 3457 868 3516 contrarium
892 3455 1102 3539 corriperet.¹)
1134 3453 1205 3518 Imo
1231 3479 1294 3520 rex
1319 3459 1413 3536 ineps

377 3765 396 3826 ¹)
416 3764 523 3818 Contin.
543 3763 661 3832 Nsngii;
689 3763 743 3818 vid.
762 3763 826 3816 Nat.
846 3762 922 3817 Alex.
960 3763 993 3818 In
1011 3778 1080 3818 seeo
1100 3763 1166 3818 XIV
1185 3763 1258 3820 Dies.
1279 3765 1328 3819 XI.
1348 3759 1412 3817 2.ss

302 3875 335 3884 -
355 3845 440 3900 Valde
460 3850 622 3912 arroganter
641 3843 744 3896 Gerson
770 3841 799 3896 in
817 3857 940 3897 sermone
958 3844 991 3898 de
1008 3843 1091 3897 Festo
1110 3838 1267 3899 Psschstis:
1300 3845 1415 3910 ¹,Proper

302 3925 372 3992 quod
397 3926 507 3992 insuper
536 3931 650 3992 apparet
677 3923 785 3977 falsitas
810 3923 950 3978 doetrinae
977 3923 1069 3991 Papae
1097 3923 1212 3978 Joennis
1239 3925 1331 3985 XXII,
1359 3934 1413 3990 qun

302 4006 431 4060 damnate
454 4005 509 4059 fuit
527 4021 586 4058 cum
610 4019 674 4057 sono
692 4003 863 4056 buccinarum
884 4019 972 4057 eorem
991 4019 1057 4072 rege
1074 4003 1201 4073 Philippo
1221 4007 1354 4060 avunculo
1378 4017 1413 4052 w

301 4101 349 4153 per
368 4085 507 4154 theologos
527 4084 693 4138 Perisisnses
712 4083 745 4137 de
757 4083 869 4138 Visione
887 4083 981 4152 beetu;
1001 4091 1029 4138 et
1048 4084 1163 4138 credidit
1182 4087 1275 4153 potius
1296 4085 1412 4141 mestre·

302 4165 500 4220 parisiensibus
519 4181 599 4232 quern
619 4163 742 4218 Curiae.“
773 4163 806 4220 V.
826 4163 917 4220 Netel.
936 4165 1013 4218 Alex.
1031 4163 1049 4218 1.
1070 4180 1092 4222 e.
