2850 4834
301 483 352 535 ist
497 481 612 536 XXXII.
633 483 672 536 De
691 480 868 536 Pontificibus
886 481 1028 535 Avenione
1047 481 1226 536 commoratio.

295 625 580 690 confirmationem
606 635 639 690 et
662 625 919 706 coronationem,
949 624 1147 708 dignitatem
1172 635 1205 688 et
1228 607 1422 710 potestaten

294 723 502 808 imperialem
527 723 616 788 haud
643 722 846 809 possideri,²)
871 733 970 808 atque
994 723 1065 807 ipse
1089 743 1233 786 examen
1256 743 1311 808 per
1330 721 1422 810 Pon-p

294 821 418 886 tifieem
449 820 691 886 instituendum
729 820 906 885 recusabat
933 819 1113 906 postulone,
1145 831 1182 884 ut
1212 822 1318 884 statim
1342 813 1422 904 jam}

295 929 331 984 ut
346 919 531 1005 Imperator
554 929 798 1004 agnosceretur.
831 917 939 982 Simul
964 939 1042 983 vero
1067 917 1222 982 hostilem
1245 939 1281 982 se
1296 905 1422 983 Joannil

296 1020 469 1083 manifeste
503 1017 656 1082 ostendit.
705 1015 817 1097 Quum
848 1018 936 1080 enim
961 1016 1166 1081 Bertrandus
1189 1016 1314 1101 legatus
1335 1016 1404 1079 Pon·

295 1117 394 1180 tificis
418 1117 567 1180 exercitu
592 1114 783 1186 Galeatium
809 1115 1048 1178 Vicecomitem
1073 1113 1350 1179 Mediolanensem
1371 1113 1406 1176 ad

295 1212 455 1278 ditionem
494 1213 587 1278 urbis
625 1213 789 1297 adigeret,
833 1211 1028 1276 Lndovicus
1064 1211 1143 1276 huic
1183 1215 1297 1298 copias
1333 1211 1422 1280 misit}

295 1311 485 1392 auxiliares,
516 1311 638 1396 quibus
662 1321 800 1375 conatus
824 1309 924 1396 legati
949 1310 1135 1396 impedivit
1183 1310 1291 1375 Erant
1312 1319 1406 1374 autem

295 1410 520 1474 Vicecomites
550 1411 601 1473 isti
626 1421 697 1472 tum
722 1408 911 1474 Matthaeus
936 1419 1029 1494 pater
1059 1432 1090 1473 a.
1118 1409 1203 1474 1322
1235 1409 1409 1472 defunctus.

295 1517 366 1572 tum
392 1507 565 1573 Galeatius
590 1518 623 1571 et
646 1507 779 1570 Marcus
804 1506 974 1570 Ecclesiae
999 1506 1119 1588 hostes,
1143 1508 1203 1593 qui
1228 1507 1409 1572 dominatio·

296 1629 372 1670 nem
397 1605 566 1692 politicam
591 1605 686 1669 titulo
717 1607 919 1669 vicariorum
952 1604 1175 1689 imperialium
1206 1604 1409 1690 usurpabant,

297 1704 422 1768 clerum
460 1702 655 1784 vexabant,
703 1703 815 1766 multis
854 1702 1051 1766 criminibus
1090 1725 1124 1767 se
1164 1703 1346 1767 foedabant
1380 1721 1410 1763 so

297 1811 471 1888 propterea
502 1801 674 1866 Ecclesiae
710 1803 858 1865 censuris
898 1802 1067 1864 constricti
1103 1799 1345 1881 tenebantur.²)
1377 1836 1410 1846 -

296 1902 373 1967 Jam
406 1902 433 1964 si
466 1901 623 1980 advertis,
660 1900 895 1963 Innocentium
919 1898 971 1962 Ill
995 1898 1074 1962 olim
1098 1897 1257 1964 Ottonem
1282 1899 1333 1961 IV
1358 1917 1411 1960 non

296 2000 473 2082 agnovisse
506 2009 538 2060 et
569 2019 753 2078 coronasse,
785 1999 850 2061 nisi
882 2018 985 2083 quum
1016 1998 1232 2082 protectionis
1256 1995 1412 2061 Ecclesiae

297 2097 459 2162 solemnia
495 2097 640 2160 dedisset
668 2097 845 2182 promissa,
876 2094 1082 2159 Bonifatium
1106 2095 1190 2159 VllI
1222 2097 1348 2180 pariter
1370 2091 1413 2156 Al·

297 2195 429 2259 bertum
452 2196 666 2259 Austriacum
691 2203 765 2278 post
789 2214 922 2256 caesum
947 2192 1140 2278 Adolphum
1165 2193 1415 2257 Nassovienseu

297 2295 430 2357 nonnisi
463 2315 499 2356 re
532 2301 658 2356 mature
692 2292 885 2355 examinata
918 2290 1141 2370 confirmasse,
1175 2312 1236 2375 per
1265 2313 1300 2355 se
1325 2303 1414 2376 patet

297 2391 463 2456 loannem
487 2390 590 2454 XXII
623 2391 781 2475 antiquae
813 2390 973 2452 institisse
997 2387 1178 2470 traditioni,
1211 2388 1294 2454 dum
1319 2387 1416 2453 Ludo·

297 2491 411 2552 vicum
435 2497 567 2565 tantum
589 2498 627 2551 ut
659 2487 788 2552 electam
824 2505 937 2571 regem
960 2486 1187 2551 Romanorum
1211 2489 1364 2570 agnovit,
1394 2499 1417 2547 st

297 2609 440 2652 examen
466 2609 590 2651 causae
617 2595 649 2648 et
674 2607 835 2671 personae
869 2585 1041 2648 instituere
1075 2583 1268 2669 postulavit.
1311 2584 1353 2648 Id
1389 2603 1417 2644 so

299 2686 405 2768 magis
436 2706 579 2769 aequum
611 2694 691 2762 erat,
725 2683 813 2770 quod
839 2683 1032 2747 Ludovicus
1056 2684 1246 2766 arrogantia
1271 2705 1335 2747 sua
1354 2684 1419 2766 jura

297 2783 394 2848 Sedis
418 2782 630 2867 Apostolicae
655 2783 884 2868 imprudenter
907 2779 1058 2866 pluribus
1081 2779 1232 2846 laeserat.
1283 2779 1419 2860 Quando

298 2899 377 2944 vero
402 2878 553 2945 Galeatio
569 2881 712 2946 'auxilia
743 2881 916 2965 praestitit,
949 2878 1181 2942 vehementius
1204 2879 1360 2942 loannes
1385 2899 1400 2938 o

297 2980 410 3043 feneus
434 2988 493 3042 est.
537 2979 731 3043 Ludovieus
754 2978 890 3063 quidem
914 2976 1051 3062 Imperii
1071 2978 1149 3062 jura
1173 2999 1208 3040 se
1231 2980 1323 3040 tueri
1349 2973 1406 3038 vell

296 3076 547 3162 praetendebat,
580 3077 636 3142 sed
668 3097 783 3161 reapse
807 3075 955 3140 adimere
988 3074 1162 3159 satagebat
1183 3074 1346 3138 Pontifici
1370 3074 1412 3137 lm

298 3176 381 3260 perii
406 3177 617 3255 vicariatum,
650 3196 748 3260 quem
782 3195 842 3259 per
866 3172 1045 3237 Robertum
1080 3194 1191 3257 regem
1217 3174 1247 3237 is
1273 3174 1310 3238 in
1336 3171 1406 3236 ltali

372 3453 392 3520 ²)
412 3452 521 3514 ,Tanta
540 3450 678 3504 Romanae
698 3449 774 3504 Sedis
804 3449 955 3502 auctoritas
974 3455 1003 3502 et
1022 3447 1120 3517 religio
1145 3453 1206 3502 erat
1229 3448 1310 3514 apud
1336 3449 1414 3516 plen·

299 3549 358 3600 que,
386 3539 419 3586 nt
443 3548 497 3584 uon
521 3530 676 3598 judicarent
695 3543 744 3582 nec
767 3528 958 3596 appellandum
983 3535 1124 3582 censerent
1142 3527 1353 3596 Imperatorem,
1381 3529 1416 3582 ui·

297 3613 684 3760 prirpxppctps,gppronatus
712 3615 741 3662 et
765 3608 939 3664 confirmatus
967 3611 1065 3662 esset“
1108 3607 1188 3662 Mutii
1217 3607 1323 3664 chron.
1345 3611 1417 3664 Gerre

372 3789 393 3852 'l
414 3789 446 3844 V.
466 3787 600 3856 Raynald.
629 3803 653 3840 a.
675 3788 752 3842 1322.
781 3803 807 3840 n.
829 3789 853 3842 5.
892 3785 1123 3852 „Concitaverant
1140 3785 1278 3842 Joanuem
1303 3789 1395 3842 edre.

302 3871 471 3924 Matthaeum
490 3885 543 3923 non
562 3873 674 3935 accepta
701 3867 786 3932 modo,
811 3865 1146 3934 invitoips0‚1nsubrias
1171 3865 1362 3934 praefectura
1389 3885 1401 3918 o

299 3951 433 4020 pugnatio
452 3949 572 4012 Genuaa
601 3947 759 4002 Gueliorum
784 3953 813 4000 et
840 3948 969 4002 clientum
992 3947 1130 4002 Ecclesiae
1155 3945 1311 4014 (terrario,
1341 3965 1375 4003 re

299 4032 383 4084 etiam
402 4029 581 4084 intolerabilis
600 4043 773 4081 censurarum
793 4027 1033 4082 ecclesiasticarum
1044 4033 1222 4094 contemptus.
1241 4027 1315 4082 cleri
1329 4045 1381 4096 opp
1407 4045 1415 4080 :

299 4112 348 4176 sio,
372 4110 485 4165 infande
503 4110 661 4178 populorum
679 4109 807 4167 servitus,
833 4107 893 4162 dire
917 4108 1081 4170 immanitas.
1108 4107 1270 4161 obscuratus
1291 4109 1413 4178 religion

300 4191 433 4260 splendor,
453 4189 614 4259 propagatio
633 4188 752 4242 haeresis
771 4203 825 4255 qua
844 4191 927 4242 etiam
946 4189 1117 4243 Matthaeum
1136 4187 1360 4244 contaminatum

300 4287 355 4326 uon
373 4271 479 4324 levibus
498 4270 668 4340 argumentis
686 4269 851 4324 ferebatur.“
890 4269 944 4324 Cir.
964 4286 989 4328 a.
1012 4269 1087 4324 1323.
1107 4284 1133 4322 n.
1153 4268 1188 4321 25
1207 4281 1268 4334 sqq.
