2858 4834
297 437 349 493 160
528 435 613 490 XXV.
633 436 673 489 De
691 451 773 488 eausa
791 452 812 488 s.
831 435 948 489 Thomas
968 435 1180 488 Cantuarieusis.

294 591 346 643 tus
369 580 485 658 fuerat,
511 579 545 642 iu
569 577 707 662 agendis
731 589 911 658 strenuum,
937 580 971 641 in
996 577 1144 642 consiliis
1160 577 1278 660 fidum,
1303 579 1335 642 in
1359 578 1419 641 du-

293 677 358 741 biis
374 698 537 757 securum,
563 677 597 739 iu
614 675 765 739 adversis
782 676 1043 758 magnanimum,
1062 677 1096 738 in
1112 684 1277 761 apparatu
1295 678 1419 758 magni·

294 774 405 856 ticum,
430 774 473 839 ad
492 775 586 859 jussa
608 783 809 859 promptum,
834 774 868 836 in
892 772 1051 858 obsequio
1075 771 1239 852 sedulum,
1269 774 1418 838 inomni

293 873 439 958 denique
463 893 561 957 opere
586 871 762 956 providum
787 879 820 934 et
843 872 1131 956 circumspectum.
1156 869 1256 935 Unde
1273 869 1418 934 attalem

293 971 371 1037 aula
395 971 532 1055 dignum
558 980 590 1034 et
613 968 708 1033 aulae
732 979 863 1052 gratum
886 969 1045 1049 futurum,
1078 990 1139 1032 nee
1164 971 1339 1052 immerito,
1371 993 1419 1032 ar-

295 1069 490 1150 bitrabatur,
516 1089 651 1153 sperans
675 1066 796 1130 exinde
820 1065 1037 1130 nihilominus
1057 1087 1095 1131 eo
1111 1077 1310 1152 procurante
1334 1069 1421 1130 inter

295 1188 434 1252 regnum
460 1177 492 1229 ct
515 1165 735 1229 sacerdotium
762 1164 919 1249 deinceps
944 1166 1036 1250 pacis
1059 1166 1201 1248 gratiam
1226 1177 1259 1229 et
1283 1167 1420 1228 unitatis

297 1264 468 1329 vinculum
493 1263 620 1328 firmius
645 1262 825 1326 observari.
872 1261 1003 1345 Agente
1035 1263 1137 1347 igitur
1166 1275 1198 1326 et
1222 1279 1420 1349 procurante

296 1363 453 1449 pontifice
477 1361 623 1426 Thomas
647 1358 756 1423 aulam
783 1359 977 1442 ingreditur,
1005 1358 1227 1424 attribuente
1251 1383 1329 1444 rege
1353 1362 1421 1424 offi-

297 1463 386 1525 cium
410 1459 628 1524 cancellariae
645 1457 800 1541 suscepit.
825 1495 866 1503 —
891 1456 1100 1521 Archilevita
1124 1459 1225 1540 igitur
1239 1458 1350 1522 aulam
1376 1462 1421 1522 iu-

294 1581 439 1642 gressus,
464 1559 553 1621 etin
578 1554 663 1636 aula,
689 1565 726 1618 ut
749 1554 910 1636 diximus,
944 1553 1162 1619 cancellariae
1186 1558 1296 1620 officio
1332 1579 1418 1620 man

297 1659 435 1742 eipatus,
459 1655 596 1719 levitam
620 1675 678 1740 pro
695 1663 843 1738 tempore
868 1653 962 1716 exuit
985 1665 1017 1716 et
1041 1653 1275 1718 cancellarium
1301 1655 1420 1718 induit.

296 1756 396 1838 Regis
420 1753 585 1839 siquidem
608 1775 643 1816 se
667 1751 878 1816 conformans
902 1749 1059 1830 moribus,
1091 1753 1215 1836 pariter
1246 1755 1345 1834 nugis
1370 1751 1420 1815 vel

297 1854 390 1917 seriis
422 1851 603 1930 intendere,
636 1851 760 1935 pariter
784 1851 909 1930 venari,
942 1861 974 1912 et
1007 1848 1096 1912 idem
1130 1849 1318 1935 prandendi
1352 1851 1421 1914 dor·

298 1949 489 2035 miendique
513 1959 643 2034 tempus
667 1948 844 2012 observare
865 1946 1047 2030 satagebat.
1095 1947 1150 2011 Ad
1173 1947 1256 2012 haec
1281 1948 1422 2011 curiales

296 2049 434 2112 facetias
472 2044 644 2132 amplecti,
682 2065 858 2108 numerosa
897 2044 1050 2109 clientela
1080 2046 1243 2130 gaudere,
1282 2045 1420 2130 gloriam

298 2167 456 2233 quaerere
480 2144 649 2230 popularis
673 2165 782 2222 aurae,
808 2141 983 2207 fallacibus
1008 2142 1175 2209 delectari.
1284 2143 1420 2208 Verum·

297 2253 408 2308 tamen
433 2242 510 2306 lieet
534 2243 563 2304 ei
589 2241 733 2304 muudus
757 2241 790 2304 in
816 2240 971 2305 omnibus
1002 2239 1176 2305 lenociniis
1201 2243 1268 2306 suis
1293 2242 1420 2306 adulari

299 2353 331 2406 et
354 2339 556 2427 applaudere
572 2339 750 2414 videretur,
776 2347 886 2402 tamen
912 2337 1001 2424 quod
1027 2339 1132 2402 rarius
1155 2340 1307 2404 accidere
1332 2340 1421 2416 solet,

299 2441 334 2504 in
357 2433 530 2504 affluentia
562 2458 671 2502 rerum
696 2436 868 2500 mirandus
900 2447 932 2500 et
963 2435 1145 2500 imitandus
1177 2447 1247 2501 erat
1278 2439 1422 2523 corporis

298 2540 459 2616 castitate,
484 2547 521 2599 ut
545 2534 726 2600 secuudum
753 2535 933 2598 vanitatem
968 2545 1000 2598 et
1024 2535 1210 2598 castitatem
1244 2535 1421 2598 derisorem

299 2636 388 2700 beati
412 2635 547 2698 Martini
573 2633 715 2697 Britium
747 2632 917 2696 videretur
945 2631 1114 2697 exhibere.
1140 2683 1146 2697 .
1174 2686 1180 2699 .
1205 2632 1244 2696 Iu
1269 2633 1422 2697 omuibus

299 2743 410 2797 autem
440 2733 660 2796 lenocinantis
693 2729 808 2793 muudi
844 2729 1103 2812 blandimentis,
1134 2741 1167 2794 et
1196 2733 1422 2816 prosperitatis

299 2831 476 2895 arridentis
500 2829 672 2915 applausu,
706 2847 831 2890 memor
858 2827 1004 2892 Thomas
1036 2828 1235 2893 conditionis
1266 2851 1361 2914 suae,
1396 2843 1423 2892 et

300 2929 433 2992 honoris
457 2926 520 2991 sibi
546 2927 701 3010 impositi,
726 2923 883 3010 quotidie,
917 2925 996 2990 hine
1020 2947 1078 3012 pro
1104 2925 1229 2990 domiui
1263 2928 1313 2990 sui
1337 2929 1422 3012 regis

300 3027 404 3092 salute
429 3025 617 3106 ethonore,
643 3023 720 3087 inde
743 3044 802 3108 pro
827 3025 1022 3087 necessitate
1046 3022 1215 3088 Ecclesiae
1239 3034 1271 3087 et
1293 3027 1422 3110 provin·

301 3124 435 3190 cialium
461 3135 574 3189 contra
599 3123 721 3186 bestias
745 3123 856 3185 curiae
886 3123 1059 3206 pugnavit,
1093 3132 1125 3184 et
1148 3131 1310 3207 quatenus
1334 3123 1422 3205 regia

302 3225 460 3288 severitas
484 3231 516 3285 et
539 3221 724 3284 reverentia
748 3221 907 3302 permisit,
933 3230 1047 3284 contra
1070 3241 1181 3304 regem
1211 3219 1421 3284 contendeus.

303 3333 462 3407 tauquam
487 3319 632 3406 quodam
656 3319 841 3381 futurorum
866 3319 1038 3402 praesagio
1064 3316 1124 3381 sub
1156 3318 1249 3402 pacis
1278 3329 1421 3401 tempera

304 3420 486 3486 dimicabat
509 3420 544 3482 in
568 3419 701 3496 aciem)

128 3537 293 3580 reomaotn-
395 3519 424 3583 7.
451 3517 562 3597 Quum
588 3514 732 3578 'lhomas
756 3512 972 3578 cancellarius
995 3523 1089 3594 esset,
1113 3523 1189 3598 post
1208 3511 1421 3598 archiepisco·

152 3601 266 3642 ⁰⁶¹¹⁸'¹”¹'
306 3637 384 3702 pum
403 3613 675 3679 Cautuarieusem
700 3633 828 3675 summo
850 3610 975 3674 honore
1000 3613 1033 3674 in
1057 3632 1158 3694 reguo
1175 3609 1354 3690 fruebatur,
1381 3631 1421 3673 re·

380 3776 401 3848 1)
420 3775 488 3828 Vita
507 3773 599 3840 quadr.
619 3770 649 3823 L.
668 3771 690 3823 1.
710 3787 731 3824 e.
751 3767 799 3823 IV.
819 3769 851 3822 V.
878 3799 909 3809 -
936 3768 1059 3836 Quetuor
1077 3785 1109 3823 ex
1128 3783 1149 3824 s.
1169 3767 1287 3823 Thomas
1305 3769 1420 3822 fidelibus

304 3856 398 3910 amicis
425 3855 510 3908 vitam
540 3851 624 3920 ipsius
652 3851 865 3918 descripserunt,
893 3849 1012 3904 loannes
1036 3849 1249 3912 Sarisberieusis‚
1279 3849 1420 3902 Gulielnrus

305 3935 491 4004 stephanides,
510 3933 621 3996 Alanus,
633 3939 662 3984 et.
674 3931 834 3985 Heribertus
853 3931 886 3984 de
899 3930 1023 3983 Busham.
1050 3931 1091 3982 Ex
1105 3929 1176 3984 hisce
1189 3930 1263 3983 Vitis
1282 3930 1419 3983 mandante

305 4017 438 4086 Gregorio
457 4016 497 4070 XI
516 4013 679 4080 compositus
698 4013 753 4066 suit
772 4011 952 4078 Quadrilogus
971 4027 1018 4064 seu
1038 4009 1105 4064 Vita
1129 4009 1340 4077 quadripartita.
1375 4008 1419 4072 Ty·

305 4100 347 4166 pis
367 4099 442 4152 edita
460 4097 515 4150 fuit
534 4095 599 4148 haec
613 4093 679 4146 Vita
698 4093 814 4160 primum
828 4091 940 4144 Parisiis
959 4105 983 4146 a.
1005 4093 1088 4156 luam
1108 4098 1169 4158 post
1187 4105 1246 4143 eam
1266 4089 1352 4143 edidit
1369 4103 1419 4142 cun

306 4178 428 4245 epistolis
456 4194 476 4231 s.
495 4176 613 4230 Thomas
636 4173 734 4226 eurise.
753 4173 846 4240 Lupus
873 4171 921 4224 ord
958 4187 979 4224 s.
999 4169 1150 4239 Augustini
1178 4175 1208 4223 et
1231 4169 1369 4224 Professor
1396 4169 1418 4220 in

307 4259 495 4313 Universitate
513 4255 685 4320 Lovaniensi,
704 4251 840 4308 Bruxellis
859 4267 882 4305 a
904 4251 981 4305 1682.
