2902 4848
328 445 382 499 388
453 445 565 504 XXXV,
585 445 626 499 De
645 445 744 500 Concil.
763 444 914 500 Busileensi
934 462 966 500 ec
984 447 1017 504 de
1035 447 1143 515 Synodo
1163 448 1324 505 Florentius.

329 590 552 670 occasionem,
587 589 738 673 adeoque
768 590 868 652 etiem
893 589 998 656 Murci
1022 590 1185 676 Ephesini
1220 591 1361 678 querelas
1379 587 1449 656 sin-7

261 687 265 720 '
326 684 467 770 gilletim
491 687 683 750 exominure
706 686 912 771 superfluum
936 697 995 754 est.

174 783 304 884 iffi?
415 784 469 848 ol.
505 782 572 848 Sed
602 784 667 848 elis
690 786 859 848 accusatio
884 785 1022 850 effertur
1052 785 1094 849 sb
1119 785 1320 852 adversariis
1342 804 1427 852 sucto-

184 857 199 894 Ρ
288 875 294 886 ’
326 882 432 946 ritutis
456 881 664 966 pontificiae,
696 881 806 966 quood
831 891 960 948 textum
985 883 1126 948 latinum
1152 883 1194 948 de
1219 887 1373 970 primatu,
1392 881 1449 948 mil

325 1000 415 1042 nunc
446 977 601 1062 vulgatus
629 989 747 1046 exstet.
795 980 979 1066 Praecipue
1009 990 1159 1066 tempore
1190 981 1330 1046 Concilii
1359 963 1449 1044 Vari-l

325 1079 401 1142 cuni
426 1078 510 1140 varii
535 1079 710 1162 scriptores
733 1089 955 1159 asseruerunt,
991 1078 1257 1144 falsificationem
1283 1079 1428 1164 impuden-

324 1183 391 1238 tem
422 1175 542 1238 lsotem
575 1195 646 1238 esse
677 1177 711 1238 in
745 1184 837 1240 textu
866 1174 970 1240 latino
1002 1176 1138 1240 decreti.
1185 1176 1315 1242 Graeco
1345 1181 1425 1242 textui

323 1270 403 1334 καθ’
428 1267 464 1334 ὃν
494 1269 618 1354 τρόπον
649 1270 702 1336 καὶ
736 1269 770 1334 ir
809 1275 879 1348 τοῖς
910 1277 1101 1356 πρακτικοῖς
1131 1278 1196 1338 τῶν
1229 1269 1427 1355 discoperi-rm·

323 1367 466 1432 συνόδων
489 1368 542 1433 καὶ
559 1367 593 1432 ἐν
615 1372 685 1445 τοῖς
702 1363 800 1452 ἱεροῖς
822 1368 935 1434 κάνοσι
952 1369 1218 1452 διαλαμβάνεται,
1244 1371 1426 1458 respondisse

323 1468 414 1532 hunc
436 1477 565 1532 textum
593 1467 751 1532 latinum:
795 1466 925 1548 ,Quem
950 1468 993 1532 sd
1018 1469 1152 1534 modum
1188 1469 1320 1549 (melius
1342 1473 1425 1534 siunt:

325 1566 440 1649 ,juxta
463 1588 539 1630 eum
558 1565 693 1630 modum
718 1566 812 1651 qui“)
837 1575 866 1628 et
889 1567 924 1630 in
940 1567 1041 1648 gestis
1057 1569 1349 1632 oecumenicorum
1365 1565 1423 1630 Coo-

323 1662 474 1726 ciliorum
498 1675 527 1727 et
551 1665 585 1728 in
610 1665 712 1728 sacris
735 1662 920 1728 canonibus
936 1666 1154 1730 continetur.“
1198 1663 1346 1732 Graecos
1359 1663 1424 1726 ride

321 1760 400 1826 licet
422 1761 567 1826 voluisse
590 1760 712 1824 limites
743 1769 776 1824 st
798 1760 930 1844 regulus
954 1763 1125 1847 potestatis
1149 1763 1343 1846 pontificiae
1363 1762 1422 1824 indi-

322 1881 415 1941 care,
447 1861 481 1922 in
505 1860 728 1925 oecumenicis
753 1857 912 1924 Conciliis
936 1869 969 1923 et
992 1859 1176 1926 canonibus
1201 1858 1420 1926 determinatos

321 1957 433 2039 Prius,
469 1957 667 2038 advertunt,
704 1966 831 2020 textum
863 1973 1021 2042 graecum
1046 1956 1147 2042 hujus
1169 1957 1233 2022 loci
1261 1957 1415 2027 conicum

320 2077 408 2136 esse,
434 2055 512 2118 dein
538 2057 723 2120 versionem
747 2054 904 2136 lutinsm,
941 2057 975 2120 in
1000 2078 1066 2141 qne
1090 2077 1156 2120 non
1180 2057 1300 2134 etiam,
1330 2055 1377 2121 sed
1396 2063 1413 2112 rt

320 2151 517 2218 hebebatur.
563 2153 630 2220 Sed
662 2155 808 2239 primum
833 2152 1005 2218 Abraham
1031 2154 1201 2218 Cretensis
1234 2156 1269 2220 in
1306 2152 1414 2221 srmllo·

320 2273 419 2316 manu
443 2250 584 2316 Concilii
609 2251 756 2316 editione
778 2250 850 2315 loco
875 2250 965 2316 illius
997 2262 1026 2316 ot
1056 2253 1168 2337 posuit
1201 2253 1318 2332 ctiam,
1348 2267 1421 2334 etque

319 2350 397 2415 inde
421 2349 504 2414 illud
528 2351 633 2428 etiam,
658 2351 812 2436 quemvis
837 2349 1014 2436 palpabilis
1037 2351 1081 2414 sit
1095 2348 1296 2429 falsificetio,
1317 2351 1379 2435 jam
1397 2349 1420 2408 in

318 2469 433 2512 omnes
450 2447 676 2512 Consiliorum
693 2448 855 2512 editiones
869 2447 1039 2532 librosque
1054 2447 1264 2532 dogmaticos
1281 2447 1421 2512 nussim

318 2545 441 2612 Sensus
465 2556 576 2610 sutem
601 2545 699 2630 plene
723 2555 869 2610 mutatus
892 2556 952 2627 est,
975 2569 1017 2610 sc
1040 2547 1068 2610 si
1085 2544 1245 2612 videlicet
1269 2545 1422 2612 diceretur.

318 2646 352 2708 in
377 2642 537 2709 Conciliis
567 2652 600 2707 et
629 2642 814 2708 canonibus
839 2644 1002 2708 contineri
1031 2645 1130 2708 etiem
1156 2643 1423 2708 confirmationem

317 2740 405 2806 illius
428 2743 600 2828 primatus.
649 2740 747 2821 Quod
766 2742 839 2826 jam
862 2741 1100 2806 animadvertit
1125 2741 1244 2806 Petrus
1269 2740 1312 2806 de
1332 2741 1422 2804 Μαῖα

318 2837 519 2921 (Concordia
532 2839 667 2904 Sacerd.
684 2851 717 2902 et
733 2839 817 2924 Imp.
834 2839 896 2920 Ill,
912 2840 946 2919 8)
971 2839 1023 2903 his
1039 2839 1169 2904 verbis:
1201 2840 1307 2904 Verba
1329 2863 1424 2923 yrum

315 2939 351 3002 io
381 2939 503 3002 sincero
534 2959 627 3002 seusu
660 2947 826 3023 acceptata
857 2937 982 3002 modum
1012 2939 1163 3002 excercitio
1189 2939 1363 3024 potestati&
1383 2939 1414 2997 irs

311 3047 438 3121 ponumt
469 3036 499 3100 ei
527 3034 674 3116 similem,
708 3057 796 3119 quem
825 3035 956 3102 ecclesio
983 3034 1158 3102 Gallicana
1190 3045 1307 3100 tuetur.
1353 3035 1421 3098 Ate

316 3142 480 3198 contectus
512 3132 609 3196 lutici
649 3134 828 3218 depravato
859 3132 991 3198 lectione
1034 3135 1170 3210 cruitur,
1204 3131 1341 3218 plenum
1374 3153 1424 3194 esse

316 3232 425 3316 Papae
444 3241 645 3316 potestatem,
676 3231 771 3316 idque
789 3230 927 3318 probari
950 3232 1031 3295 uotis
1058 3229 1274 3297 Consiliorum
1297 3241 1328 3292 et
1349 3253 1424 3294 emas·

298 3328 449 3408 *oidus.¹)

403 3425 458 3490 52.
490 3424 642 3512 Objectio
667 3425 750 3490 haec
774 3428 882 3490 inanis
906 3435 964 3509 est,
990 3434 1022 3489 et
1044 3425 1239 3510 praesertim
1265 3425 1424 3490 occasione

313 3525 506 3588 recentioris
522 3526 767 3588 controversiae
784 3524 1004 3610 peremptorio
1020 3522 1116 3588 modo
1129 3522 1291 3607 dissipate
1305 3523 1373 3588 fnit.
1389 3557 1421 3568 -

313 3622 482 3708 Imprimis
497 3622 739 3687 advertendum
753 3632 811 3711 est,
836 3623 964 3710 etiamsi
985 3623 1019 3686 in
1036 3633 1130 3684 textu
1155 3619 1310 3705 originali
1335 3621 1423 3684 latino

314 3742 380 3784 non
405 3719 487 3800 illud
512 3723 617 3799 ctiam,
642 3719 700 3786 sed
724 3733 753 3784 ct
777 3732 807 3783 et
829 3723 1046 3802 inveniretur,
1071 3717 1161 3783 nullo
1179 3718 1277 3784 modo
1297 3719 1411 3782 indein

313 3818 391 3882 ferri
416 3827 534 3904 posset,
568 3821 807 3886 restrictionem
833 3841 892 3905 per
914 3841 1059 3884 conones
1083 3817 1253 3882 pontilicis
1278 3817 1421 3901 primatui

312 3917 446 4002 apponi.
494 3914 610 3980 Cenon
643 3919 730 3981 enim
762 3917 1031 3982 hermeneuticus
1062 3924 1121 3997 est,
1156 3937 1253 4000 quem
1279 3915 1334 3978 rel
1362 3917 1420 3998 ipso

310 4017 395 4078 ratio
429 4014 589 4080 naturalis
624 4017 790 4099 agnoscit,
834 4015 993 4100 ambigue
1025 4035 1067 4079 ex
1098 4015 1281 4098 perspicuis
1314 4011 1420 4076 debere

386 4227 407 4297 ¹)
427 4228 459 4281 V.
478 4227 567 4282 Junus
585 4244 611 4296 p.
631 4231 684 4284 345
703 4243 759 4295 sqq.
779 4233 808 4282 et
826 4227 930 4282 Civilte
947 4235 1015 4282 cett.
1033 4245 1084 4286 ser.
1106 4229 1164 4287 Vll.
1184 4247 1210 4287 r.
1228 4235 1251 4284 9.
1270 4247 1298 4300 p.
1318 4231 1376 4286 ἕο
