2850 4834
441 457 590 526 Gregorius
608 457 656 512 Xl.
1060 461 1109 514 171

25 625 147 665 recursum
168 601 315 666 babentes
338 625 407 666 eum
416 602 563 688 piissime
576 599 795 684 diieeerunt.¹)
827 602 858 666 A
876 599 1110 668 Cardinalibus

23 701 46 761 iu
63 699 241 764 Pontificem
266 698 390 764 electus
413 697 610 763 difficillime
643 699 685 762 nd
710 721 907 764 consensum
932 701 1040 785 potuit
1063 702 1110 764 in-

23 797 118 872 dinari,
144 797 200 861 sed
224 797 360 861 tandem
384 798 574 861 cumomni
599 796 787 861 humilitate
812 798 947 862 divinae
970 807 1003 862 et
1026 799 1110 884 ipso·

22 917 126 958 nurse
154 896 327 980 supposuit
350 893 524 959 voluntati.
571 893 637 958 Hic
662 895 817 959 Pontifex
844 895 922 960 inde
946 894 989 960 ab
1014 897 1109 960 initio

21 991 85 1056 land
113 992 231 1056 infelici
262 1013 416 1056 successu
449 991 646 1056 concordiae
670 1014 710 1056 ac
733 993 807 1077 paci
832 994 919 1057 inter
941 995 1109 1079 principes

21 1089 185 1155 christianos
212 1089 448 1154 restaurandae
481 1100 514 1154 et
543 1090 791 1154 conservandae
820 1089 1038 1171 adlaboravit,
1070 1112 1110 1154 ac

20 1187 128 1251 sollicite
159 1190 259 1256 etiam
283 1187 378 1273 plura
401 1187 491 1270 fecit,
523 1187 566 1252 ad
598 1186 754 1271 dogmata
788 1186 951 1254 catholica
975 1188 1109 1270 tuenda,

20 1283 115 1348 ebusus
157 1286 388 1372 exstirpandos
435 1296 467 1350 et
514 1285 671 1350 tuendam
726 1285 948 1370 disciplinam.
1004 1287 1111 1351 Novis

21 1381 102 1446 turbis
130 1406 166 1448 co
197 1394 344 1469 tempore
368 1383 466 1448 Italis
498 1406 661 1448 concussa
691 1396 750 1464 est,
789 1386 935 1448 maxime
959 1405 997 1448 eo
1021 1384 1111 1470 quod

19 1479 172 1546 llorentini
204 1492 319 1547 eontra
351 1505 375 1548 s.
401 1480 521 1547 Sedem
550 1481 748 1546 rebellarent
770 1481 919 1566 aliasque
943 1483 1042 1546 etiam
1067 1483 1110 1546 ci·

21 1579 113 1641 vitutus
134 1580 177 1645 ad
200 1578 428 1644 rebellandum
453 1579 658 1648 inducerent.
699 1578 878 1665 Gregorius
901 1589 972 1644 tum
997 1602 1111 1644 censu·
1186 1619 1189 1626 ·

19 1677 49 1738 ris
67 1687 128 1740 tum
151 1681 252 1742 armis
275 1679 403 1742 fortiter
416 1677 586 1743 Ecclesiae
605 1681 683 1764 jura
707 1689 739 1742 et
761 1680 927 1743 territoria
950 1679 1110 1760 defendit,

20 1793 47 1834 so
65 1786 220 1858 postremo
254 1778 368 1840 statuit
398 1777 469 1862 ipse
500 1777 534 1839 in
559 1775 689 1840 Italiam
721 1777 884 1862 proficisci
915 1785 948 1840 et
971 1776 1110 1840 Romam

19 1875 121 1938 uveni.
170 1874 281 1954 Quum
313 1873 476 1960 ejusmodi
499 1873 626 1938 reditus
650 1873 812 1959 Gregorii,
843 1884 984 1939 eventus
1012 1874 1112 1938 fuerit

17 1971 127 2034 usnimi
160 1973 329 2052 momenti,
361 1971 459 2056 paulo
493 1972 598 2036 fusius
631 1972 671 2036 de
696 1973 811 2036 eodem
836 1994 934 2056 agere
957 1982 1110 2058 opportu-

18 2084 75 2128 num
96 2073 162 2134 erit,

84 2184 131 2251 21.
179 2185 301 2250 Variae
326 2207 446 2250 causae
470 2185 596 2249 reditus
620 2185 771 2271 Gregorii
797 2190 831 2252 in
856 2187 985 2252 ltaliam
1011 2210 1031 2251 a
1054 2199 1208 2250 numm
1222 2202 1283 2243 ran·

15 2279 57 2341 n'is
75 2283 259 2348 auctoribus
281 2293 505 2363 recensentur,
538 2283 594 2347 sed
620 2284 770 2369 pluribus
794 2286 891 2350 simul
925 2283 1110 2349 rationibus
1132 2263 1268 2367 wlff*

17 2395 72 2442 euru
94 2391 216 2446 motum
241 2382 351 2462 fuisse,
376 2383 493 2446 merito
518 2382 725 2468 conjicimus.
759 2384 794 2447 1⁰
810 2383 906 2448 Retio
930 2384 1112 2469 praecipua

16 2493 43 2536 es
69 2477 163 2544 inisse
196 2478 338 2562 videtur,
378 2479 468 2565 quod
497 2479 641 2544 schisma
664 2482 849 2546 timendum
874 2493 968 2561 esset,
1008 2502 1112 2567 quum

18 2567 134 2640 Romani
165 2576 276 2663 plures
299 2577 469 2642 absentiae
493 2576 694 2643 Pontificum
717 2582 860 2664 pertaesi
885 2582 986 2666 impie
1011 2581 1113 2644 mina·

14 2683 111 2754 untur,
141 2697 176 2738 se
199 2674 301 2739 aliurn
325 2675 450 2761 Papam
475 2675 599 2739 Romae
624 2699 814 2742 mansurum
840 2678 1000 2744 electuros
1023 2699 1105 2743 esse.

14 2759 53 2829 Sic
65 2769 175 2836 Petrus
190 2773 360 2856 Rostagni,
386 2775 420 2838 in
444 2773 583 2858 epistola
607 2777 730 2859 scripta
753 2774 974 2841 adJoannem
997 2799 1108 2862 regem

18 2861 156 2934 Castellae
179 2893 208 2936 a.
229 2872 315 2936 1380
338 2872 391 2937 die
418 2872 474 2936 10·
505 2871 720 2958 Septembris,
744 2884 893 2954 testatur,
923 2875 1010 2962 quod
1036 2897 1112 2939 cum

18 2963 72 3046 ipse
93 2987 175 3032 esset
190 2969 314 3034 Romae
338 2973 371 3034 in
390 2984 496 3036 castro
521 2975 625 3035 suncti
645 2971 775 3056 Angeli,
801 2973 895 3059 cnjus
911 2973 1115 3056 gubernator

17 3075 71 3124 erat
90 3087 190 3151 nepos
213 3068 361 3154 ejusdem
377 3069 476 3149 Petri,
503 3079 672 3132 tractatam
688 3070 760 3154 fuit
777 3093 840 3156 per
862 3070 1031 3136 nonnullos
1050 3075 1111 3137 Ro·

14 3181 101 3226 nunos
129 3167 225 3229 etiarn
255 3167 436 3230 inductione
464 3168 593 3232 illenim
624 3167 661 3230 de
691 3168 807 3246 Italia,
843 3172 898 3255 qui
928 3171 1113 3257 temporalis

14 3255 125 3324 domnii
152 3265 254 3350 ipsius
283 3264 443 3328 Ecclesiae
474 3265 702 3329 subversionem
725 3279 990 3352 procuraverant,
1029 3269 1112 3353 quod

14 3351 81 3432 ieret
98 3383 157 3445 per
171 3363 348 3426 Raraunum
369 3362 523 3449 populum
547 3387 586 3426 ecc
608 3364 651 3426 iia
673 3387 755 3428 unus
770 3365 939 3453 Antipupa
957 3365 1111 3451 Gregorio

14 3453 110 3520 urente
133 3471 163 3524 et
184 3461 219 3524 in
243 3461 403 3524 Auenione
427 3463 589 3525 enistente.
624 3461 665 3523 Et
688 3463 775 3524 istud
799 3463 878 3526 adeo
898 3467 1055 3550 processit
1077 3467 1111 3528 in

14 3563 97 3638 enea,
127 3557 210 3641 quod
248 3560 334 3624 Rosa.
360 3559 516 3623 Dominus
548 3570 578 3622 et
609 3561 705 3622 Pater
733 3561 890 3624 Dominus
925 3561 1112 3627 Cardinalis

14 3671 30 3712 r.
51 3651 135 3736 Petri,
172 3659 226 3741 qui
257 3667 329 3721 tunc
359 3656 480 3741 legatus
511 3658 667 3720 existebat
696 3660 731 3720 in
762 3657 854 3734 Urbe,
885 3659 958 3745 fuit
986 3671 1112 3724 coactus

15 3751 124 3815 scribae
149 3753 304 3840 praefato
337 3778 352 3820 s
385 3757 550 3820 memoriae
578 3755 741 3840 Gregorio,
772 3758 943 3842 quodnisi
970 3759 1031 3821 cito
1049 3783 1112 3844 per

15 3845 158 3912 moenium
180 3864 381 3930 succurreret,
406 3853 573 3939 spirituale
597 3852 784 3917 scandalum
798 3855 958 3919 Ecclesiae
981 3857 1111 3920 indubie

15 3948 142 4012 satiebat
159 3962 323 4035 paratum.
370 3952 412 4014 Et
435 3975 488 4037 epo
513 3962 542 4014 et
565 3949 626 4014 alii
648 3951 740 4014 multi
762 3954 928 4016 servitores
951 3955 1111 4020 Ecclesiae

15 4123 202 4140 ''Q——

70 4242 87 4304 ¹)
105 4243 194 4299 Bulut.
225 4245 292 4299 Vite
309 4244 396 4313 prima
415 4245 541 4314 Gregorii
560 4245 609 4299 XI.
628 4260 653 4312 p.
673 4244 734 4301 426.
