2916 4842
411 477 591 533 Diuitiarum
609 479 698 533 initia
1089 479 1139 532 111

41 630 118 712 stipae
143 649 182 688 oc
205 646 357 702 ceremur,
381 643 420 687 ae
435 622 526 709 forte
549 624 584 686 in
598 623 677 686 hono
694 620 977 686 dissimulationem
1000 633 1029 686 et
1043 621 1140 706 napli-

40 727 153 806 pntiam
164 732 302 809 propter
317 723 373 784 lroe
390 732 461 785 tuus
478 723 603 784 animus
618 723 660 784 sit
675 721 832 800 inductus,
848 721 932 806 quod
948 721 1141 806 myocstione

35 821 303 906 penersihominis
325 820 452 883 azanio
476 820 672 897 seminantis,
697 820 848 883 aduersus
871 818 1142 882 clementissimam

37 932 143 984 oanan
167 931 256 984 tuom
281 927 513 981 sacrosanctam
537 919 714 981 Romanam
738 917 898 980 ecclesiam
922 927 951 980 et
972 939 1030 980 nos
1053 902 1141 1004 ipsos

37 1019 268 1104 indipnntionem
284 1016 384 1101 (qaod
399 1015 499 1101 absit)
524 1015 666 1101 aliquam
689 1016 868 1101 conceperis
891 1025 921 1078 et
936 1037 1108 1078 rancorem.
1116 1013 1140 1099 ¹)

36 1114 237 1179 Commendat
255 1112 376 1177 deinde
391 1111 516 1196 legatos
533 1113 575 1177 ob
591 1113 654 1178 hoc
671 1112 801 1199 aliaque
815 1114 948 1197 negotia
972 1112 1014 1177 ad
1031 1113 1140 1198 ipsum

35 1235 140 1278 nissos.

107 1338 157 1401 12.
205 1336 305 1401 Hanc
328 1335 501 1422 epistolam
525 1335 624 1420 legati
648 1335 820 1400 Pontificis
843 1335 1048 1400 Vesuntione
1068 1335 1137 1400 Fri·
1157 1343 1306 1394 rapinae·

34 1437 125 1500 lerino
155 1437 191 1500 in
222 1455 398 1520 procerum
428 1456 582 1498 consessu
613 1432 834 1515 tradiderunt,
867 1455 1005 1520 eamque
1038 1435 1138 1496 vertit
1161 1406 1299 1456 angustio.

33 1549 52 1596 n
82 1537 315 1619 interpretatus
350 1543 399 1597 est
421 1530 605 1596 Rainaldus
641 1530 867 1614 cancellarius,
904 1534 960 1617 qui
993 1533 1139 1595 maxime

34 1633 230 1717 Imperatoris
254 1632 403 1694 animum
428 1631 461 1694 in
486 1629 606 1695 Sedem
629 1628 854 1716 Apostolicam
878 1629 1045 1693 infensum
1068 1629 1140 1693 red·

36 1730 128 1794 lebat
174 1729 287 1794 Homo
312 1731 413 1814 igitur
436 1726 575 1792 callidus
605 1739 638 1792 et
668 1749 822 1814 nequam,
857 1727 1001 1811 maligne
1024 1748 1142 1792 vocem

34 1827 165 1912 lrneflsia
204 1829 238 1891 in
271 1847 455 1890 sermonem
490 1824 704 1890 vernaculum
743 1828 854 1910 vertit,
888 1828 935 1889 ita
966 1835 1003 1889 ut
1033 1825 1142 1913 feuda

36 1926 161 2011 leben)
188 1923 402 2009 significaret,
426 1933 525 2010 atque
548 1924 674 1989 litteras
697 1924 862 1989 Hadriani
887 1923 1078 2009 explicavit,
1103 1945 1143 1987 ac

34 2027 48 2086 ri
62 2023 216 2089 Pontifex
239 2033 409 2106 assereret,
434 2044 468 2086 se
489 2024 658 2109 Imperium
681 2033 717 2086 ut
730 2022 868 2110 feudum
882 2023 1048 2086 Friderieo
1072 2043 1142 2084 eon·
1227 2029 1233 2034 '

34 2119 133 2200 tulisse,
167 2122 251 2184 etsi
276 2130 388 2205 posset
411 2123 509 2184 etiam
534 2121 659 2210 majora
683 2119 783 2184 feuda
812 2121 874 2206 ipsi
900 2118 1048 2184 conferre
1072 2141 1143 2183 esse

35 2233 178 2302 paetum.
227 2219 339 2282 Etiam
366 2240 464 2282 voces
487 2216 655 2282 contulerit
678 2228 711 2281 et
733 2217 898 2304 conserens
921 2219 1029 2298 vertit,
1055 2219 1142 2281 acsi

36 2320 202 2382 ==nresserit
225 2328 258 2380 et
281 2317 451 2380 concedens
475 2315 627 2380 Pontifex
653 2317 846 2402 scripsisset.
879 2317 1072 2401 Imperator,
1093 2315 1142 2378 uti

33 2413 83 2494 jam
108 2415 268 2497 diximus,
294 2413 436 2499 superba
460 2425 580 2495 mente,
606 2413 797 2478 immediate
820 2413 924 2478 aDeo
949 2413 1012 2478 sibi
1036 2415 1141 2498 Impe-

35 2515 101 2576 rium
126 2512 280 2578 absoluta
304 2512 668 2599 quadamplenitudine
688 2515 876 2592 convenire,
894 2511 1141 2597 praetendebat.

35 2609 194 2676 Praeterea
218 2633 297 2676 vero
317 2613 387 2696 jam
422 2611 493 2696 ejus
530 2613 679 2675 animum
718 2632 757 2674 ea
795 2611 951 2674 affecerat
987 2611 1142 2695 suspicio,

33 2707 88 2772 llll
110 2709 292 2774 Pontifices
316 2710 496 2794 Imperium
521 2719 558 2773 ut
579 2709 716 2773 feudum
740 2705 836 2773 Sedis
851 2707 1073 2793 Apostolicae,
1098 2718 1143 2772 at·

33 2827 84 2889 que
99 2809 321 2894 Imperatores
345 2818 382 2870 ut
404 2805 546 2871 vasallos
569 2805 701 2871 habere.
752 2806 885 2871 Talibus
909 2806 1024 2872 litteris
1043 2806 1143 2886 lectis,

33 2905 134 2969 scribit
152 2905 355 2988 Radevicus,
379 2916 409 2970 et
426 2929 489 2992 per
512 2905 706 2970 Reinaldum
729 2903 954 2970 cancellarium
970 2905 1042 2991 fida
1065 2907 1143 2969 satu

34 3003 279 3089 interpretatione
311 3003 480 3090 diligenter
514 3002 709 3090 expositis,²)
750 3027 865 3090 maana
890 3005 1057 3091 principos
1090 3004 1145 3089 qui

34 3101 155 3168 adeant
179 3102 401 3188 iudipnatione
424 3104 568 3165 commoti
589 3113 671 3184 suat,
697 3105 773 3188 quia
789 3113 855 3166 tota
871 3101 1050 3165 litterarum
1073 3124 1142 3165 con-

36 3199 155 3264 tinentia
193 3224 258 3264 non
294 3222 414 3286 parum
442 3200 585 3264 acedieris
614 3200 726 3264 labore
757 3211 786 3264 et
817 3202 1011 3264 occasionem
1032 3198 1146 3285 funeri

38 3295 100 3360 noli
114 3303 254 3387 jamjam
269 3298 384 3384 fronte
407 3320 467 3362 sua
487 3299 653 3386 praeferre
676 3297 851 3362 uidebatur.
899 3299 1074 3383 Praecipue
1098 3308 1142 3360 ta·

37 3415 90 3456 nen
119 3398 283 3460 uniuersos
315 3397 516 3476 accenderat,
544 3397 628 3483 quod
659 3399 694 3460 in
711 3398 902 3484 praemissis
925 3394 1039 3460 litteris
1062 3398 1147 3460 inter

39 3561 47 3566 ·
64 3565 235 3576 m

98 3677 118 3744 ¹)
135 3677 296 3745 walterich,
316 3679 352 3734 11.
371 3679 432 3734 357.

98 3777 229 3840 ¹)Fidam
248 3793 302 3832 non
334 3778 418 3832 tuisse
444 3777 698 3844 interpretationem
716 3777 840 3832 Reinnldi
864 3777 936 3834 haud
963 3777 1073 3834 dubium
1095 3785 1146 3833 est

40 3847 85 3916 ltfli
102 3858 213 3925 entscopi
229 3858 392 3912 Germaniae
411 3859 440 3911 in
458 3857 573 3926 epistola
591 3856 667 3912 brari
685 3863 748 3926 post
765 3857 799 3911 ad
812 3857 980 3913 Hadrianum
999 3859 1064 3913 data
1082 3859 1145 3913 scri-

42 3929 110 3986 bunt:
130 3936 238 4002 ,Onam
256 3939 299 3992 ita
317 3939 512 3993 continuerunt
529 3953 609 3993 aures
628 3953 699 4004 suas,
726 3939 796 4006 qnod
814 3955 870 4005 nos,
894 3939 970 3994 salva
988 3940 1082 4010 gratia
1100 3955 1145 3994 ve-

43 4021 106 4066 stne
117 4019 296 4074 nnctIssimae
310 4017 495 4086 paternimtis
515 4033 547 4073 ee
565 4017 637 4073 tueri
652 4026 770 4087 propter
787 4021 933 4074 sinistram
952 4021 1146 4090 antiquitatis

45 4098 280 4160 interpretaturum
293 4099 338 4155 vel
357 4113 487 4154 consensu
501 4098 590 4165 aliquo
609 4097 758 4166 approbare
775 4115 825 4154 nec
843 4101 971 4155 audemus
989 4116 1038 4155 nec
1055 4115 1147 4168 possu-

46 4185 103 4232 m&
130 4191 158 4230 eo
181 4179 245 4245 qnod
271 4179 383 4234 insolita
410 4185 439 4234 et
465 4178 591 4234 inaudita
618 4178 731 4233 luerunt
754 4193 839 4247 usque
861 4180 895 4234 ad
913 4180 979 4234 haec
997 4185 1144 4250 tempora*

46 4245 77 4299 V·
94 4251 238 4324 Wettedch,
256 4259 292 4314 11.
312 4259 373 4316 ³63.
