2858 4834
199 619 208 650 t

127 3453 221 3494 Heurlcl
235 3451 258 3492 11

128 3515 267 3557 rsudcnttae.

283 455 334 510 158
513 453 599 507 XXV.
626 452 666 506 De
685 467 767 506 causa
784 468 804 507 s
824 453 943 508 Thomas
960 453 1173 510 Cantuariensis.

281 598 448 663 Henricus
461 597 487 678 l,
513 598 668 682 princeps
692 596 827 682 quidem
842 606 912 660 erat
929 598 1073 662 melioris
1089 598 1203 683 frugis,
1229 599 1402 664 sedetiam

282 697 353 782 ipse
376 696 607 760 auctoritatem
639 716 733 758 suam
757 703 790 758 et
812 703 1008 780 potestatem
1041 697 1074 761 in
1099 697 1268 782 praesules
1298 709 1330 762 11
1355 721 1404 762 res

282 793 521 859 ecclesiasticas
545 814 699 857 exercere
722 802 822 878 atque
845 814 963 877 urgere
987 816 1053 858 non
1078 795 1213 877 destitit,
1238 805 1271 860 11
1295 796 1336 860 de
1361 799 1405 860 iu·

282 893 451 957 vestituris
475 913 514 954 ac
538 890 579 956 de
603 890 751 955 hominio
783 891 825 955 ab
856 893 1021 977 episcopis
1052 893 1252 978 praestando
1273 916 1350 958 cum
1381 919 1406 960 s.

284 990 440 1056 Anselmo
465 997 497 1053 et
520 1011 595 1053 cum
612 989 697 1054 Sede
715 989 906 1073 Apostolica
930 991 1091 1054 acerrima
1115 990 1253 1056 dissidia
1277 990 1405 1058 habuit.

283 1090 358 1171 Qua
382 1085 516 1173 quidem
541 1088 575 1150 in
599 1109 634 1150 re
657 1110 682 1151 s.
707 1084 895 1166 Anselmus,
928 1088 1008 1153 dum
1027 1089 1105 1174 jura
1129 1089 1299 1154 Ecclesiae
1332 1111 1404 1154 con·

282 1195 407 1252 stanter
430 1183 635 1265 defenderet,
672 1183 773 1248 exilia
805 1184 991 1272 multasque
1023 1208 1200 1252 aerumnas
1232 1210 1407 1274 perpessus

283 1294 348 1367 est3
373 1282 483 1370 plures
506 1291 618 1346 autem
642 1283 790 1367 episcopi
813 1293 846 1346 et
870 1285 933 1347 viri
956 1283 1170 1366 ecclesiastici
1187 1284 1405 1349 dominationi

282 1384 472 1471 principum
492 1381 564 1466 jam
588 1382 710 1444 assueti
735 1401 914 1466 eorumque
930 1380 1195 1464 indignationem
1212 1394 1405 1464 metuentes,

283 1485 362 1548 satia
387 1483 525 1564 ignavos
549 1500 619 1542 sese
642 1477 834 1545 exhibuere.
881 1479 1051 1544 Postremo
1077 1490 1187 1544 tamen
1212 1504 1237 1545 s.
1256 1481 1404 1545 Anselmi

282 1579 469 1646 constantia
491 1575 758 1661 Pontificumquc
782 1575 1008 1642 moderatione
1039 1579 1180 1664 sapienti
1208 1579 1248 1644 lis
1272 1581 1319 1644 ita
1343 1591 1403 1643 ter-

283 1681 410 1744 minata
433 1685 491 1758 est,
520 1685 557 1738 ut
581 1674 725 1758 dignitas
749 1684 781 1737 11
805 1674 1065 1760 independentia
1088 1675 1260 1741 Ecclesiae
1290 1676 1405 1741 saltem

283 1775 393 1863 quoad
417 1771 604 1838 essentialia
619 1770 731 1835 salvae
756 1781 873 1838 essent.
921 1774 993 1837 Rex
1016 1774 1222 1838 investituris
1238 1777 1404 1839 renuntia-

283 1877 342 1957 vit,
375 1872 560 1937 hominium
591 1890 668 1932 vero
700 1869 890 1954 praesulum
918 1869 1092 1934 tolerantia
1123 1872 1268 1958 quadam
1293 1871 1406 1937 Eccle-

283 1975 352 2040 siae
376 1989 569 2034 concessum
593 1967 666 2031 fuit.
718 1965 894 2032 Caeterum
917 1968 1124 2033 Henricusl
1153 1979 1315 2056 quantum
1349 1993 1404 2056 po-

283 2072 348 2136 tuit
371 2067 518 2133 ecclesiia
542 2065 706 2130 dominari
731 2074 868 2130 conatus
892 2075 951 2131 est.
976 2105 1014 2114 -
1043 2066 1122 2130 Post
1138 2079 1276 2132 mortem
1301 2070 1405 2154 ipsius

284 2173 328 2254 (a.
356 2167 464 2246 1135),
490 2185 591 2250 quum
616 2162 740 2248 prolem
766 2165 948 2228 masculam
972 2187 1038 2229 uon
1055 2165 1249 2252 reliquisset,
1276 2164 1404 2252 Stcpbo·

283 2291 344 2332 111
367 2286 477 2330 comes
500 2261 674 2338 Blesensis,
700 2261 838 2325 Henrici
856 2263 999 2348 Inepos,
1018 2263 1161 2347 Angliae
1184 2263 1303 2328 throno
1324 2267 1405 2349 poti-

283 2373 418 2429 tuaest.
465 2360 531 2425 Scd
556 2358 727 2424 Mathildis
749 2381 880 2446 quoquo
905 2361 1042 2425 Henrici
1067 2361 1083 2425 Ι
1107 2362 1185 2444 lilia,
1211 2362 1349 2426 Henrici
1375 2362 1405 2426 V

285 2459 497 2548 Imperatoris
525 2457 639 2539 vidua,
680 2465 713 2520 et
741 2457 897 2522 secundis
928 2461 1053 2545 nuptiis
1087 2461 1198 2524 comiti
1224 2459 1405 2525 Godelrido

285 2554 526 2644 (Plantagenet)
559 2555 793 2640 Andegavcnsi
829 2557 962 2641 juncta,
1002 2580 1061 2621 sua
1097 2559 1131 2621 iu
1162 2579 1303 2642 regnum
1329 2558 1408 2644 jura

285 2659 386 2722 armis
417 2654 614 2718 vindicavit.
662 2653 745 2717 Inde
769 2651 893 2717 bellum
917 2654 1016 2719 civile
1040 2657 1173 2736 exarsit,
1200 2655 1406 2737 diuturnum,

285 2755 374 2843 quod
398 2775 485 2818 anno
512 2751 596 2816 1153
628 2751 841 2814 terminatum
875 2763 923 2815 est
955 2774 993 2817 1ο
1024 2763 1137 2839 pacto,
1170 2763 1207 2818 ut
1238 2753 1407 2840 Stephano

285 2853 419 2940 quidem
444 2871 582 2935 regnum
599 2857 793 2930 remaneret,
818 2848 877 2912 sed
900 2851 930 2913 ei
955 2849 1407 2916 (1111111111111111111111-

284 2949 398 3015 tbildis
422 2948 519 3028 lilius,
544 2947 711 3011 Henricus
725 2945 951 3011 Normanniae
975 2947 1055 3014 dux.
1087 2947 1198 3030 Quum
1215 2949 1317 3034 igitur
1334 2949 1406 3034 jam

284 3068 371 3112 anno
398 3047 484 3110 1154
511 3043 700 3130 Stephanus
732 3043 877 3127 obiisset,
910 3046 971 3108 iste
996 3047 1154 3111 Henricus
1178 3048 1218 3111 II
1241 3047 1405 3135 (1111111.

287 3144 387 3230 1133)
411 3143 553 3229 Angliae
577 3163 717 3226 regnum
742 3140 896 3224 obtinuit,
921 3166 1090 3231 quumque
1115 3147 1150 3209 111
1174 3143 1285 3210 Gallia
1316 3157 1406 3230 prae-

284 3253 334 3308 ter
357 3243 597 3307 Normanniam
620 3241 686 3304 alia
710 3260 840 3325 quoque
864 3243 1029 3305 territoria
1052 3242 1094 3307 ab
1118 3264 1221 3306 uxore
1245 3241 1406 3306 Eleonora

286 3343 315 3407 ei
340 3339 439 3405 allata
461 3339 653 3425 possideret,
677 3358 744 3402 non
769 3337 927 3402 mediocri
951 3339 1123 3405 fruebatur
1146 3350 1316 3426 potestate.

375 3439 406 3504 5.
429 3436 650 3522 Temporibus
674 3433 832 3520 Stephani
858 3437 955 3520 regis,
979 3459 1082 3524 quum
1102 3440 1137 3502 in
1153 3437 1239 3503 bello
1256 3436 1347 3502 civili
1363 3436 1404 3501 ab

286 3535 488 3602 adhaesione
512 3533 591 3599 cleri
615 3531 756 3597 multum
782 3532 986 3618 dependeret
1010 3557 1072 3600 nec
1087 3557 1217 3622 semper
1236 3536 1336 3622 juxta
1359 3556 1405 3598 ar-

285 3623 423 3700 bitrium
436 3632 615 3697 voluntatis
639 3651 718 3696 suae
732 3631 888 3716 princeps
911 3654 964 3696 res
980 3633 1155 3720 disponere
1171 3642 1292 3720 posset,
1316 3654 1404 3719 prae·

284 3733 372 3799 sules
401 3732 597 3816 dignitatem
628 3750 721 3792 suam
753 3736 786 3792 11
814 3726 1001 3795 libertatem
1035 3730 1244 3817 aliquatenus
1275 3751 1405 3795 servare

284 3840 470 3918 potuerant.
523 3827 588 3894 Sed
613 3827 779 3891 Henricus
809 3825 852 3908 ll,
883 3827 1060 3913 juventute
1093 3830 1226 3894 fervens
1249 3837 1283 3893 et
1305 3827 1404 3894 domi-

284 3929 388 3995 nandi
419 3925 591 4013 cupidine,
624 3925 777 4010 exempla
809 3935 941 3988 secutus
973 3937 1022 3991 est
1052 3925 1252 3992 GulielmiI
1283 3933 1316 3990 et
1339 3924 1403 3990 Gu-

283 4026 385 4092 lielmi
402 4025 446 4108 II,
472 4033 504 4089 et
519 4023 781 4088 dominationem
805 4021 989 4089 absolutam
1007 4025 1042 4088 in
1059 4024 1184 4089 clerum
1199 4043 1402 4110 recuperare,

285 4128 350 4191 imo
374 4137 408 4189 11
431 4123 636 4211 amplificare
660 4122 797 4188 studuit.
845 4121 942 4203 Quae
966 4124 1067 4207 igitur
1083 4121 1262 4208 aliquando
1288 4121 1403 4206 princi-

284 4247 342 4312 pes
366 4223 551 4289 Normanni
576 4220 617 4286 de
640 4221 727 4285 facto
751 4229 1003 4306 usurpaverant,
1036 4218 1089 4283 vel
1114 4241 1199 4306 quae
1223 4220 1327 4305 ipsius
1351 4216 1402 4280 do·
