2902 4848
281 360 335 416 3ῑὸ
405 364 519 422 XXXV.
539 367 579 421 De
598 367 698 422 Concil.
717 367 867 424 Besiloenai
886 385 918 424 ac
935 369 968 424 de
986 369 1093 437 Synodo
1111 371 1276 429 Florentius.

282 505 476 592 sylvestrem
499 509 719 597 Spuropulum.
768 511 892 576 Contra
927 512 1018 577 hunc
1049 512 1241 598 Creyghton
1273 517 1387 600 scripsit

280 603 350 669 Leo
378 604 522 670 Allatius
552 631 636 694 opus
665 611 719 674 cui
750 610 882 676 titulus:
918 610 1032 674 Leontii
1062 611 1183 676 Allecto·
1211 614 1246 676 io
1275 613 1389 677 Rolrrti
1441 647 1442 664 κ

285 700 473 790 Crcyplrtooi
495 718 698 791 apparatam.
739 700 882 788 Romae,
916 708 1014 773 1674.
1049 745 1093 756 -
1128 709 1271 773 Demum
1294 723 1391 774 nostro
1441 778 1442 808 ,

281 812 429 886 tempore
459 800 500 866 de
526 802 676 870 Concilio
700 805 892 886 Florentino
923 808 1080 872 tractavit
1109 805 1279 893 multaque
1306 807 1395 872 docu-
1441 811 1442 872 i

282 909 395 964 menta
418 899 525 966 edidit
548 900 598 969 lll.
624 901 767 968 Ceccoui
793 903 952 988 (archiep.
968 902 1206 986 Florentinus),
1231 904 1324 970 Studi
1344 917 1396 969 sto
1441 891 1442 960 i

280 999 342 1062 ea·
371 998 422 1062 az
457 997 597 1064 conecto
630 1002 666 1065 a·
693 1003 832 1068 arem.
882 1003 1022 1068 strenze
1056 1002 1152 1067 iseo.
1188 1039 1234 1050 -
1273 1001 1395 1068 consur

282 1107 452 1181 praeterea
483 1109 621 1182 possunt
653 1099 689 1163 hi
720 1111 889 1166 auctores:
921 1100 1117 1185 Raynaldus
1140 1112 1173 1164 et
1196 1099 1396 1186 Spondanus,
1441 1119 1442 1178 t

280 1194 392 1258 Annal
415 1195 486 1260 eccl.
519 1197 563 1259 od
593 1221 623 1262 a.
648 1201 892 1277 tros-144&
924 1198 1053 1263 Natalis
1075 1198 1289 1282 Alexander,
1321 1201 1396 1266 Hei.
1441 1195 1442 1260 l

281 1291 366 1358 Ecct.
390 1293 527 1358 Diruere.
560 1295 596 1358 in
618 1317 700 1360 aueo.
725 1297 932 1376 >lv-xva·
960 1295 1162 1378 Muzuarelli,
1186 1298 1238 1360 Do
1261 1302 1397 1362 auctorit.

281 1392 372 1454 Rom.
398 1391 487 1456 Pont.
521 1401 593 1458 tom.
618 1394 660 1458 ΙΙ.
692 1417 718 1461 o.
742 1397 801 1474 183
840 1392 969 1472 Palma,
1002 1393 1155 1458 Proelect.
1179 1395 1215 1457 iu
1238 1395 1310 1460 tiae.
1334 1397 1397 1460 eccl.

281 1498 353 1552 tom.
378 1487 437 1552 IV.
467 1491 555 1573 pal.
589 1515 614 1554 c.
639 1493 681 1565 6,·
714 1492 889 1577 PituipIos,
922 1491 1069 1578 L'qur'ae
1091 1492 1264 1572 orierctole,
1295 1493 1332 1557 P.
1354 1495 1399 1561 ll:

281 1584 417 1666 Helele,
453 1585 484 1652 C.
515 1584 554 1650 G.
584 1588 619 1652 T.
650 1587 720 1653 VII.
745 1589 778 1676 §.
802 1592 869 1656 807
892 1612 978 1675 epp,-
1007 1589 1266 1672 Hergenrother,
1296 1591 1397 1655 liii-cle

280 1683 347 1746 und
363 1681 468 1763 Staot,
493 1687 525 1748 X
530 1685 598 1751 VII.
616 1689 660 1750 23
676 1709 741 1772 sqq.
749 1711 761 1766 ,·
785 1689 826 1752 K.
846 1685 955 1752 Greci,
985 1689 1021 1752 T.
1036 1687 1080 1751 ll.
1105 1687 1177 1752 Per.
1210 1688 1261 1752 Vl.
1290 1687 1323 1754 C.
1346 1689 1397 1753 Ill.

280 1805 311 1844 a.
338 1784 403 1846 255
428 1805 510 1868 app,
547 1784 582 1848 T.
606 1785 667 1848 III.
693 1809 731 1870 p.
755 1787 823 1850 388
852 1785 918 1870 (ed.
942 1785 1009 1870 1.),
1041 1784 1098 1850 ubi
1123 1784 1207 1850 alios
1229 1789 1398 1872 scriptores

281 1880 398 1943 citatos
423 1880 584 1948 invenies.

370 2059 423 2124 37.
461 2055 570 2122 Causa
602 2061 798 2144 praecipua,
834 2069 969 2146 propter
998 2081 1099 2146 quam
1123 2058 1314 2126 Concilium
1338 2061 1398 2126 Flo

279 2157 447 2220 reatinum
461 2155 612 2220 habitum
628 2167 687 2238 est,
710 2157 783 2237 fuit,
804 2167 841 2222 ut
856 2156 997 2222 ecclesia
1019 2180 1139 2242 graeca
1162 2157 1323 2226 diuturno
1346 2159 1397 2223 (lis

280 2251 364 2318 sidio
388 2276 409 2316 a
432 2263 544 2318 centro
569 2257 707 2319 unitatis
731 2254 915 2320 catholicae
939 2254 1080 2337 divulsa,
1105 2255 1270 2320 ecclesiae
1288 2256 1397 2322 latium

280 2361 313 2414 et
337 2349 415 2416 Sodi
440 2350 651 2436 Apostolioae
676 2352 957 2417 reconciliaretur.
1004 2353 1230 2418 Recolendum
1259 2375 1337 2420 vero
1357 2363 1399 2418 eet

281 2449 344 2515 hoc
373 2448 445 2513 loco
454 2499 463 2530 ,
500 2447 644 2514 schisma
675 2449 756 2514 illud
791 2449 922 2516 saeculo
946 2451 998 2516 IX
1029 2474 1088 2537 per
1111 2451 1272 2517 Photium
1304 2455 1397 2538 primo

280 2548 381 2612 fuisse
405 2549 606 2630 excitatum,
636 2558 746 2612 tamen
772 2548 937 2614 Hadriani
962 2549 996 2614 11
1020 2559 1053 2614 et
1077 2549 1221 2616 Concilii
1245 2549 1398 2636 genoratio

281 2645 367 2710 VIII
391 2646 588 2710 auctoritate
610 2668 641 2710 a.
667 2645 731 2710 869
762 2667 832 2710 esse
865 2668 1062 2732 repressum,
1094 2645 1201 2712 donec
1226 2647 1312 2714 illud
1342 2671 1397 2712 sae

281 2742 355 2807 culo
380 2743 431 2808 XI
462 2742 580 2806 iterum
614 2742 758 2807 Michael
790 2742 1001 2810 Caerularius
1033 2744 1228 2810 Patriaroha
1255 2745 1398 2811 CPtanus

281 2843 451 2908 excitavit.
499 2841 597 2906 Anno
628 2842 710 2906 1274
734 2843 769 2904 in
793 2839 942 2906 Concilio
966 2842 1112 2928 generali
1137 2841 1397 2926 Lugdunensill

281 2940 341 3004 sub
366 2937 526 3024 Gregorio
551 2939 595 3022 X,
619 2938 825 3004 Graecorum
848 2939 959 3024 legati,
984 2943 1198 3025 ImperatorIs
1227 2952 1262 3005 et
1285 2945 1397 3028 episco-

280 3060 397 3125 porum
423 3039 571 3119 nomine,
596 3039 729 3102 unionis
753 3037 883 3103 decreto
908 3037 1128 3104 adhaeserant
1151 3049 1184 3104 et
1207 3039 1398 3124 subscripse-

281 3147 364 3204 rant.
413 3137 458 3200 At
481 3158 560 3200 voro
592 3137 675 3200 inita
698 3138 776 3200 unio
800 3145 950 3222 optatum
975 3137 1128 3202 effectum
1160 3159 1229 3202 nou
1255 3139 1397 3204 obunuit.

280 3237 380 3300 Initio
413 3235 548 3322 quidem
573 3233 717 3299 llichael
740 3234 926 3319 Imperator
955 3245 989 3298 et
1014 3235 1163 3300 loannes
1193 3235 1328 3300 Veccus
1349 3236 1396 3298 Pa·

280 3333 436 3411 triarclra,
461 3334 617 3397 unionem
642 3333 727 3396 tueri
752 3332 862 3396 conati
883 3342 975 3406 suut;
1000 3332 1058 3397 sed
1075 3331 1262 3398 adversarii
1278 3332 1397 3398 unionis

281 3433 415 3520 plurimi
446 3432 659 3518 gravissimos
689 3433 878 3494 excitarunt
906 3428 1085 3511 tumultus,
1120 3430 1276 3494 etmulti
1309 3437 1396 3496 euru

281 3533 337 3616 qui
375 3531 489 3594 unioni
525 3528 761 3609 adhaeserant,
800 3527 894 3592 brevi
930 3538 1004 3614 post
1045 3527 1088 3592 ab
1123 3549 1162 3592 ea
1203 3527 1397 3594 defecerunt

281 3629 444 3694 Martinus
467 3625 516 3692 IV
541 3627 746 3707 existimans,
771 3635 838 3690 tam
863 3623 992 3690 subitae
1017 3624 1214 3690 defectionis
1239 3637 1396 3690 auctorem

281 3749 352 3791 asse
375 3723 573 3789 michaelem
589 3724 837 3808 Imperatorem,
861 3733 952 3787 tanto
978 3725 1093 3806 magis,
1118 3723 1208 3808 quod
1224 3723 1398 3810 Imperator

282 3825 444 3910 promissa
468 3821 669 3888 Christianis
699 3831 814 3887 contra
838 3819 988 3886 infideles
1011 3819 1139 3885 auxilia
1169 3843 1237 3886 nou
1268 3833 1396 3906 praesta·

282 3921 340 3985 bat
380 3919 571 4006 bellumque
605 3919 747 4006 parabat
792 3929 906 3984 contra
938 3917 1093 3984 Carolum
1127 3917 1395 4004 Andagaronsem

282 4041 394 4104 regem
418 4017 568 4100 Siciliae,
603 4017 695 4083 illum
719 4041 748 4084 a.
776 4018 858 4084 1281
885 4017 1233 4082 excommunicatione
1257 4014 1395 4102 perculit.

282 4117 377 4182 Multi
409 4127 521 4182 tamen
551 4127 685 4202 putant,
721 4115 919 4180 Michatlenr
950 4112 1122 4201 usquead
1151 4113 1283 4179 obitum
1311 4133 1393 4180 suuni
