2902 4848
254 496 293 550 De
312 495 428 551 decretis
447 495 578 550 Sessionis
597 503 712 564 quartae
730 501 759 550 et
777 495 897 562 quintae.
1082 497 1135 552 321

104 641 156 706 36,
204 640 282 705 Jam
313 649 509 724 argumenta
540 661 672 725 quoque
702 640 879 704 afferamus
911 650 1063 723 externa,
1101 650 1136 704 ut
1153 640 1298 743 “Q“

25 739 239 819 confirmetur,
252 737 384 802 decreta
394 735 661 802 Constantiensia
671 737 760 802 baud
772 759 842 802 esse
855 737 896 801 de
906 740 1135 824 superioritste

27 833 155 900 Concilii
182 837 375 917 universim,
400 835 457 899 sed
473 857 571 899 sensu
595 837 743 899 restricto
769 845 805 898 ut
828 837 1042 922 exposuimus
1066 859 1136 900 esse

23 934 223 1019 accipienda.
236 971 280 981 -
295 934 383 997 Ante
394 934 572 997 sessionem
585 933 874 1019 quadragesimam
888 934 974 997 inter
986 935 1136 998 nationes

25 1031 236 1116 disceptatum
260 1041 319 1110 est,
344 1041 454 1093 utrum
479 1029 613 1094 decreta
637 1030 677 1094 de
694 1031 926 1095 reformatione
950 1042 1058 1095 essent
1081 1030 1135 1096 ab·

22 1128 175 1192 solvenda
199 1138 276 1192 ante
300 1125 353 1191 vel
378 1138 451 1212 post
474 1126 668 1192 electionem
693 1129 771 1191 novi
796 1127 978 1212 Pontificis,
1003 1142 1135 1194 etcum

24 1229 175 1310 posterior
188 1227 352 1290 sententie
364 1225 612 1310 praevaluisset,
629 1227 748 1312 prioris
765 1228 931 1311 opinionis
948 1227 1136 1292 defensores

20 1325 119 1408 (natio
144 1322 359 1407 Germanica)
391 1325 600 1409 sponsionem
633 1323 851 1408 postularunt,
883 1336 919 1389 ut
947 1326 1134 1390 reformatio

19 1433 228 1506 perageretur
258 1433 436 1507 antequam
473 1420 595 1485 electus
626 1421 782 1485 Pontifex
821 1433 1041 1489 coronaretur.
1089 1424 1136 1487 At

19 1542 210 1606 responsum
242 1519 322 1583 fuit:
356 1518 476 1600 „Quod
500 1518 592 1605 Papa
624 1516 747 1583 clectus
771 1519 866 1602 ligari
898 1541 963 1584 non
995 1521 1133 1606 potest.“

19 1618 103 1702 Ergo
129 1639 193 1681 non
220 1617 400 1681 censebant
424 1616 703 1699 Constantienses,
735 1618 917 1682 universim
941 1618 1136 1682 Pontificem

18 1714 188 1802 subjacere
205 1717 358 1801 potestati
375 1713 514 1779 Consilii
541 1715 642 1802 idque
662 1717 730 1779 suis
746 1715 887 1780 decretis
905 1719 1076 1782 contineri.
1092 1755 1137 1764 —

18 1815 53 1876 ln
78 1815 160 1900 ipsis
176 1825 286 1878 autem
300 1811 448 1876 articulis
463 1813 705 1876 reformationis
721 1814 866 1878 sessione
883 1814 1137 1899 quadragesima

16 1913 202 1996 propositis,
240 1910 447 1975 statuebatur
475 1913 569 1974 artic.
605 1911 662 1974 13⁰
694 1910 936 1976 decidendum:
979 1911 1137 1996 „Propter

14 2031 100 2094 qnae
124 2023 157 2073 et
180 2009 345 2096 quomodo
369 2009 461 2094 Papa
485 2009 587 2095 possit
611 2009 731 2094 corrigi
757 2019 789 2072 et
813 2009 977 2095 deponi?“
1006 2009 1136 2073 Inutilis

14 2131 93 2171 sane
117 2107 296 2171 videbatur
319 2105 394 2170 talis
417 2105 586 2188 articulus,
612 2108 637 2168 si
658 2107 730 2192 jam
755 2107 936 2170 universim
962 2105 1134 2171 definitum

14 2205 130 2268 fuisset
162 2204 293 2268 decreto
325 2206 480 2269 sessionis
503 2207 648 2292 quintae,
684 2204 773 2289 quod
797 2204 888 2290 Papa
912 2207 1012 2269 etiam
1039 2227 1136 2268 verus

13 2313 44 2364 et
77 2311 188 2365 certus
220 2312 330 2387 posset
363 2303 503 2388 „subjici
535 2301 668 2366 debitae
690 2303 924 2386 poenitentiae,
957 2313 989 2366 et
1013 2304 1134 2389 puniri,

8 2403 113 2463 etiarn
139 2401 338 2465 recurrendo
363 2400 404 2464 ad
430 2399 495 2464 alia
514 2401 600 2486 juris
625 2397 783 2479 subsidia,
813 2403 840 2464 si
865 2398 1000 2465 obedire
1024 2411 1135 2465 contu·

11 2499 153 2561 maciter
185 2499 419 2582 contempserit
449 2501 579 2562 statutis
611 2498 849 2584 cujuscumque
874 2497 1016 2563 Concilii
1039 2519 1137 2583 gene·

7 2595 89 2659 realis
114 2595 358 2680 pertinentibus
389 2597 431 2659 ad
456 2596 566 2682 fidem,
599 2597 871 2681 exstirpationem
895 2596 1081 2660 schismatis
1105 2606 1138 2659 et

7 2693 282 2756 reformationem
316 2692 484 2756 Ecclesiae
514 2696 548 2757 in
581 2697 688 2779 capite
723 2706 755 2757 et
785 2693 972 2759 membris.“
1022 2694 1136 2774 Quum

8 2813 91 2854 vero
123 2802 239 2877 postea
269 2790 323 2856 ille
353 2791 513 2855 articulus
537 2792 681 2856 Martino
706 2803 953 2878 proponeretur,
988 2794 1057 2877 ipse
1081 2792 1136 2855 ad-

8 2889 122 2969 vertit,
159 2910 277 2973 parurn
315 2892 569 2953 convenientem
604 2889 709 2953 videri
747 2892 845 2953 istum
881 2889 1068 2972 articulum,
1105 2899 1137 2953 et

7 2985 237 3071 pluralitatem
269 2989 441 3051 nationum
468 3009 533 3052 non
552 2987 737 3073 judicasse,
771 2985 898 3074 aliquid
923 2989 1000 3052 novi
1026 2985 1136 3072 quoad

7 3087 111 3146 istum
147 3083 325 3148 articulum
350 3088 449 3149 statui
475 3096 507 3149 et
531 3086 743 3150 determinari
769 3085 900 3150 debere.
948 3085 1004 3151 Sic
1028 3086 1136 3148 omnis

7 3184 163 3268 quaestio
189 3181 252 3246 bac
276 3181 317 3247 de
341 3185 537 3269 requievit.
585 3183 695 3248 Etiam
731 3184 784 3248 bic
807 3181 899 3248 nulla
930 3185 1052 3248 mentio
1085 3204 1135 3246 oc·

7 3281 115 3344 currit
139 3279 270 3344 illorum
296 3281 512 3362 decretorum,
537 3284 627 3346 acsi
652 3281 849 3346 universalis
874 3282 1063 3346 constitutio
1088 3281 1136 3345 eis

7 3381 258 3460 contineretur3
283 3391 315 3443 et
332 3380 447 3443 merito
472 3379 550 3444 inde
564 3377 784 3461 concluditur,
808 3379 924 3443 eadem
942 3379 1043 3443 fuisse
1060 3401 1135 3442 con·

7 3477 158 3541 siderate
182 3488 219 3539 ut
243 3477 393 3541 confecta
417 3499 474 3562 pro
499 3486 645 3563 tempore
671 3477 898 3557 schismatis.¹)

7 3655 79 3706 ruse
92 3636 237 3692 scribebat
245 3635 397 3692 Gurdinalis
410 3635 443 3691 da
454 3636 558 3690 Aliiaco
578 3637 606 3690 in
620 3639 743 3690 tractatu
753 3635 793 3689 De
802 3641 940 3702 potestate
949 3635 1134 3690 ecclesiastica

7 3735 89 3786 ruem
108 3735 133 3772 a.
155 3718 225 3772 1417
245 3725 307 3786 post
324 3717 469 3772 sessionem
488 3717 611 3784 quintam
629 3715 786 3782 composuit
824 3716 891 3770 Post
909 3715 995 3770 multa
1014 3716 1135 3770 dictast

7 3801 132 3866 rtlegata
152 3813 200 3864 pro
220 3797 386 3852 auctoritate
405 3797 516 3852 Concilii
536 3813 618 3866 supra
637 3795 798 3850 Pontificem
816 3797 855 3850 sic
873 3797 1021 3852 concludit:
1044 3797 1135 3864 „Haec

7 3879 98 3946 gitur
126 3877 162 3931 sd
180 3879 271 3932 decern
291 3878 411 3947 capitula
429 3877 457 3931 in
476 3878 588 3946 prologo
607 3877 687 3946 hujus
713 3878 800 3946 operis
819 3877 965 3946 proposita,
993 3877 1060 3931 mihi
1087 3893 1135 3944 pro

7 3959 186 4026 aspersione
206 3957 335 4012 videntur
351 3958 484 4014 sufficere.
503 3959 578 4026 Quae
596 3965 689 4012 tamen
702 3973 755 4011 uon
768 3957 909 4012 definitive
921 3958 1133 4022 determinando,

8 4039 54 4094 ed
74 4039 267 4094 doctrinaliter
290 4039 426 4093 suadendo
454 4039 543 4106 posita
567 4043 640 4096 sunt.
677 4037 747 4092 Nam
774 4037 855 4106 hujus
883 4037 922 4092 rei
950 4036 1134 4092 definitionem

10 4120 78 4172 acri
90 4119 207 4174 Concilii
221 4117 443 4176 determinationi
455 4117 610 4172 submitto.“
633 4149 665 4158 -
686 4117 821 4172 Censebat
832 4132 905 4186 ergo,
919 4117 1036 4171 nondum
1049 4117 1134 4170 letam

7 4198 133 4254 dcimam
153 4199 207 4252 bac
225 4199 257 4252 de
277 4214 306 4252 re
325 4197 517 4256 definitionem.
555 4199 588 4254 V.
608 4198 720 4253 Gerson.
757 4197 823 4266 Opp.
843 4205 863 4254 t.
884 4198 920 4255 ΙΙ,
939 4213 965 4266 p.
984 4198 1045 4254 926.

83 4281 103 4351 ¹)
124 4279 183 4334 Cfr.
204 4278 361 4333 dluctarelll
380 4278 397 4335 l.
417 4295 439 4333 c

62 4380 208 4430 Jungrnann,
223 4379 412 4419 Dissertationum
426 4379 491 4418 'l'orn
502 4379 542 4418 VI.
938 4368 973 4422 21
