2832 4844
303 455 356 508 442
500 451 629 504 XXVIII.
650 451 689 504 De
708 457 785 503 statu
804 449 945 503 societatis
964 449 1056 505 christ.
1075 465 1145 506 saec.
1164 451 1240 504 XIII.

303 597 543 681 genuinitatem
557 593 738 658 Senecionis
757 594 1066 679 praprncticaeinde
1082 597 1250 679 repetitur,
1281 595 1360 682 quod
1381 598 1408 660 in

303 695 453 778 Regestis
478 715 544 758 non
568 691 719 756 habetur.

204 822 285 912 mnf
394 819 447 883 68.
483 818 598 903 Neque
622 817 660 880 3⁰
686 837 832 902 unquam
858 814 1041 901 Sanctioac's
1064 818 1286 901 pragmaticae
1316 841 1338 881 s.
1360 817 1408 880 Lu·

304 916 414 980 dovici
450 917 573 980 mentio
604 915 692 978 facta
723 922 772 977 est
801 924 948 998 ternpore
977 912 1085 977 luctae
1119 915 1205 976 inter
1235 913 1407 999 Philippum

302 1013 477 1098 pulchrum
503 1023 535 1076 et
558 1013 769 1076 Bonifaeium
786 1011 880 1075 VIII.
918 1011 1014 1074 Tunc
1028 1033 1117 1093 sanc,
1135 1033 1236 1096 quum
1254 1011 1408 1098 Philippus

304 1117 348 1192 (a.
360 1111 459 1192 1302)
478 1114 510 1175 in
530 1113 672 1174 comitiis
688 1111 824 1174 Parisiis
843 1109 965 1173 habitis
984 1109 1275 1173 vehementissime
1291 1133 1408 1196 conque·

303 1219 430 1272 reretur
451 1209 492 1272 de
507 1206 739 1272 exactionibus
755 1217 788 1270 et
808 1206 849 1270 de
873 1208 1086 1292 oppressione
1114 1209 1225 1271 curiae
1250 1208 1407 1274 Romanas.

304 1307 448 1369 maxime
463 1315 684 1391 opportunum
701 1305 818 1369 fuisset
830 1326 1087 1368 commemorare
1111 1304 1200 1369 illam
1217 1305 1408 1378 Sanctionem,

303 1425 389 1490 qnae
403 1404 526 1468 similes
539 1403 637 1489 plane
652 1402 803 1489 querelas
818 1405 975 1467 continet.
1001 1401 1066 1468 Sed
1080 1404 1114 1466 in
1128 1412 1194 1467 toto
1212 1406 1276 1470 isto
1294 1405 1408 1469 dissidio

304 1525 345 1566 ne
370 1502 510 1566 verbum
526 1502 660 1588 quidem
678 1502 812 1566 auditur
837 1500 877 1565 de
894 1500 1114 1586 praecedente
1138 1501 1251 1588 aliqua
1268 1503 1339 1588 lege
1356 1504 1407 1586 jan

303 1623 323 1663 a
347 1600 519 1664 Ludovico
544 1601 594 1664 IX
619 1602 748 1664 emissa.
801 1600 913 1662 Etiam
945 1608 1092 1685 tempore
1126 1599 1318 1666 schismatis
1344 1600 1407 1666 Ase-

304 1699 481 1778 nionensis,
507 1699 640 1783 quando
666 1699 709 1784 (a.
737 1697 836 1784 1406)
861 1697 922 1761 sub
948 1696 1066 1762 Oarolo
1083 1698 1132 1761 VI
1158 1697 1248 1764 Galli
1274 1724 1309 1765 se
1333 1725 1407 1786 oppr-

303 1805 441 1860 suerunt
462 1797 694 1861 exactionibus
709 1796 884 1860 Benedicti
900 1795 996 1877 XIII,
1021 1808 1054 1859 et
1077 1809 1217 1861 annates
1243 1799 1352 1863 aliave
1371 1800 1407 1862 tri·

302 1895 384 1960 buta
407 1893 449 1958 ab
475 1917 512 1958 eo
537 1897 690 1980 imposita
714 1895 804 1960 baud
821 1895 981 1960 solvenda
997 1905 1191 1976 statuerunt,
1216 1896 1310 1962 nullo
1334 1897 1409 1960 mode

303 1992 476 2056 adducunt
506 1995 539 2057 in
570 1993 759 2079 exemplum
783 1995 1019 2081 Prapmatiecm
1042 1993 1207 2058 Ludoviei
1232 1995 1298 2060 IX.
1344 1995 1410 2059 Cius

303 2091 438 2177 quidem
473 2090 610 2156 Carolus
643 2091 706 2171 VI,
739 2090 818 2154 dum
846 2091 1020 2155 Pontificis
1051 2093 1243 2156 exactiones
1269 2091 1408 2179 prohibet

302 2187 400 2253 Joarn
424 2210 535 2271 regern
560 2189 622 2275 (IV
647 2189 727 2274 Reg.
755 2191 821 2270 12),
857 2211 998 2275 suosque
1021 2190 1296 2274 praedecessores
1325 2203 1408 2254 astate

302 2288 477 2372 Bonifacii,
504 2285 692 2367 Clementis,
726 2288 880 2372 Gregorii
912 2287 1118 2375 aliorumque
1145 2288 1349 2354 Pontificum
1369 2309 1408 2350 an·

301 2386 469 2467 teriorum,
495 2407 593 2471 seque
619 2386 696 2450 duci
721 2388 767 2450 ait
790 2385 941 2471 exemplo
959 2387 1149 2468 Theodosii,
1174 2387 1329 2468 Honorii,
1346 2386 1408 2450 Con·

302 2485 449 2564 stantini,
475 2482 583 2547 Caroli
602 2483 715 2568 Magni
737 2482 943 2570 aliorumque
960 2483 1253 2570 praedecessorum
1279 2488 1334 2572 qui
1350 2485 1408 2548 aliu·

302 2580 392 2644 sibus
416 2580 586 2644 Ecclesiae
615 2582 794 2666 prudenter
822 2583 1073 2662 obviaverint.¹)
1129 2581 1194 2647 Sed
1218 2606 1323 2670 quum
1349 2601 1408 2668 pras

303 2680 440 2742 caeteris
464 2689 597 2748 sanetus
622 2703 680 2742 rex
704 2680 899 2744 Ludovicus
927 2679 1116 2744 laudandus
1139 2681 1259 2746 fuisset
1284 2682 1325 2746 ob
1349 2681 1409 2744 Soc·

302 2779 432 2840 ctionem
462 2780 712 2862 pragmaticam,
753 2778 843 2842 nulla
879 2777 966 2842 illins
997 2778 1035 2841 fit
1065 2781 1198 2845 mentio.
1234 2817 1282 2827 —
1318 2779 1408 2842 Elian

302 2873 444 2954 Gereon,
479 2874 689 2940 doctissimus
713 2876 947 2940 Universitatis
971 2875 1167 2940 Parisiensis
1197 2877 1408 2942 cancellarius.

302 2975 357 3058 qui
388 2982 529 3058 quatuor
558 2975 722 3038 orationes
756 2976 976 3060 panegyricos
1006 2976 1041 3038 in
1073 2997 1097 3040 s.
1129 2975 1343 3040 Ludovicnm
1371 2971 1409 3035 IX

303 3069 417 3151 edidit,
450 3072 572 3155 scripta
596 3080 628 3134 et
652 3071 852 3135 documenta
876 3071 964 3136 illius
987 3074 1105 3136 aetatis
1129 3075 1255 3156 optime
1281 3084 1407 3137 novena.

303 3178 433 3232 etcum
458 3167 532 3231 aliis
560 3169 640 3231 viris
676 3168 859 3233 illustribus
892 3179 972 3233 tnnc
1003 3172 1194 3234 exactiones
1224 3170 1406 3236 Pontificum

303 3267 589 3330 Avenionensium
613 3267 841 3351 impugnabat,
867 3265 955 3330 illius
968 3266 1150 3332 Senecionis
1174 3291 1241 3333 non
1268 3267 1407 3334 meminit

302 3365 451 3450 adeoque
474 3385 547 3428 eam
573 3367 704 3449 penitus
728 3367 896 3448 ignorasse
921 3366 1062 3429 videtur.

392 3499 444 3562 69.
484 3498 659 3563 Addamus
689 3501 727 3562 4⁰
760 3499 926 3564 silentium
959 3501 1182 3565 Romanorum
1213 3501 1406 3566 Pontificum.

301 3595 420 3659 Merito
445 3597 583 3661 Romani
610 3597 788 3662 Pontifices
814 3599 891 3684 jura
916 3621 975 3662 sua
999 3621 1137 3684 semper,
1170 3621 1275 3684 quum
1301 3602 1406 3682 impug·

302 3707 469 3773 narentur,
502 3695 769 3776 vindicaverunt,
802 3718 841 3760 ao
866 3717 936 3760 sese
966 3707 1191 3782 opposuerunt
1221 3699 1341 3760 aeriter
1367 3693 1405 3756 dc·

302 3793 400 3856 eretis
424 3790 476 3854 vel
499 3791 629 3876 legibus
661 3793 782 3878 quibus
806 3793 923 3858 eadem
948 3793 1202 3878 impetebantur.
1250 3791 1406 3878 Praprrah'·

302 3888 590 3953 coadunationem
613 3891 854 3955 Bituricensem
879 3891 1051 3976 Eugenius
1065 3891 1114 3955 IV
1138 3892 1277 3978 ejusque
1301 3913 1404 3956 succa·

300 4061 513 4069 *-

376 4157 396 4225 ¹)
419 4157 452 4210 V.
472 4157 590 4210 Preuves
609 4157 655 4210 des
681 4156 793 4210 libertis
818 4158 851 4212 de
875 4156 981 4226 l'eglise
1000 4157 1142 4226 gallicane.
1182 4156 1261 4210 Paris
1282 4156 1351 4210 1731.
1374 4151 1404 4204 ch.

301 4238 344 4290 20.
364 4267 397 4274 -
416 4237 513 4300 Rosen,
532 4237 549 4290 l.
569 4255 589 4291 c.
610 4254 636 4305 p.
656 4241 680 4293 9.
