3000 4838
449 467 489 522 De
507 467 664 523 hlonarchia
681 467 779 523 Sicula.
1146 470 1183 522 43

138 613 195 678 53.
248 613 313 678 Pro
351 633 451 698 scopo
496 623 606 678 nostro
638 611 710 698 jem
764 611 929 698 quaedam
968 610 1182 677 advertamus

63 709 97 773 de
127 709 323 775 conditione
346 709 465 775 Italiae
495 709 722 776 meridionalis
753 733 793 775 ec
825 708 976 790 Siciliae,
1010 719 1109 796 atque
1141 711 1182 776 de

61 807 272 872 celeberrimo
298 807 469 895 priuilepio
499 807 622 873 Urbani
643 807 692 888 II,
731 829 797 895 quo
829 809 1000 894 posteriori
1032 818 1182 895 tempore

59 905 145 970 abusi
177 916 260 970 sunt
282 906 440 992 Neapolis
471 927 511 970 ac
535 903 669 970 Siciliae
700 927 803 989 reges,
840 915 877 969 ut
906 904 967 970 sub
991 903 1087 970 titulo
1111 907 1180 970 Mo-

58 1003 202 1067 sarrbioe
219 1001 349 1068 Siculae
373 1004 635 1069 dominationem
659 1006 827 1089 ingentem
851 1006 886 1068 in
910 1025 962 1068 res
986 1003 1180 1069 ecclesiasti·

59 1123 109 1164 cas
129 1101 194 1166 sibi
222 1102 442 1167 vindicarent.
466 1141 509 1150 -
533 1105 647 1166 Duces
659 1103 926 1167 Normannorum
951 1103 1008 1188 qui
1033 1104 1067 1166 in
1082 1102 1181 1168 Italia
1209 1105 1340 1152 sommi

60 1199 263 1264 meridionali
281 1223 321 1264 ac
333 1199 448 1266 Sicilia
463 1199 731 1281 dominabantur,
755 1199 936 1264 Robertum
953 1199 1180 1266 Guiscardum
1216 1169 1241 1211 ω
1254 1171 1332 1214 Μ

59 1298 190 1384 ejusque
215 1299 353 1362 fratrem
376 1298 565 1385 Rogerium,
594 1298 743 1362 vidimus
765 1319 869 1382 regna
892 1321 953 1362 sua
976 1307 1014 1362 ut
1035 1298 1136 1363 feuda
1159 1323 1181 1365 a

58 1393 137 1460 Sede
170 1395 367 1482 Apostolica
400 1399 593 1482 suscepisse,
630 1419 670 1460 ac
705 1396 784 1460 dein
815 1417 881 1460 non
916 1418 990 1461 raro
1021 1395 1181 1462 Romanis

58 1492 274 1558 Pontificibus
311 1505 427 1559 contra
463 1493 573 1560 hostes
612 1506 766 1559 externos
804 1504 837 1558 et
873 1495 1020 1558 internos
1055 1496 1180 1560 auxilio

58 1590 162 1658 fuisse.
211 1591 374 1676 Rogerius
402 1602 572 1678 praeterea
602 1591 643 1656 de
671 1615 706 1656 rc
731 1592 911 1657 christiana
935 1591 1020 1657 bene
1044 1595 1181 1659 meritus

58 1701 112 1766 est,
142 1689 234 1776 quod
259 1689 453 1773 Saracenos,
485 1693 541 1778 qui
573 1689 686 1755 Sicilia
719 1691 814 1775 potiti
845 1689 1023 1755 crudeliter
1055 1690 1180 1757 incolas

61 1785 253 1852 christianos
268 1788 439 1854 vexabant
461 1800 494 1853 ct
518 1787 762 1854 incursionibus
779 1790 847 1852 suis
862 1786 994 1853 Italiam
1010 1788 1182 1855 terrebant

59 1906 93 1946 ac
115 1884 305 1968 vastabant,
337 1909 380 1951 ex
405 1886 513 1952 insula
543 1889 605 1951 ista
636 1897 710 1973 post
738 1886 882 1971 gloriosa
913 1888 1095 1951 certamina
1125 1911 1180 1952 ex-

62 1981 149 2066 pulit„
196 1983 393 2048 Mensorunt
416 2007 512 2070 porro
536 2007 638 2070 regna
662 1984 719 2049 illa
742 1987 776 2049 in
801 1983 1025 2069 dependentia
1048 1986 1179 2051 vasalli·

61 2079 92 2142 tii
113 2103 134 2143 a
155 2079 241 2145 Sede
255 2082 416 2164 Romana,
441 2085 501 2147 etsi
526 2083 668 2148 decursu
691 2085 848 2169 temporis
872 2084 906 2146 in
930 2081 1069 2146 aliorum
1091 2085 1179 2169 prin-

63 2177 166 2262 cipum
191 2200 311 2258 manus
335 2179 541 2265 devenerint,
565 2203 670 2267 usque
693 2181 737 2245 ad
760 2179 894 2245 saecula
916 2182 1110 2248 recentiora.

143 2331 198 2395 54.
246 2329 298 2396 Ob
325 2333 441 2396 merita
473 2355 532 2397 sua
565 2333 599 2397 in
635 2333 724 2418 ipsos
757 2340 789 2396 et
820 2332 1005 2397 Ecclesiam
1036 2331 1177 2398 Romani

67 2423 235 2492 Pontifices
281 2429 548 2494 Normannorum
590 2432 691 2495 duces
730 2430 845 2494 favore
884 2429 1069 2514 indulgenti
1107 2453 1178 2516 pro·

64 2525 159 2589 menti
191 2537 278 2608 sunt,
310 2529 469 2614 variaque
503 2527 566 2592 illis
590 2550 781 2593 concessere
805 2531 839 2592 in
863 2549 915 2592 res
938 2527 1179 2594 ecclesiasticas

63 2621 240 2708 privilegia.
287 2625 439 2690 Profecto
467 2627 529 2711 ipsi
561 2629 729 2712 principes
757 2626 951 2710 Normanni,
991 2627 1039 2690 uti
1062 2648 1178 2692 eorum

64 2723 186 2804 cognati
212 2724 246 2786 in
262 2722 396 2808 Anglia,
414 2723 621 2806 dominandi,
645 2725 745 2788 etiam
758 2725 794 2788 in
809 2722 909 2789 rebus
933 2722 1176 2806 ecclesiasticis,

63 2817 154 2882 valde
177 2821 291 2905 cupidi
316 2823 457 2903 erant;¹)
487 2823 629 2886 Romani
654 2832 765 2887 autem
779 2821 959 2887 Pontifices
980 2823 1177 2908 prudentiae

63 2937 126 2980 esse
150 2917 355 3003 judicarunt,
386 2922 480 2984 varia
504 2919 567 2985 illis
591 2920 773 2986 concedere
796 2920 981 3005 privilegia,
1015 2931 1175 3006 quantum

64 3012 155 3080 salvis
178 3019 325 3103 ipsorum
344 3018 479 3103 juribus
503 3029 535 3083 st
558 3020 756 3083 auctoritate
779 3018 851 3082 fieri
868 3028 1006 3104 poterat.
1038 3017 1176 3084 Celebre

66 3111 141 3174 inter
162 3113 227 3178 alia
252 3125 301 3178 est
324 3115 547 3201 privilegium,
572 3116 661 3202 quod
679 3115 835 3182 Urbanus
859 3116 893 3182 II
917 3139 946 3180 a.
964 3115 1048 3181 1098
1073 3117 1176 3201 Roge-

65 3209 108 3271 rio
129 3213 238 3275 comiti
265 3213 442 3278 contulisse
466 3213 668 3299 perhibetur.
696 3212 940 3279 Posterioribus
956 3216 1044 3278 enim
1062 3238 1175 3280 saecu-

64 3303 107 3375 lis.
131 3311 174 3373 uti
199 3311 379 3394 innuimus,
405 3334 443 3376 eo
467 3310 562 3377 abusi
587 3311 810 3377 suntSiciliae
833 3313 1011 3398 principes,
1042 3323 1079 3378 ut
1096 3314 1175 3399 jura

66 3418 251 3492 exaggerata
275 3419 308 3472 et
330 3409 480 3474 indebita
504 3410 565 3475 sub
591 3413 724 3476 nomine
748 3411 870 3483 iurium
896 3411 1100 3474 bloaorchioe
1125 3411 1174 3476 Si-

67 3502 142 3566 cetae
164 3503 226 3569 sibi
253 3505 472 3574 vindicarent.

142 3647 194 3712 55.
242 3649 351 3734 Hujus
379 3651 569 3736 diplomatis
593 3652 764 3739 exemplar
787 3650 840 3716 vcl
863 3650 1091 3736 apographum
1116 3649 1173 3713 ali-

70 3743 143 3824 quod
165 3758 351 3832 separatum
377 3770 442 3814 non
467 3759 584 3816 exstat.
632 3749 698 3815 Sed
728 3761 843 3814 auctor
867 3769 1010 3813 coaevus
1035 3748 1172 3812 Gaufre-

70 3837 121 3901 dus
140 3841 314 3909 Malaterra
348 3847 381 3910 in
406 3867 466 3910 sua
488 3849 622 3912 baterio
646 3849 756 3915 Siculo
778 3849 817 3916 L.
841 3846 889 3911 IV
915 3849 1023 3930 capite
1057 3845 1172 3914 ultimo

111 4055 150 4142 '¹¹
168 4055 349 4120 ,Nemausus
368 4060 441 4114 enim
459 4061 559 4130 ubique
578 4067 620 4116 est
639 4063 817 4131 Normannus,
845 4083 891 4122 eas
919 4067 995 4136 ipses
1022 4071 1051 4125 in
1070 4074 1173 4143 Anglia

72 4135 135 4218 etin
151 4135 236 4191 Sicilia
254 4138 347 4193 rolens
365 4143 574 4196 conaretndines
592 4142 738 4199 firmium
777 4147 838 4201 Chr.
859 4147 959 4218 Lupus,
987 4151 1021 4204 de
1039 4152 1172 4221 Appella-

74 4213 208 4271 tumbrsc
230 4219 255 4272 4.
274 4235 300 4288 p.
319 4221 369 4288 235
387 4220 525 4276 Bononiae
543 4239 567 4277 a
589 4225 664 4278 174³.
