2916 4842
266 439 301 494 98
462 439 567 492 XXIII.
588 439 628 494 De
646 447 723 495 statu
741 441 840 495 Eccles.
860 439 944 508 priori
963 439 1049 493 medio
1069 455 1137 495 saec.
1157 439 1217 495 XII.

268 595 342 670 post
364 584 565 649 valetudinis
589 584 741 648 infirmae
764 585 871 668 gratia
888 582 1082 648 Cabilonem
1106 585 1225 648 missus
1249 593 1308 665 est,
1334 585 1396 648 ubi

268 681 505 746 Cluniaoenses
529 680 656 764 cellam,
685 703 743 745 seu
767 703 908 767 parvum
932 684 1178 760 monasterium,
1211 680 1396 747 habebant.

195 773 202 790 ’
266 779 366 844 Brevi
398 791 472 866 post
501 779 626 844 Ibidem
658 781 712 864 pie
745 787 843 865 atque
876 779 995 843 devote
1026 779 1117 844 obiit.
1165 781 1285 846 Fusius
1308 781 1397 846 bueo

269 878 502 943 deseribuntur
533 876 575 943 ab
607 880 678 964 ipso
702 877 800 941 Petro
824 874 1017 942 Venerabili
1042 879 1075 941 in
1100 877 1237 963 epistola
1260 879 1303 943 ad
1328 881 1399 945 He·

267 977 395 1042 loisam.
442 977 494 1040 lle
518 975 699 1041 Abaelardi
725 974 839 1046 morbo
863 985 896 1040 et
919 975 1011 1038 obitu
1035 977 1100 1043 ait:
1135 976 1189 1040 Aa
1212 977 1401 1044 solvendum

269 1097 425 1140 commune
448 1075 629 1140 mortalium
653 1075 791 1139 deditum
821 1074 926 1138 morbo
959 1086 1138 1162 correptus,
1170 1098 1264 1162 eoque
1287 1078 1400 1164 inpru-

269 1183 405 1238 uescente
429 1174 464 1236 io
479 1173 565 1238 brevi
588 1174 633 1238 ad
649 1185 790 1238 eaetrenm
810 1174 981 1258 perductus
1005 1183 1060 1238 est.
1096 1175 1126 1237 T
1122 1197 1182 1238 unc
1204 1198 1275 1238 vero
1301 1201 1401 1263 quam

270 1282 387 1349 sancte,
410 1294 502 1356 quum
518 1271 636 1350 devote,
661 1295 754 1358 quam
767 1270 926 1348 catholice,
953 1273 1061 1356 primo
1075 1272 1166 1356 fidei,
1191 1273 1302 1339 debinc
1321 1301 1399 1360 pcc·

270 1380 410 1433 catorum
433 1370 660 1456 confessionem
675 1369 805 1456 fecerit,
834 1380 951 1455 quanto
974 1370 1128 1433 inhiantis
1152 1373 1257 1436 cordis
1280 1372 1402 1460 affectu

270 1469 420 1532 viaticum
444 1469 717 1555 pampinationis
752 1491 789 1531 ac
823 1469 907 1531 uitae
940 1477 1086 1531 aetemme
1112 1469 1246 1554 pipnus,
1281 1493 1401 1557 corpus

270 1565 389 1629 scilicet
418 1565 628 1652 redemptoris
651 1566 783 1630 Domini
807 1567 970 1651 acceperit,
1003 1589 1096 1652 quam
1114 1566 1258 1650 fideliter
1282 1591 1400 1654 eorpus

272 1687 360 1728 utrem
390 1673 420 1726 et
449 1665 588 1727 animam
618 1665 666 1726 bie
701 1673 731 1725 et
765 1664 801 1727 in
833 1673 993 1727 aeternum
1022 1665 1087 1749 ipsi
1122 1667 1400 1744 commendaverit,

274 1772 363 1824 testes
395 1772 468 1824 sunt
496 1761 638 1846 relipiosi
659 1761 796 1847 fratres,
827 1771 857 1824 et
888 1771 969 1826 totus
998 1759 1088 1825 iilius
1111 1766 1296 1828 monosterii
1321 1815 1329 1830 .
1354 1817 1363 1830 .
1391 1815 1400 1830 .

274 1871 450 1923 conventus.
491 1860 560 1924 Hoc
584 1861 732 1946 mapister
755 1860 868 1924 Petrus
881 1860 949 1944 fine
974 1860 1043 1923 dies
1066 1884 1138 1924 suos
1161 1867 1403 1943 consummavit,

274 1969 304 2020 et
320 1959 374 2046 qui
389 1956 547 2042 sinpulari
563 1959 712 2022 oetentiae
736 1957 918 2042 mapisterio
943 1960 1002 2022 toti
1019 1981 1123 2043 paene
1148 1960 1218 2022 orbi
1242 1971 1404 2024 terrarum

273 2066 366 2119 notus
390 2065 419 2119 et
441 2055 552 2140 ubique
567 2053 718 2141 famosus
741 2064 819 2133 erat,
843 2055 879 2118 in
902 2053 991 2118 illius
1007 2056 1202 2142 discipulatu
1225 2059 1404 2142 quidiste:

274 2153 418 2232 „Discite
441 2178 463 2217 a
486 2177 546 2232 me,
579 2154 655 2238 quia
686 2153 773 2216 mitis
804 2175 870 2216 sum
900 2163 930 2216 et
951 2153 1078 2216 humilis
1101 2155 1225 2233 corde“,
1258 2157 1346 2220 mitis
1371 2168 1404 2220 et

274 2249 400 2314 humilis
417 2274 636 2338 perseverans,
676 2251 720 2314 ad
743 2252 858 2336 ipsum,
892 2263 927 2315 ut
951 2252 1081 2337 dipnum
1111 2263 1157 2316 est
1188 2255 1323 2332 credere,
1354 2255 1405 2318 sic

276 2351 465 2431 transivit.¹)
512 2350 594 2435 Ejus
618 2371 746 2434 eorpus,
771 2357 903 2434 petente
929 2349 1063 2414 Heloisa
1087 2353 1277 2414 monasterii
1300 2352 1403 2416 Para-

277 2448 350 2512 cleti
375 2448 552 2528 abbatissa,
578 2449 695 2511 Petrus
719 2446 928 2511 Venerabilis
953 2468 990 2511 eo
1016 2449 1208 2530 transmisit,
1242 2459 1342 2534 atque
1367 2451 1406 2514 in

277 2545 415 2611 ecelesia
440 2545 527 2609 illius
552 2547 743 2609 monasterii
768 2545 933 2632 sepultum
957 2546 1029 2610 fuit.

375 2698 446 2763 126.
495 2698 594 2762 Rrevi
624 2708 699 2782 post
728 2720 753 2762 s.
782 2695 972 2761 Bernartius
999 2695 1091 2759 aliud
1119 2707 1286 2761 certamen
1321 2701 1408 2762 satis

280 2819 356 2861 aare
380 2797 536 2861 sustinuit
558 2817 634 2860 eum
662 2793 804 2860 Gilberto
821 2796 994 2860 Porretano
1018 2794 1220 2859 Pictaviensi
1246 2797 1407 2882 episeopo

279 2895 538 2982 (1142-1154).
586 2893 755 2959 Gilbertus
784 2895 838 2958 bie
862 2895 1093 2977 integerrimae
1118 2895 1205 2956 vitae
1230 2895 1290 2976 vir,
1324 2915 1406 2958 eum

277 2993 320 3058 ab
344 2993 566 3058 adolescentia
582 3013 686 3078 usque
703 2992 746 3056 ad
763 3001 965 3057 senectutem
983 2991 1121 3056 multum
1140 2993 1174 3055 in
1190 2990 1407 3077 philosophia

277 3113 396 3177 operae
426 3092 650 3171 contrivisset,
686 3102 865 3169 consuetus,
902 3099 938 3153 ut
962 3089 1044 3153 dicit
1067 3089 1144 3154 Otto
1169 3090 1406 3175 Frisingensis,

277 3213 317 3252 em
346 3190 468 3274 inpenii
496 3189 622 3252 subtilis
645 3189 862 3274 mapnitudine
895 3212 932 3252 ae
954 3189 1114 3252 rodomum
1137 3191 1278 3252 acumine
1302 3189 1408 3252 multa

271 3299 404 3374 practer
427 3310 614 3351 communem
636 3287 792 3350 bominum
808 3309 923 3350 morem
939 3284 1085 3372 dicere,²)
1109 3286 1142 3348 in
1159 3287 1268 3349 varios
1284 3285 1407 3350 incidit

279 3385 415 3450 subtiles
439 3406 573 3452 errores.
621 3385 703 3449 Erat
727 3386 797 3470 ipse
820 3384 953 3450 realista
988 3394 1220 3469 exaggeratus,
1254 3395 1287 3448 et
1321 3384 1404 3449 dum

278 3482 414 3548 modum
439 3483 623 3563 excederet,
649 3483 770 3547 incidit
794 3484 829 3548 in
853 3504 979 3547 errores
1002 3483 1043 3546 de
1058 3483 1221 3546 Trinitate
1235 3481 1403 3547 Roscelini

278 3580 518 3645 Nominalistae
541 3581 708 3645 erroribus
733 3580 866 3646 similes.
905 3581 996 3644 Dum
1020 3581 1108 3644 enim
1133 3590 1291 3661 censeret,
1317 3601 1407 3666 quae

279 3679 469 3744 notionibus
507 3679 775 3764 distinguuntur,
816 3680 1000 3743 necessario
1032 3679 1131 3742 etiam
1164 3699 1199 3741 re
1231 3677 1404 3763 distingui,

280 3779 431 3864 opinatus
462 3787 520 3858 est,
552 3780 728 3842 essentiam
760 3777 910 3841 divinam
942 3775 1073 3840 realiter
1103 3775 1305 3859 distinguis
1331 3777 1407 3842 Deo

280 3879 493 3960 personisque
518 3875 652 3940 divinis.
699 3875 750 3938 Ac
774 3896 815 3938 ne
840 3876 1094 3960 quaternitatem
1124 3874 1158 3937 in
1184 3873 1254 3937 Deo
1286 3875 1406 3938 admit·

357 4142 375 4178 ἢ
394 4135 480 4205 Epist
500 4135 534 4190 ad
552 4135 698 4199 Heloisam
718 4133 786 4188 Ibid.
806 4133 827 4190 1.
847 4149 874 4201 p.
894 4133 954 4187 710.

354 4225 376 4296 ²)
395 4225 481 4279 Gesta
499 4223 637 4289 hidensi,
662 4223 692 4276 L.
711 4222 733 4276 Ι.
753 4238 775 4278 e.
794 4223 837 4276 46.
