2964 4838
316 460 370 512 4⁶22
496 459 623 514 xxxvl.
650 459 689 514 Dc
707 465 782 514 statu
803 461 939 516 Ecclesiae
959 469 1092 531 vergente
1110 478 1179 517 saec.
1200 462 1258 516 XV.

311 613 419 684 metu,
455 625 496 666 ne
528 603 722 690 quotidiana
754 603 993 690 indignationis
1018 627 1097 670 suae
1129 607 1348 671 sustineamus
1376 606 1424 669 fla-

310 699 406 785 gella.
447 700 574 780 Fateor,
601 700 713 766 molles
734 703 869 786 fuimus,
894 704 1027 768 delicati
1052 727 1093 768 ao
1108 707 1282 769 nostrimet
1296 705 1425 768 nimium

312 797 443 883 cupidi:
478 802 684 885 respeximus
723 823 788 865 non
823 823 908 887 quae
940 803 1021 882 Dei,
1058 801 1116 866 ssd
1148 823 1235 888 qnae
1267 805 1373 866 earnis
1399 817 1427 864 et
1466 776 1467 862 l

311 895 434 960 saeculi
466 907 560 978 sunt3
597 919 693 961 nemo
724 910 834 964 tamen
869 899 1041 985 probavit3
1077 898 1166 963 solus
1190 899 1338 964 loannes
1361 897 1427 964 Car·
1466 923 1467 926 ¹

312 994 411 1079 vajal,
435 1015 554 1078 genere
571 995 751 1081 Hispanus,
775 1008 883 1063 aetate
897 998 1119 1082 grandaevus,
1144 999 1270 1061 meritis
1288 1019 1428 1080 magnus.

311 1094 519 1157 constantiae
549 1093 681 1158 laudem
706 1097 900 1176 invonit.“¹)
948 1095 998 1160 Ea
1029 1095 1069 1161 de
1094 1117 1130 1159 re
1161 1098 1265 1179 igitur
1288 1095 1429 1180 probabi·

310 1189 386 1254 liter
409 1189 519 1275 plures
543 1193 653 1256 minus
676 1192 779 1256 Paulo
805 1193 981 1274 favebant,
1011 1205 1110 1279 atque
1135 1197 1168 1257 in
1194 1193 1293 1257 modo
1318 1193 1428 1280 agendi

312 1287 395 1351 forte
424 1288 578 1352 Pontifex
610 1290 724 1354 durior
754 1291 825 1356 fuit.
874 1290 973 1372 Quod
1003 1311 1081 1356 vero
1113 1291 1156 1354 ad
1189 1290 1429 1376 abrogationem

209 1391 242 1419 Μ·
311 1387 346 1450 in
370 1409 405 1451 se
429 1397 566 1472 spectat,
601 1397 754 1472 poterant
780 1388 933 1453 Pontifici
967 1411 1039 1453 esse
1061 1411 1181 1474 graves
1215 1390 1372 1457 rationes,
1401 1403 1430 1450 ιιι
1467 1369 1468 1400 ¹

311 1487 451 1550 nimium
484 1507 599 1549 revera
629 1488 859 1550 auctoritatem
898 1485 1021 1551 talibus
1052 1485 1329 1572 dispositionibus
1367 1509 1430 1549 con·

312 1585 427 1669 stringi
459 1585 680 1665 existimaret3
716 1607 779 1648 nec
810 1585 923 1650 deerat
952 1584 1143 1670 exemplum
1167 1584 1357 1648 Innocentii
1382 1583 1429 1646 Vl.
1468 1592 1469 1642 l

312 1682 369 1767 qni
394 1683 492 1744 etiam
518 1685 773 1746 conventionem
799 1686 833 1747 in
849 1681 1010 1748 Conclavi
1036 1683 1158 1746 factam
1183 1693 1299 1767 postea
1324 1681 1429 1745 utillc·

311 1777 419 1863 galam
445 1789 477 1842 et
501 1800 641 1844 nocuam
666 1782 782 1844 merito
811 1781 981 1866 rejecerat.
1029 1781 1188 1845 Suasoros
1212 1779 1317 1844 Panlo
1340 1779 1429 1842 fnisse

313 1873 530 1962 perhibentur
553 1899 573 1940 a
595 1878 722 1943 Jacobo
752 1879 905 1963 Papiensi
946 1876 1156 1964 „Stephanus
1183 1877 1357 1942 Ecclesiae
1378 1877 1424 1940 lle-

314 1974 515 2039 diolanensis
546 1977 695 2040 Antiates
726 1989 759 2041 et
789 1977 984 2041 Theodorus
1015 1976 1212 2041 Tarvisinae
1244 1975 1420 2062 Episcopus.
1469 1998 1470 2050 ι

314 2074 369 2160 qui
396 2073 547 2137 videntes
571 2075 735 2139 desideria
759 2099 819 2139 sua
843 2074 894 2140 his
917 2075 1047 2159 legibus
1072 2074 1245 2160 impediri,
1271 2075 1363 2160 qnod
1382 2095 1411 2135 nn
1469 2069 1470 2076 '

314 2194 424 2236 merus
449 2171 677 2238 Cardinalinm
704 2175 794 2260 justo
820 2173 942 2259 major,
979 2173 1110 2238 nonnisi
1142 2171 1241 2256 longa
1273 2186 1424 2257 exspecta-

314 2273 404 2335 tione
428 2270 594 2335 reditnrus
618 2271 660 2336 ad
684 2271 870 2356 legitimum
895 2271 1075 2350 videretur,
1100 2269 1254 2334 simulato
1280 2271 1316 2334 in
1336 2271 1427 2334 Ponti·

315 2369 410 2432 ficem
436 2369 568 2450 affectu,
593 2391 691 2452 agere
716 2389 792 2431 cnm
817 2391 854 2433 eo
880 2369 921 2433 de
945 2371 986 2432 iis
1002 2367 1204 2451 abnegandis
1228 2378 1427 2453 coeperunt·

316 2464 491 2529 Caeterum
517 2477 627 2530 tamen
640 2466 828 2531 Cardinalis
845 2467 1018 2552 Papiensis
1042 2465 1115 2530 illos
1140 2466 1229 2530 viros
1254 2477 1293 2528 ut
1316 2467 1385 2551 pios
1406 2481 1430 2524 et

316 2563 356 2627 de
369 2561 520 2629 Ecclesia
536 2566 657 2649 optime
673 2566 805 2629 meritos
830 2564 1051 2644 commendat,
1076 2566 1121 2628 ita
1138 2573 1174 2627 ut
1198 2563 1312 2649 potins
1335 2563 1431 2626 dicen·

316 2661 395 2725 dum
420 2660 590 2743 videatur,
627 2664 661 2726 in
692 2665 823 2746 negotio
855 2665 933 2742 isto,
969 2674 1067 2747 prout
1098 2663 1131 2725 in
1156 2661 1316 2725 humanis
1345 2659 1432 2724 rebus

315 2760 468 2826 accidere
499 2759 596 2842 solet,
633 2763 776 2825 rationes
815 2763 849 2824 in
880 2770 1056 2845 utramque
1086 2769 1215 2844 partem
1251 2782 1271 2821 a
1305 2757 1434 2822 dirersis

316 2857 426 2922 afferri
443 2859 597 2942 potuisse.
614 2897 656 2904 —
675 2856 810 2922 Oreavit
833 2868 944 2922 antem
963 2856 1087 2921 Paulus
1110 2868 1175 2920 tres
1199 2879 1242 2919 ex
1267 2853 1433 2941 nepotibus

317 2956 384 3020 suis
409 2953 619 3038 Cardinales‚
656 2957 756 3042 idque
787 2956 839 3021 vel
871 2959 941 3042 ipse
965 2956 1139 3042 Papiensis
1169 2956 1255 3018 serio
1290 2953 1433 3038 probasse.-

316 3076 359 3117 ex
383 3052 529 3138 epistolis
553 3057 620 3118 suis
644 3057 845 3139 agnoscitur.
893 3055 1007 3142 Neque
1031 3050 1155 3118 Paulus
1185 3049 1357 3134 abrogatis
1379 3049 1434 3112 illis

318 3151 590 3236 dispositionibus
614 3176 653 3216 ea
677 3153 788 3217 omisit
811 3153 935 3234 facere,
961 3173 1046 3237 quae
1071 3159 1194 3215 statuta
1218 3151 1253 3213 in
1280 3151 1361 3235 ipsis
1382 3147 1433 3211 Er·

318 3249 437 3312 clesiae
467 3248 628 3334 gubernio
662 3273 738 3314 vere
770 3247 865 3316 utilia
897 3249 1107 3314 videbantur.
1155 3245 1222 3330 Sic,
1257 3245 1348 3333 quod
1371 3265 1433 3308 con·

318 3348 474 3411 ventione
487 3344 542 3412 illa
562 3347 803 3430 continebatur,
821 3345 996 3413 consilinm
1013 3343 1243 3410 Cardinalinm
1261 3343 1433 3428 generatim

318 3443 456 3509 sollicite
480 3445 651 3528 adhibuit,
684 3445 855 3510 Ecclesiae
879 3447 1115 3530 patrimonium
1148 3441 1234 3506 bene
1260 3443 1363 3506 micus
1383 3449 1433 3502 est.

318 3542 441 3607 bellum
467 3552 580 3610 contra
603 3545 730 3608 'Furcas
754 3545 929 3630 promovit.

409 3724 461 3786 21.
493 3723 625 3786 Plotina
648 3724 715 3786 aori
740 3722 825 3807 stylo
856 3721 954 3806 hnjus
976 3719 1149 3785 Pontificis
1173 3719 1278 3782 vitam
1304 3715 1431 3799 scripsit

319 3841 461 3905 eumque
483 3822 569 3884 inter
582 3821 647 3885 alia
663 3831 809 3900 accusat,
834 3817 922 3905 qnod
940 3821 1029 3882 viros
1052 3817 1214 3881 litteratos
1236 3813 1430 3900 (qnaliserat

319 3918 463 4000 Platina)
498 3919 583 3982 male
622 3917 791 4000 habuerit,
827 3918 931 3982 fastus
964 3938 1080 3980 amans
1121 3913 1300 4000 plurimum
1337 3911 1431 3975 fuerit

397 4241 417 4310 ¹)
439 4241 562 4310 Papiens.
583 4257 623 4310 ep.
646 4241 705 4297 182.
725 4239 759 4295 V.
779 4236 914 4306 Raynald.
933 4251 957 4290 a.
980 4235 1056 4298 1464,
1076 4250 1103 4290 n.
1122 4235 1156 4288 61
1175 4247 1233 4298 sqq.
