2840 4840
299 431 334 484 24
573 431 658 487 XXX.
679 431 718 486 De
737 430 902 486 Pontificatu
920 431 1053 485 Bonifatii
1073 429 1150 484 vlu.

299 575 372 638 Hac
396 577 497 660 igitur
521 573 765 640 Constitutione
788 575 974 640 Bonifatius
990 574 1075 638 VIII
1098 572 1269 660 prohibuit
1290 595 1395 637 severe.

299 671 360 736 sub
384 695 491 758 poena
514 675 879 754 excommunicationis,
903 671 1058 758 praelatis
1071 671 1217 758 quidem,
1241 672 1398 757 quominus

298 773 364 834 siria
383 773 592 857 permissione
616 771 713 836 Sedis
736 769 948 856 Apostolicae
978 769 1057 834 talia
1081 767 1206 834 tributa
1228 769 1345 854 imponi
1365 769 1396 829 si·

298 881 441 934 nautae
464 870 604 946 solvant,
628 869 722 934 laicis
746 892 835 950 vero,
861 871 1038 954 quominus
1066 870 1138 932 sine
1161 865 1257 932 Sedis
1279 865 1397 949 Aposto-

298 967 381 1032 licao
404 969 600 1032 auctoritate
624 967 707 1032 haec
731 969 903 1052 imponant
926 977 959 1030 et
982 968 1127 1050 exigant
1152 963 1329 1030 Ecclesiae
1350 965 1398 1024 soi·

296 1064 375 1130 licet
397 1079 429 1128 et
451 1065 750 1130 ecclesiasticorum
769 1065 903 1151 juribus
925 1087 966 1128 ac
982 1064 1166 1150 privilegiis
1181 1063 1326 1148 apprime
1340 1083 1397 1144 pro·

298 1164 411 1228 videre
435 1164 541 1229 voluit
563 1184 612 1240 eo,
637 1163 725 1248 quod
749 1163 947 1228 tributorum
964 1164 1208 1248 impositionem
1233 1171 1265 1224 et
1286 1159 1399 1224 solutio

298 1283 373 1326 nem
397 1263 464 1325 sirio
488 1263 676 1326 auctoritate
698 1285 722 1325 r.
748 1260 841 1325 Sedis
865 1261 934 1324 lieri
960 1272 1095 1326 vetar-ct.

387 1361 439 1424 25.
480 1359 657 1424 Eduardus
681 1359 824 1443 Angliae
855 1382 913 1424 rex
939 1360 1031 1424 initio
1061 1359 1197 1444 quidem
1229 1356 1292 1420 hoc
1315 1355 1352 1420 de
1373 1377 1399 1417 re

298 1459 402 1522 iratus
425 1459 496 1534 fuit,
521 1459 578 1522 sed
602 1479 703 1544 quum
729 1459 886 1543 episcopi,
912 1457 1154 1522 Constitutione
1178 1458 1241 1520 ieta
1265 1457 1399 1520 nitentes.

292 1556 371 1640 jura
394 1577 453 1618 sua
468 1556 606 1620 tirmiter
626 1555 852 1636 defenderent,
877 1575 954 1620 mox
978 1556 1090 1620 animo
1114 1563 1261 1618 mutatus
1285 1554 1399 1616 veniam

298 1653 401 1739 petiit,
426 1675 543 1740 resque
567 1663 643 1738 apte
667 1655 862 1738 composuit.
916 1654 1025 1718 Etiam
1051 1655 1085 1716 in
1110 1651 1292 1717 Germania
1320 1647 1400 1714 Bulla

298 1772 374 1815 cum
406 1752 590 1814 reverentia
623 1761 761 1835 accepta
792 1763 850 1816 est.
883 1787 924 1798 -
956 1751 1023 1816 Sed
1055 1750 1342 1815 vehementissime
1369 1745 1401 1808 de

137 1846 280 1948 was·
300 1846 541 1912 Constitutione
565 1848 737 1913 Pontificis
770 1860 952 1913 commotus
975 1849 1039 1914 fuit
1062 1847 1247 1935 Philippus.
1294 1847 1354 1910 Hic
1375 1859 1402 1904 ut

273 1938 362 2008 'sibi
393 1947 552 2030 pecunias
583 1957 770 2031 corrogaret
797 1947 868 2030 jam
902 1947 1133 2012 falsificatione
1164 1955 1315 2010 monetae
1338 1963 1403 2006 usus

298 2053 376 2124 erat,
401 2043 620 2108 eclesiasticos
643 2059 752 2108 autom
779 2044 969 2130 plusquam
993 2045 1049 2110 alii
1075 2047 1242 2130 principes
1265 2041 1403 2126 gravissi-

298 2142 360 2206 mis
383 2141 517 2206 tributis
549 2146 798 2228 oppresserat.¹)
855 2143 954 2208 Modo
978 2144 1089 2226 igitur,
1123 2163 1226 2228 quum
1259 2139 1402 2206 Bonifatii

296 2238 393 2304 Bulla
417 2239 519 2303 seed
544 2241 804 2305 moderationem
829 2242 978 2306 revocari
1002 2240 1210 2325 intelligeret,
1242 2238 1339 2302 homo
1361 2257 1406 2312 cn<

297 2337 395 2423 pidus
419 2348 451 2400 et
474 2337 630 2423 superbia
646 2339 803 2421 tumidus,
823 2340 902 2425 jura
916 2361 977 2404 sua
993 2337 1109 2403 violari
1134 2349 1167 2402 et
1187 2335 1403 2423 planitudines

296 2438 402 2522 sepios
419 2438 593 2523 potestatis
616 2459 693 2500 auae
716 2459 736 2500 a
759 2436 926 2502 Bonifatio
952 2438 1111 2500 coarctari
1136 2445 1336 2521 conquestus
1357 2445 1404 2494 est

297 2533 465 2614 Attamen,
491 2556 593 2620 quum
617 2557 683 2598 non
701 2537 810 2599 minus
830 2533 969 2600 callidus
984 2545 1069 2598 esset
1084 2557 1124 2598 ac
1138 2531 1313 2618 superbus,
1329 2526 1403 2594 haud

296 2643 444 2717 apertam
460 2630 584 2696 luctam
600 2655 676 2696 curn
692 2633 860 2698 Bonifatio
878 2634 961 2712 iniit,
987 2632 1043 2696 sed
1061 2631 1187 2718 perfide
1210 2630 1311 2694 aliam
1329 2630 1405 2692 riam

297 2730 472 2816 quaesivit,
497 2740 533 2792 nt
549 2729 744 2794 Pontificem
770 2741 917 2812 vexaret,
941 2753 982 2794 ac
999 2731 1182 2795 vindictam
1207 2728 1250 2794 dc
1276 2731 1343 2813 ipso
1363 2741 1405 2802 sul

297 2838 409 2894 meret.
454 2827 526 2892 Sub
550 2839 723 2914 praetextu
748 2829 912 2910 videlicet,
949 2827 1092 2894 Galliam
1117 2827 1238 2913 opibus
1270 2825 1314 2890 ad
1337 2819 1405 2888 alisi

296 2927 487 3012 provincias
521 2949 560 2992 ac
593 2929 724 3012 saepius
755 2926 799 2991 sd
828 2926 938 2992 hostes
971 2927 1152 3012 deportatis
1183 2925 1352 2990 exhauriri
1379 2936 1404 2982 et

296 3023 339 3088 ad
364 3025 510 3110 inopiam
535 3026 651 3110 redigi,
689 3025 796 3110 legem
826 3025 902 3089 tulit
924 3023 986 3090 sub
1010 3027 1104 3108 gravi
1130 3045 1249 3110 poena,
1280 3045 1322 3087 ne
1343 3021 1404 3105 quis

297 3143 339 3186 sx
363 3144 463 3206 regno
488 3125 674 3207 pecuniam,
703 3145 861 3208 gemmas,
893 3123 976 3188 alias
999 3145 1051 3188 res
1075 3125 1236 3209 pretiosas
1261 3133 1295 3186 et
1317 3139 1404 3204 equos

297 3219 464 3285 eveheret.
500 3221 676 3286 Praeterea
700 3224 876 3302 extraneis,
901 3223 1078 3308 quominus
1102 3223 1136 3285 in
1161 3219 1295 3286 Galliae
1318 3229 1404 3304 regns,

296 3317 464 3404 degerent,
498 3319 680 3384 interdixit.
728 3319 802 3384 Hac
825 3322 951 3384 ratione
982 3330 1136 3384 versutos
1165 3339 1224 3382 rex
1261 3314 1403 3403 implicito

296 3417 395 3481 etiam
429 3417 642 3502 impediebat,
674 3419 852 3504 quominus
885 3420 1027 3503 pecunia
1061 3439 1118 3503 pro
1152 3416 1281 3482 auxilio
1312 3429 1403 3478 terras

296 3527 440 3596 sauctae,
472 3539 511 3580 ac
535 3538 593 3602 pro
617 3515 692 3581 aliis
715 3515 837 3582 Sacrae
861 3517 957 3582 Sedis
987 3512 1243 3582 necessitatibus
1267 3527 1301 3576 et
1323 3529 1403 3594 nege

296 3613 351 3676 tiis
374 3612 513 3678 Romam
538 3617 822 3695 transmitteretur,
847 3627 881 3678 ct
902 3616 1079 3702 quominus
1100 3613 1212 3678 clerici
1238 3611 1325 3682 Itali,
1347 3607 1403 3693 quil

296 3709 360 3774 bus
392 3710 554 3776 beneficia
587 3714 620 3776 in
650 3711 761 3778 Gallia
794 3711 913 3778 collata
936 3723 1040 3793 erant,
1075 3711 1200 3776 ibidem
1224 3691 1403 3782 residerentl

298 3807 351 3872 vcl
375 3807 611 3874 beneficiorum
643 3811 770 3875 fmctus
792 3813 987 3896 reciperent.
1035 3808 1249 3875 Laedsbatur
1280 3827 1356 3872 sane
1376 3803 1402 3864 in

297 3905 348 3970 iris
365 3906 515 3971 Ecclesia
539 3929 579 3972 ac
595 3906 698 3972 Sedes
715 3907 883 3990 Romana3
908 3907 966 3973 sed
991 3907 1094 3974 multo
1119 3908 1224 3992 magis
1240 3925 1338 3992 qoam
1360 3899 1402 3963 de

1401 4017 1402 4062 l

193 4183 199 4194 .
373 4141 391 4204 ¹)
410 4137 442 4189 v.
464 4137 586 4205 aarum,
611 4137 814 4204 mensnram,
839 4138 869 4192 n.
894 4138 943 4193 ru.
963 4139 986 4209 s.
1009 4141 1075 4206 rso;
1101 4138 1230 4193 nouare
1255 4137 1272 4192 r.
1291 4153 1313 4192 a
1332 4135 1358 4189 n.
1375 4131 1394 4186 x

297 4215 344 4270 Ch.
363 4216 416 4274 111.
435 4217 538 4285 Impots
556 4233 604 4272 sur
623 4217 647 4273 le
666 4217 762 4287 merge
