2844 4840
351 491 390 545 De
408 491 538 546 electione
557 491 703 546 Clementis
723 490 754 545 V.
1076 494 1109 547 81

25 632 113 718 lingui
135 657 208 698 sane
232 635 390 698 momenti
414 649 463 698 est
487 637 662 720 inquirere,
689 645 798 699 utrum
822 636 856 698 in
872 634 959 700 hauc
983 635 1111 700 electio·

24 753 79 795 nem
100 732 189 796 talem
213 733 400 796 exercuerit
422 732 587 796 influxum
611 731 796 818 Philippus,
829 743 865 796 ut
888 731 966 797 inde
989 735 1025 797 in
1047 755 1111 797 aer·-

22 828 91 892 rilem
125 830 296 917 quamdam
337 830 593 915 dependentiam
628 830 781 894 redactus
815 830 915 894 fuerit
943 829 1110 896 Pontifex.

21 925 56 988 lta
76 929 154 992 euim
178 927 271 992 multi
296 930 489 994 existimant
520 941 671 992 auctores
701 950 806 1014 usque
839 928 873 992 in
897 927 986 992 huuc
1010 927 1110 1010 diem,

19 1025 48 1088 iis
67 1029 199 1091 maxime
223 1029 372 1112 permoti,
398 1049 482 1112 quae
507 1018 635 1091 hac'de
659 1048 694 1090 re
718 1025 842 1090 Villani
868 1037 989 1108 narrat,
1014 1048 1110 1112 quae-

18 1144 65 1206 que
85 1148 107 1186 s.
123 1125 309 1189 Antoninus
332 1123 432 1189 latine
456 1147 551 1188 versa
577 1127 611 1189 in
636 1145 729 1188 suam
744 1123 915 1188 Ecclesiae
939 1123 1110 1190 historiam

15 1225 125 1306 recepit.

85 1325 114 1384 4.
159 1321 214 1385 llle
249 1320 406 1386 videlicet
444 1321 574 1402 scribit,
610 1334 683 1406 post
715 1321 847 1404 longam
881 1318 1110 1386 Cardinalium

14 1415 226 1484 dissensionem
251 1419 380 1484 decimo
404 1441 518 1484 mense
541 1421 627 1485 inter
650 1441 704 1483 eos
729 1421 937 1502 convenisse,
966 1432 1003 1484 ut
1034 1444 1111 1507 pars

13 1513 147 1580 Italorum
171 1517 359 1601 designaret
388 1527 453 1582 tres
478 1516 592 1582 Gallos
616 1539 698 1602 quos
721 1517 765 1580 ad
789 1519 1016 1602 pontificatum
1042 1521 1109 1584 ido·

12 1633 73 1675 neos
88 1614 261 1698 judicaret,
295 1638 337 1679 ex
361 1615 412 1680 his
437 1637 515 1679 vero
513 1638 615 1723 pars
639 1614 751 1692 altera,
782 1637 902 1727 nempe
926 1615 1108 1701 Gallorum,

12 1709 79 1773 intra
109 1711 327 1797 qnadraginta
364 1713 434 1778 dics
467 1735 570 1777 unum
602 1713 755 1796 eligeret,
791 1714 847 1798 qui
881 1714 923 1778 ab
954 1716 1110 1780 omnibus

11 1820 147 1894 tanquam
179 1813 338 1876 canonice
368 1811 490 1876 electus
520 1811 707 1875 haberetur.
755 1810 830 1875 Itali
854 1811 941 1876 hanc
965 1817 1109 1900 proposi·

10 1907 109 1970 tionem
133 1922 342 1994 acceperuut,
375 1911 570 1974 intendentes
595 1909 674 1974 tader
697 1933 863 1987 aestimare,
896 1912 951 1995 qui
964 1912 1110 1997 fuissent

10 2007 85 2068 cnaei
111 2003 186 2070 odini
208 2007 372 2092 Bomfadii
402 2019 431 2072 et
464 2010 531 2094 reqi
554 2009 712 2071 &unciae
730 2030 850 2093 param
880 2007 995 2094 affecti.
1044 2010 1107 2073 Dc-

10 2103 202 2183 signaverunt
226 2107 327 2189 igitur
350 2117 414 2170 tres
439 2107 620 2192 episcopos,
644 2107 732 2169 inter
759 2127 841 2190 quos
864 2115 934 2169 erat
956 2106 1107 2172 Bertran·

10 2199 53 2262 dns
73 2202 332 2285 BurdigalensiS,
368 2205 422 2289 qni
444 2215 568 2268 creatae
583 2204 699 2289 suerat
724 2204 978 2290 archiepiscopos
1004 2229 1024 2268 a
1047 2207 1106 2270 Bo·

10 2300 103 2382 nifatio
128 2302 230 2388 Papa,
254 2327 315 2382 ‚nec
339 2305 420 2389 rep-ic
444 2305 563 2367 amicae
587 2313 723 2390 propter
746 2301 884 2388 offensae
904 2302 1018 2387 factae
1040 2306 1107 2370 saie

10 2401 225 2486 arucnqatneie
238 2403 273 2465 in
295 2402 451 2466 Vasconia
469 2402 707 2488 perdominetur
724 2399 872 2466 Carolam
894 2399 1105 2469 Valerianum.

10 2493 98 2560 litera
121 2520 199 2583 pars
222 2499 429 2564 velocissime
453 2502 520 2586 regi
545 2499 701 2586 Philippo
726 2500 894 2562 intimavit
926 2502 1105 2583 negotium,

10 2607 26 2654 a
51 2598 121 2680 qaia
153 2596 244 2661 illam
266 2598 544 2684 Bardipalenecni,
576 2622 664 2684 qoem
692 2608 879 2683 procuraret
902 2598 1107 2662 reconciliare

10 2691 49 2754 idi
68 2706 95 2756 et
118 2697 254 2760 amionem
268 2696 355 2779 fieri,
379 2698 409 2760 oi
431 2697 494 2761 eibi
513 2695 656 2783 placeret
678 2697 802 2782 Papam
816 2694 984 2780 facerent:
1019 2719 1107 2783 quem

10 2811 53 2852 ’nur
74 2804 201 2857 rzocreat
225 2794 353 2858 avidam
375 2797 502 2860 horroris
526 2805 555 2858 ed
578 2795 710 2880 pieriae,
741 2803 776 2857 et
805 2791 984 2876 Vaocoucm,
1009 2805 1039 2858 et
1062 2795 1107 2860 ad

1147 1333 1252 1372 narratio

1148 1395 1250 1435 vilitati.

10 2894 87 2954 *nitria
108 2893 303 2978 flexibilem,
333 2904 367 2956 at
391 2893 451 2957 idda
474 2903 712 2980 consequeretur·
734 2890 907 2976 sperabant
928 2891 1034 2978 facile
1058 2894 1104 2957 in·
1166 2947 1167 2952 ,

10 2983 157 3052 lucendum
182 2990 226 3052 ad
249 3013 367 3054 omnem
388 3003 512 3078 partem
536 3003 566 3054 et
589 2993 762 3055 amicitiam
776 2991 1021 3054 contrahendam
1037 3016 1105 3055 carn

10 3109 52 3170 epe
74 3089 245 3167 Franciae,
270 3101 298 3152 et
322 3088 412 3154 illam
436 3091 591 3176 adoptata
607 3089 841 3166 eaeauditaram,
866 3089 946 3152 aient
959 3091 1006 3152 rei
1016 3101 1103 3175 poet·

10 3185 102 3250 adrem
123 3185 282 3273 probavit
309 3199 444 3252 euentus.
492 3187 563 3251 Rex
588 3189 689 3271 igitur
712 3186 829 3251 litteris
852 3189 996 3271 acceptis
1021 3189 1103 3253 invi·

10 3287 63 3346 trit
83 3285 375 3371 archiepiscopum
400 3285 441 3350 ad
467 3285 667 3372 colloquium
693 3287 726 3350 in
751 3285 898 3353 Abbatia
921 3286 1103 3352 siccaneis

10 3379 144 3468 R'Angely
188 3385 221 3448 in
253 3381 413 3448 Santouia
446 3383 662 3468 (Saintongc).
709 3386 760 3450 Ibi
785 3386 959 3472 Philippus
993 3383 1104 3449 verbis

10 3476 203 3547 lacahilihus
239 3503 314 3546 eum
350 3481 484 3547 induxit
514 3483 762 3548 reconciliatum
794 3485 916 3550 habere
948 3481 1103 3547 Carolum

10 3577 211 3659 (alesianum,
237 3592 269 3644 et
293 3579 370 3645 dein
394 3581 497 3645 dixit:
530 3581 664 3645 Domine
689 3584 931 3669 archiepiscope,
962 3582 1046 3646 aciae
1070 3581 1103 3642 ia

10 3679 118 3743 merim
144 3681 226 3743 meis
249 3702 313 3742 ecoe
334 3681 483 3764 positam,
516 3691 544 3743 te
568 3679 683 3764 facere
700 3703 797 3766 posce
821 3681 1001 3764 Pontificem
1024 3700 1102 3741 rem·

10 3799 74 3856 ntra·
102 3777 277 3844 ostendeus
308 3780 338 3842 ei
370 3778 494 3842 litteras
515 3800 611 3866 caper·
633 3780 689 3843 hoc
712 3779 898 3845 destinatae.
947 3777 984 3842 Si
1006 3777 1103 3862 ipitar

10 3875 37 3950 ir,
70 3889 102 3940 at
127 3877 264 3965 faciam
282 3886 309 3940 te
333 3899 484 3940 murmane
506 3877 698 3955 Antistidem,
736 3877 805 3942 vodo
831 3876 1005 3963 promittas
1027 3873 1103 3936 milri

10 3977 138 4040 incedere
173 3983 278 4038 certae
306 3976 443 4059 matius,
475 3997 553 4060 qaae
575 3973 757 4062 postulabo.
808 3972 928 4048 Quibus
960 3971 1101 4055 (litteris)

10 4072 118 4138 electis
143 4073 403 4158 archiepiscopos
426 4073 474 4136 ait
501 4072 697 4158 stupefactas
721 4095 761 4136 etc
784 4096 817 4136 re
841 4073 933 4158 ipsa:
955 4071 1101 4156 Domine,

10 4171 25 4232 n'
37 4197 96 4252 rec,
123 4171 230 4248 video,
254 4169 336 4255 qood
357 4172 456 4257 mapis
481 4194 527 4234 me
551 4168 669 4254 didipir,
695 4194 788 4256 qaam
811 4171 909 4236 aliam
933 4193 1101 4256 quemcum-

10 4270 245 4346 minuenda,
274 4280 304 4332 et
335 4268 418 4333 bona
441 4270 517 4333 mihi
541 4268 655 4334 tribuis
673 4291 736 4356 pro
761 4269 871 4334 naalia:
898 4270 1021 4334 demam
1046 4291 1100 4331 no·

32 4389 169 4438 lucaman,
184 4385 374 4426 Diucrtationer.
390 4386 454 4426 'rom
470 4386 508 4426 Vl,
961 4379 978 4431 6
