2868 4844
171 949 183 976 ι
214 950 256 978 aa
277 915 398 982 ..bona
421 920 689 1000 restituerentur,
719 919 807 1005 qnod
829 919 990 1005 paulatim
1014 923 1168 987 effectum
1193 935 1250 992 est.
1296 925 1409 992 Sublato

314 478 367 532 224
512 479 628 538 XXXII.
648 481 688 536 De
706 481 883 538 Pontificibus
902 484 1042 538 Arenione
1061 489 1238 542 commoratis.

403 623 453 688 76.
500 623 647 688 Prarum
682 625 781 690 istum
813 647 938 692 morem
963 621 1104 694 Romani
1128 631 1303 698 Pontifices
1329 645 1408 720 atque

312 717 461 785 Concilia
485 720 551 786 illis
574 722 779 808 temporibus
801 723 918 790 habita
938 747 1071 814 prorsus
1087 727 1201 793 tollere
1227 729 1423 812 studueruntl

310 839 511 905 operamque
544 819 709 884 dederunt
743 821 868 904 sedulo,
909 831 946 887 ut
979 825 1129 890 ecclesiis
1163 836 1198 890 et
1231 831 1410 894 monasteriis

308 1014 445 1080 tandem
469 1017 741 1082 commendarem
772 1017 933 1082 laicarum
967 1028 1000 1082 et
1031 1018 1225 1088 militarium
1248 1023 1363 1106 abusu,
1389 1042 1411 1088 et

218 1181 223 1204 ,
309 1112 406 1178 bonis
440 1135 525 1200 quae
556 1113 633 1179 laici
673 1126 921 1201 occupaverant
958 1116 1002 1181 ad
1033 1118 1190 1184 ecelesias
1222 1129 1254 1184 ct
1282 1119 1411 1185 abbatias

308 1211 485 1294 translatis,
510 1213 715 1299 frequentior
738 1235 836 1298 quam
862 1213 941 1279 olim
965 1215 1030 1280 fuit
1046 1217 1315 1282 commendaram
1331 1217 1411 1282 ecclc-

308 1312 516 1376 siasticarum
561 1333 649 1376 usus.
705 1310 759 1376 Ad
797 1310 861 1375 hoc
900 1315 1013 1377 variae
1052 1335 1172 1378 causae
1216 1315 1423 1410 contulemntp

311 1409 347 1471 1⁰
379 1406 464 1473 Cum
498 1419 602 1474 terras
640 1431 723 1495 quas
753 1413 914 1496 crucigeri
952 1413 987 1476 in
1016 1409 1153 1478 Oriente
1189 1413 1423 1499 occupaverant

307 1529 421 1572 rursus
444 1518 692 1592 expugnassent
715 1507 876 1588 infideles,
901 1509 998 1594 ejecti
1014 1510 1094 1574 inde
1109 1512 1258 1598 episcopi
1274 1533 1314 1576 ac
1329 1534 1411 1576 sacer·

308 1605 403 1670 dotes
426 1606 461 1668 in
478 1605 648 1690 Europam
672 1605 796 1669 reversi
823 1617 909 1688 sunt,
934 1617 966 1670 et
989 1618 1059 1671 tum
1084 1610 1119 1673 in
1136 1608 1233 1673 ltalia
1259 1621 1328 1674 tum
1349 1607 1410 1672 alibi

307 1705 381 1768 sive
404 1703 613 1788 episcopatus
644 1703 716 1767 sive
738 1703 892 1768 abbatias
916 1707 988 1768 sive
1011 1704 1077 1770 alia
1101 1705 1266 1772 beneficia
1289 1709 1323 1772 in
1346 1728 1410 1771 con-

308 1800 448 1866 mendas
480 1812 691 1886 acceperunt,
731 1811 768 1865 ut
797 1803 869 1866 istis
900 1802 1087 1868 redditibus
1118 1805 1223 1869 vitam
1264 1805 1411 1869 ducerent.

307 1899 347 1964 2⁰
369 1899 419 1962 Ne
444 1898 532 1963 bona
555 1897 780 1964 ecclesiastica
803 1921 916 1965 rursus
947 1923 967 1966 a
999 1900 1093 1965 laicis
1118 1913 1358 1988 occuparentur
1383 1925 1409 1964 ar

307 1995 541 2082 diriperentur,
565 1995 646 2060 utile
670 1997 779 2062 visum
797 2007 856 2078 est,
880 1996 937 2061 illa
952 1999 987 2063 in
1002 2001 1218 2064 commendas
1234 1999 1423 2065 distribuere*

307 2096 395 2159 inter
417 2093 564 2172 clericos,
596 2092 717 2179 quibus
748 2115 785 2158 eo
810 2097 917 2180 magis
940 2117 999 2182 pro
1024 2119 1251 2182 personarum,
1285 2098 1409 2162 locorum

306 2202 341 2256 et
364 2202 549 2278 temporum
576 2193 702 2255 ratione
726 2192 940 2258 concedenda
955 2193 1169 2261 videbantur.
1200 2197 1239 2259 3⁰
1254 2195 1409 2261 Abbatisr.

307 2292 472 2376 prioratus
518 2312 557 2354 ac
602 2291 800 2354 monasteris
845 2291 1035 2377 frequenter
1077 2293 1312 2358 commendata
1354 2303 1411 2355 sunt

306 2389 473 2472 episcopis
504 2398 537 2451 et
567 2387 713 2470 clericis,
754 2399 790 2452 ut
825 2387 1004 2474 disciplina
1037 2393 1220 2455 monastica
1257 2393 1290 2456 in
1323 2389 1412 2454 multis

307 2486 478 2550 coenobiis
494 2485 639 2570 collapsa
653 2496 902 2566 restauraretur,
928 2486 980 2551 vel
996 2498 1032 2551 ut
1049 2487 1210 2553 coenobia
1226 2487 1291 2553 hac
1307 2490 1411 2553 ratione

308 2585 414 2667 magis
438 2594 688 2668 protegerentur
711 2593 744 2645 et
767 2582 1033 2650 defenderentur.
1081 2587 1120 2648 4⁰
1143 2587 1300 2651 Vicissim
1331 2583 1412 2650 eccls-

305 2684 431 2746 siarum
463 2680 674 2766 praebendae
705 2692 738 2746 et
767 2681 975 2767 parochiales
1005 2682 1165 2747 ecclesiae
1197 2685 1365 2748 monachia
1390 2693 1411 2743 rt

308 2781 477 2844 canonicis
501 2778 709 2865 regularibus
740 2780 992 2845 commendatae
1016 2781 1159 2847 fuerunt.
1207 2783 1246 2845 5⁰
1280 2783 1411 2866 Denique

305 2876 351 2942 ad
375 2875 644 2962 multiplicandas
667 2877 881 2942 commendas
906 2877 1117 2944 contulerunt
1139 2902 1318 2944 avarorum
1340 2879 1413 2962 cupi-

306 2975 404 3055 ditas,
437 2997 477 3040 ac
501 2977 691 3061 principum
715 2985 749 3038 et
772 2987 964 3059 magnatum
989 2975 1143 3042 voluntas
1167 2999 1347 3065 precesque
1368 2979 1410 3040 in·

307 3084 480 3159 portunae.

399 3173 451 3237 tl.
486 3172 658 3257 Expositis
681 3169 734 3234 his
757 3170 969 3255 generalibus
998 3170 1289 3238 observationibus
1320 3169 1410 3260 quoad

306 3272 557 3350 reservationes,
582 3278 722 3333 annates
745 3279 778 3333 et
802 3269 1025 3350 commendas,
1045 3271 1117 3356 jam
1134 3271 1251 3358 paucis
1275 3290 1408 3336 enarrare

308 3369 476 3448 convenit,
500 3389 585 3454 quae
609 3378 756 3452 tempore
781 3367 981 3432 Pontificum
1006 3367 1293 3434 Avanionensium
1317 3371 1348 3434 in
1370 3367 1410 3430 hir

308 3466 516 3550 contigerint.
564 3464 620 3529 Ad
651 3467 880 3530 reservatiram
912 3468 1148 3552 episcopatuum
1177 3467 1266 3552 qnod
1293 3478 1410 3554 spectat

300 3565 375 3651 jam
405 3574 504 3628 antea
535 3585 602 3627 non
631 3585 704 3628 raro
731 3564 808 3649 jure
840 3563 1052 3628 desolationis
1081 3564 1260 3630 Pontifices
1288 3564 1411 3629 Romani

308 3663 480 3748 episcopos
513 3659 721 3726 dioecesibus
753 3663 1001 3744 constituerant,
1033 3683 1108 3724 cum
1133 3661 1290 3726 videlicet
1319 3660 1410 3726 defixo

307 3782 329 3824 a
352 3759 536 3824 canonibus
552 3770 699 3846 tempore
716 3781 781 3823 non
797 3759 1039 3845 expediebatur
1049 3759 1165 3824 electio
1184 3759 1235 3824 rel
1252 3759 1423 3844 indignanti

308 3857 466 3922 electores
482 3857 659 3941 eligebant.
692 3855 748 3922 Sic
771 3856 987 3922 Innocentius
1004 3857 1053 3921 IV
1077 3881 1106 3924 a.
1127 3858 1212 3923 1245
1236 3859 1423 3948 episcopan,

309 3953 564 4020 Cabilonensem
593 3955 636 4020 ad
659 3955 981 4041 archiepiscopatum
1007 3955 1174 4020 transtulit
1196 3951 1423 4021 Bisontinumr

312 4051 387 4119 Cum
418 4051 566 4118 ecclesiae
594 4055 794 4132 Bisantr'uoo,
834 4077 913 4140 quae
952 4053 1074 4118 diutius
1106 4065 1239 4139 pastore
1274 4061 1409 4118 woesut

295 4152 421 4240 fuisset
453 4152 498 4217 ad
526 4175 584 4217 uos
607 4152 753 4239 provisio
784 4151 942 4219 devoluta.
990 4151 1119 4218 Eadem
1152 4151 1193 4216 de
1217 4171 1313 4216 cansa
1335 4149 1409 4212 idem

305 4249 463 4314 Pontifex
486 4249 695 4336 metropolim
710 4250 952 4314 Bituricensem
968 4247 1116 4314 (luidoni
1141 4248 1183 4313 de
1197 4246 1315 4313 Siliano
1330 4245 1366 4310 0.
1380 4243 1408 4306 Ρ.
