2822 4838
312 443 366 499 286
581 445 682 500 XXVI.
703 445 743 499 De
761 444 928 499 Pontificutu
947 445 1100 500 quoceutii
1118 445 1167 500 111.

312 588 399 673 regis
432 591 569 653 nuntius
593 589 718 653 Romae
750 587 874 672 degens
906 590 941 653 in
965 588 1104 675 epistola
1137 590 1180 654 ad
1203 611 1313 674 regern
1340 589 1376 652 da

312 684 452 756 barones
476 709 630 768 asserere,
663 687 746 772 qaod
768 709 822 750 coe
846 709 986 750 annuum
1008 687 1145 750 reditum
1175 688 1300 752 domino
1323 602 1399 772 Parii

312 795 342 847 et
373 784 520 850 ecelesiae
544 787 708 850 Romanae
740 784 935 863 enhibnistis,
968 808 1031 849 non
1065 797 1176 870 monte
1203 809 1260 850 nec
1282 807 1320 848 ea
1340 785 1399 862 ieet

312 884 407 962 tione,
436 885 497 948 imo
522 907 561 948 ec
586 885 695 946 timore
719 893 748 945 et
769 905 829 968 per
852 905 904 947 eoa
928 894 1053 946 coactam
1068 883 1241 970 fecistis.¹)
1288 875 1399 968 Scripta

311 1003 389 1046 vero
414 980 544 1067 Anglus
572 981 660 1046 illius
683 983 852 1066 temporis,
886 982 942 1067 qui
968 983 1179 1047 continuavit
1202 980 1346 1046 Annales
1366 979 1399 1070 Rq

309 1081 391 1162 gerii
417 1077 458 1144 de
482 1079 656 1160 Heroden,
685 1080 747 1143 ista
772 1078 812 1143 dc
837 1101 871 1142 re
895 1079 1027 1144 scribit:
1060 1081 1238 1144 Prudenter
1266 1101 1339 1144 sane
1365 1071 1399 1154 sii

310 1188 339 1241 et
361 1180 428 1242 auia
445 1179 621 1264 providens
643 1179 677 1241 in
700 1179 755 1240 hoe
769 1176 880 1261 facto,
910 1177 983 1242 iicet
1005 1179 1041 1242 id
1063 1177 1172 1242 multis
1194 1178 1399 1274 ignominiasti

308 1275 468 1339 uideretur
492 1286 520 1339 et
544 1299 667 1339 ertorme
691 1277 853 1339 seruitutis
868 1280 991 1364 janum,
1022 1329 1027 1343 .
1055 1326 1063 1342 .
1087 1325 1095 1340 .
1125 1278 1275 1362 quoniam
1305 1299 1341 1338 en
1367 1285 1399 1358 qn

309 1395 341 1436 ee
372 1376 407 1437 in
428 1377 625 1460 protectione
652 1375 765 1458 poenit
794 1373 981 1459 Apostolica
1009 1385 1038 1437 ct
1067 1397 1165 1458 regna
1195 1397 1255 1438 aaa
1284 1373 1321 1437 B.
1345 1373 1399 1482 Pati

304 1472 535 1556 patrimonium
553 1471 647 1556 feeit,
683 1493 746 1534 non
770 1481 839 1534 erat
862 1472 896 1533 in
920 1472 992 1535 orbe
1016 1474 1160 1536 Romano
1186 1473 1347 1558 princeps,
1373 1485 1399 1562 ott

309 1571 343 1633 in
367 1568 460 1634 Sedis
483 1568 686 1654 Apostoiioae
716 1569 870 1655 injuriam
902 1569 950 1632 oei
980 1567 1069 1634 illum
1098 1569 1263 1654 infestare,
1294 1568 1341 1631 aei
1368 1565 1397 1628 itt

308 1667 458 1731 invadere
479 1677 705 1752 praesumeret,
731 1689 765 1730 eo
789 1667 872 1750 quod
896 1667 935 1730 ab
950 1669 1106 1731 nniuernie
1121 1666 1318 1732 metuebatur
1340 1665 1396 1748 Pop

308 1766 509 1828 Innocentius
533 1788 631 1850 supra
655 1787 758 1828 omnes
783 1765 837 1849 qui
860 1787 927 1828 enm
951 1789 971 1828 a
995 1765 1103 1828 multis
1130 1766 1225 1828 annis
1254 1767 1399 1850 praecessi

308 1862 424 1947 runt.²)
1398 1855 1399 1858 ¹

400 1987 451 2051 73.
485 1983 660 2050 Caeterum
676 1987 897 2070 ignominiosa
918 1985 1107 2052 nullatenus
1130 1997 1201 2051 erat
1223 2009 1262 2050 eo
1287 1975 1399 2069 tempoli

182 2053 194 2081 ι
218 2053 264 2082 m
309 2083 431 2149 oblatio
455 2105 631 2168 regnorum
656 2083 867 2169 Apostolicae
890 2083 968 2148 Sedi
992 2085 1100 2165 facta3
1125 2083 1220 2170 plura
1243 2083 1309 2148 hac
1332 2079 1399 2145 det

308 2182 454 2246 diximus
478 2184 512 2246 in
536 2184 777 2246 Dissertatione
807 2183 848 2247 de
872 2182 1034 2266 Gregorio
1059 2182 1135 2247 VH.
1181 2183 1311 2246 Tamen
1334 2157 1399 2245 antei

306 2301 373 2344 non
391 2279 614 2366 dependentia
632 2279 767 2362 feudali,
792 2282 904 2344 stricto
929 2303 1037 2363 sensu,
1062 2279 1223 2367 ejusmodi
1249 2267 1399 2345 oblationi

307 2377 440 2443 fiebunt.
487 2378 605 2442 Petrus
628 2388 738 2442 autem
763 2377 969 2461 Arragoniae
993 2400 1052 2442 rex
1075 2401 1178 2464 quum
1203 2402 1233 2443 a.
1262 2379 1345 2444 1204
1366 2373 1399 2448 Rt

307 2497 395 2540 mam
413 2477 567 2556 venisset,
593 2484 629 2538 ut
645 2475 835 2540 solemniter
858 2477 901 2539 ab
918 2476 1113 2541 Innocentio
1130 2475 1181 2540 III
1207 2473 1399 2540 coronaretui

307 2574 429 2658 insigni
463 2575 565 2638 animi
600 2573 792 2638 dimissione
824 2595 964 2657 reguum
996 2597 1091 2638 suum
1116 2573 1195 2666 Scdi
1219 2573 1399 2660 Apostolica

306 2673 552 2759 stipendiaria-m
583 2693 652 2735 esse
685 2672 795 2756 jussit,
835 2674 1010 2757 regiaeque
1041 2682 1234 2737 ornamenta
1261 2647 1399 2756 dignitati

307 2770 385 2836 divo
400 2770 496 2834 Petro
521 2772 554 2833 iu
580 2770 651 2855 ejus
674 2791 732 2832 ara
756 2769 1005 2852 consecravit.³)
1044 2770 1211 2834 Henricus
1228 2771 1264 2835 II
1288 2769 1397 2850 Anglii

241 2867 243 2878 ⁴
305 2891 375 2950 rex,
401 2889 503 2953 quum
528 2869 561 2931 in
586 2869 748 2951 angustiis
771 2869 897 2953 positus
922 2877 1016 2952 esset,
1036 2869 1108 2954 jam
1133 2891 1162 2934 a.
1187 2869 1273 2932 1173
1298 2867 1338 2931 ad
1354 2864 1399 2944 At

305 2967 472 3032 xandrum
495 2965 545 3028 111
580 2967 771 3051 scripserat:
814 2965 942 3029 Vestrae
958 2966 1198 3055 jurisdictionis
1233 2978 1280 3030 est
1303 2957 1399 3050 reatui

306 3065 452 3152 Anyiiae,
486 3076 516 3129 et
539 3074 689 3150 qnantum
713 3064 756 3127 ad
778 3063 930 3150 fendarii
954 3068 1041 3153 jurio
1073 3063 1306 3149 obligationem,
1342 3055 1399 3146 soii

305 3165 472 3228 dumtaxat
495 3162 650 3226 obnoxius
674 3173 780 3225 teneor
796 3173 825 3225 et
841 3164 1009 3247 astringor.
1035 3164 1266 3227 Patrimonium
1288 3162 1326 3225 B.
1342 3157 1399 3234 Peli

305 3264 469 3327 Romanus
500 3259 653 3346 Pontifen
691 3258 856 3346 spimniaii
892 3260 1001 3346 gladio
1037 3271 1173 3326 tueatur.
1182 3259 1210 3346 ⁴)
1263 3257 1399 3340 Videlica

305 3359 471 3425 Henricus
495 3359 529 3423 ΙΙ
553 3367 633 3422 tunc
655 3357 699 3421 ad
723 3357 832 3443 officia
848 3357 1021 3444 feudorum
1038 3359 1166 3447 deflexit
1176 3359 1257 3444 pias
1273 3359 1399 3444 majona

305 3481 431 3522 suornm
459 3456 635 3522 oblationes
667 3467 696 3520 et
730 3460 972 3522 contestationes
995 3457 1191 3522 obedientiae
1211 3455 1341 3539 filialis,
1373 3451 1399 3534 ut

304 3556 449 3621 advertit
484 3555 733 3622 Thomussiuus.
790 3553 862 3642 Qui
891 3558 991 3622 etiam
1032 3555 1141 3644 quoad
1185 3555 1365 3619 hominium
1395 3567 1399 3620 1

304 3656 434 3722 Joanne
458 3656 651 3741 praestitum
676 3655 757 3717 scite
771 3652 854 3717 haec
878 3654 1050 3720 observat:
1079 3653 1271 3719 Gratulatus
1294 3661 1338 3715 est
1359 3665 1399 3732 reg

379 3914 398 3982 ι)
417 3914 468 3980 Ap.
487 3911 588 3978 Rymer
606 3910 726 3966 Foedera
743 3910 766 3968 1.
788 3913 850 3978 185;
879 3910 1009 3980 hingem,
1033 3911 1104 3966 Hist.
1133 3911 1164 3964 T.
1188 3909 1222 3965 V.
1250 3925 1272 3963 a
1294 3911 1317 3964 1.
1336 3897 1399 3974 not

303 3993 338 4047 ad
357 4009 380 4046 a.
403 3992 471 4046 1213
489 3997 563 4045 nom.
602 3991 684 4059 (Edit
703 3991 782 4045 Paris
803 3991 890 4046 18251
1398 4001 1399 4040 t

377 4073 398 4136 Β1
418 4071 564 4126 Gualterus
583 4073 616 4126 de
635 4071 780 4140 Carenem,
800 4071 979 4126 Continuata
996 4071 1109 4140 Rogerii
1128 4071 1161 4126 de
1173 4070 1302 4126 Hovedeu
1320 4084 1340 4122 c
1360 4059 1399 4126 lit

376 4151 397 4216 ⁸)
416 4151 449 4208 V.
468 4152 601 4218 Raynald.
620 4151 718 4205 Anuel.
737 4167 762 4208 a.
783 4153 859 4207 1204.
878 4167 905 4207 11.
925 4153 967 4207 71.

375 4233 395 4296 ⁴)
415 4233 447 4285 V.
466 4233 563 4288 Barca.
583 4233 617 4286 ad
635 4248 660 4287 a.
681 4232 757 4286 1173„
777 4249 803 4286 n.
825 4234 866 4289 10.
