2836 4848
481 476 552 529 Fata
570 474 686 542 imperii.
1090 472 1144 526 433

42 621 126 704 ditus,
150 631 183 683 nt
205 618 469 685 administrando
501 639 602 702 regno
636 628 813 704 parasset.
859 617 914 682 Ab
946 615 1144 681 electoribus

42 741 113 782 anno
140 719 220 783 1208
254 721 287 782 111
313 717 463 782 ordinem
494 715 648 780 redactus
672 726 730 796 est,
762 716 851 802 quod
875 717 1056 801 Imperium
1090 735 1144 776 ex-

41 827 182 898 tenuaret,
215 816 398 880 discordias
427 823 460 878 et
483 812 571 878 bella
595 815 744 895 nutriret,
779 815 917 900 populos
941 812 1073 877 tributis
1098 814 1144 875 ln-

40 915 129 978 sulitis
149 925 313 998 gravaret,
342 915 469 978 foveret
503 911 686 997 praedones
718 934 991 999 oppressoresque
1024 932 1144 996 paupe-

40 1035 109 1083 rum,
134 1015 299 1098 principes
327 1021 561 1075 contemneret.
615 1009 654 1074 In
686 1011 757 1096 ejus
786 1010 895 1075 locum
929 1010 1052 1074 electus
1082 1009 1145 1072 tuit

39 1109 82 1172 die
104 1111 161 1173 23⁰
183 1111 278 1175 lunii
304 1112 383 1174 anni
410 1109 494 1173 1298
519 1107 668 1172 Albai-tus
692 1109 713 1172 I
735 1107 891 1172 Austriae
916 1108 995 1188 dux,
1024 1105 1145 1170 11111161-

37 1206 84 1290 phi
107 1209 122 1270 I
146 1208 241 1274 filius.
291 1206 415 1272 Contra
446 1228 543 1293 quem
568 1205 753 1292 Adolphus,
785 1209 957 1271 commisso
982 1205 1024 1269 ad
1049 1205 1143 1268 Wor·

38 1307 158 1368 matiam
182 1305 308 1392 praelio
332 1306 460 1369 fortiter
482 1326 644 1391 pugnans,
670 1305 790 1368 cecidit
813 1305 866 1369 die
892 1306 929 1368 2⁰
951 1304 1032 1370 Julii
1058 1302 1145 1366 illius

36 1424 113 1466 anni.

110 1503 164 1565 54.
196 1501 277 1564 Post
291 1499 436 1586 Adolphi
462 1502 630 1564 interitum
647 1499 804 1566 Albertus
828 1499 1022 1565 electionem
1039 1521 1144 1581 suam,

38 1601 133 1662 ninus
156 1599 240 1664 forte
263 1599 456 1683 legitimam,
489 1599 531 1663 ab
556 1598 753 1664 electoribus
776 1611 882 1663 ratam
913 1597 1028 1661 haberi
1053 1619 1144 1661 cura·
1255 1610 1262 1623 ·

37 1699 84 1765 rit,
111 1719 152 1760 ne
176 1697 367 1780 tyrannidis
395 1708 616 1780 accusaretur,
649 1708 748 1783 atque
773 1695 827 1760 die
851 1697 912 1760 24⁰
934 1695 1076 1780 Augusti
1110 1696 1144 1758 in

36 1817 132 1878 regem
157 1805 334 1858 coronatus
349 1805 406 1858 est.
445 1795 580 1878 Legatis
600 1797 708 1858 missis
724 1797 823 1858 etiam
839 1817 859 1858 a
872 1794 1045 1858 Bonifacio
1060 1793 1145 1856 VIII

35 1896 125 1976 petiit,
151 1904 188 1956 nt
213 1915 287 1955 eum
314 1892 524 1956 confirmaret
547 1893 582 1956 in
605 1915 707 1978 regno
731 1901 764 1957 et
785 1893 950 1976 Imperi03
981 1892 1038 1956 sed
1063 1892 1145 1956 Pon·

35 1991 103 2054 tifex
135 1992 170 2055 id
202 1992 379 2071 recusavit,
412 1990 501 2076 quod
533 1991 680 2076 perjurii,
711 1989 900 2054 rebellionis
931 2001 964 2053 et
996 1992 1087 2054 necis
1111 1993 1145 2054 in

34 2112 130 2172 regem
158 2087 351 2174 Adolphum
377 2111 411 2152 se
442 2088 625 2152 reddiderit
648 2111 752 2152 reum.
798 2089 897 2152 Anno
924 2087 1006 2153 1301
1034 2111 1145 2172 regern

36 2203 61 2249 ut
81 2187 190 2250 laesae
217 2188 397 2271 majestatis
428 2208 521 2250 reum
552 2189 638 2251 intra
662 2209 719 2250 sex
744 2208 872 2250 menses
895 2186 1034 2250 Romam
1069 2191 1146 2251 cita·

35 2290 87 2354 rit:
112 2286 243 2350 studuit
266 2297 377 2348 tamen
394 2285 550 2349 Albertus
574 2307 707 2348 causam
733 2307 825 2348 suam
842 2285 951 2348 missis
973 2283 1090 2348 litteris
1114 2297 1147 2350 et

33 2383 138 2460 locatis
163 2383 353 2463 defendere,
379 2385 518 2446 crimina
542 2382 672 2469 objecta
697 2383 831 2462 diluere,
857 2404 950 2444 suam
976 2384 1009 2446 in
1034 2383 1146 2446 Eccle-

33 2487 103 2547 siam
128 2482 357 2546 obedientiam
382 2484 598 2567 animumque
622 2481 778 2545 devotum
804 2480 952 2565 probare.
1000 2482 1145 2545 Demum

34 2581 76 2644 die
104 2581 169 2646 30ο
199 2580 326 2666 Aprilis
360 2581 440 2642 anni
475 2581 559 2644 1303
591 2579 784 2644 Bonifacius
816 2579 898 2643 VlII
937 2580 1147 2644 confirmavit

33 2679 196 2742 libertum
225 2680 259 2742 in
283 2700 384 2762 regno
404 2677 777 2756 Romano-Germanico,
805 2677 964 2762 suppletis
983 2679 1069 2763 juris
1093 2678 1146 2742 de-

31 2775 173 2840 fectibus.
223 2775 358 2839 Exinde
381 2774 538 2839 Albertus
568 2797 602 2840 se
625 2776 779 2840 Pontifici
809 2785 841 2839 et
864 2775 1032 2839 Ecclesiae
1057 2775 1147 2840 dedi-

30 2888 88 2936 tum
112 2873 272 2954 ostendit,
306 2884 338 2937 et
361 2896 421 2959 per
442 2873 568 2938 litteras
587 2875 778 2959 juramenta
802 2897 821 2937 a
845 2873 1020 2959 Rudolpho
1045 2895 1145 2959 quon·

30 2969 95 3034 darn
119 2973 212 3036 facta
237 2983 270 3034 ct
296 2973 367 3056 ipse
390 2973 563 3057 praestitit.
610 2969 676 3035 Sed
700 2981 877 3056 antequam
902 2994 1023 3036 corona
1046 2973 1146 3055 impe-

30 3069 91 3133 riali
116 3080 256 3134 ornatus
283 3079 377 3150 esset,
409 3069 559 3134 vindicta
582 3071 714 3156 privata
738 3093 757 3133 a
780 3069 911 3134 Joanne
935 3071 1044 3134 fratris
1068 3069 1145 3152 filio,

30 3182 58 3228 ut
88 3168 233 3248 dicitur,
270 3166 407 3253 aliisque
444 3169 623 3254 conjuratis
656 3167 813 3231 insidiose
847 3170 975 3232 occisus
1009 3178 1058 3232 est
1092 3167 1147 3231 die

33 3267 60 3326 1⁰
81 3267 162 3352 Maji
195 3267 278 3330 anni
314 3267 410 3332 1308.
465 3265 632 3330 Successit
663 3269 693 3330 ei
725 3265 882 3330 Hearicua
911 3265 977 3329 VII
1003 3267 1148 3330 Luxem·

30 3361 207 3449 burgensis,
240 3365 343 3449 isque,
377 3375 450 3450 post
473 3364 685 3429 intervallum
711 3364 916 3446 diuturnum,
947 3386 1034 3428 anno
1061 3365 1147 3428 1312

30 3460 145 3526 Romae
169 3485 190 3525 a
217 3459 462 3544 Cardinalibus,
494 3463 616 3548 quibus
641 3460 793 3526 Clemens
817 3462 847 3525 V
873 3461 1047 3525 Avenione
1071 3463 1149 3526 resi-

31 3559 101 3623 dens
132 3559 170 3624 id
205 3581 328 3624 munus
360 3559 584 3644 delegaverat,
618 3559 807 3624 solemniter
843 3561 877 3623 in
909 3561 1148 3645 Imperatorem

31 3669 198 3722 coronatus
224 3667 282 3724 est.

108 3757 164 3822 55.
193 3756 260 3820 Per
282 3755 397 3838 luctas,
423 3779 507 3843 quac
532 3759 618 3821 inter
640 3755 868 3820 Sacerdotium
902 3767 935 3820 et
964 3757 1147 3842 Imperium

32 3863 226 3934 exarserant,
251 3876 290 3917 ao
315 3855 391 3919 dein
416 3877 475 3941 per
498 3856 690 3919 diuturnum
716 3854 797 3919 illud
821 3856 1056 3938 interregnum,
1082 3877 1146 3941 quo

32 3973 81 4014 rex
103 3963 136 4014 et
161 3952 348 4036 Imperator
371 3952 548 4035 indigenus
572 3955 607 4016 in
626 3952 810 4016 Germania
834 3951 1010 4016 deficiebat
1040 3962 1073 4016 et
1095 3975 1151 4015 res

33 4048 176 4130 publicae
190 4048 406 4113 vehementer
418 4050 569 4115 turbatae
593 4059 695 4128 erant,
721 4049 841 4131 evenit,
866 4061 991 4115 utnon
1016 4049 1149 4114 modica

34 4145 167 4212 malain
191 4146 340 4212 ecclesiis
365 4147 565 4213 Germaniae
589 4169 659 4212 sese
684 4146 918 4214 diffunderent.
951 4149 1060 4212 Lucta
1084 4149 1150 4212 Im-

35 4259 212 4326 peratorum
244 4257 359 4312 contra
390 4245 575 4311 Ecclesiam
607 4247 729 4328 effecit,
766 4255 802 4309 ut
832 4267 983 4331 proceres
1014 4245 1091 4310 laici
1116 4255 1150 4310 et

80 4361 219 4412 summ,
233 4363 423 4403 Dtaiamuonoa
438 4363 502 4403 Toni.
518 4363 546 4403 V.
1006 4352 1041 4406 28
