2822 4838
286 417 341 472 298
555 415 657 470 XXVI.
676 416 717 470 Dc
736 414 901 470 Pontifieetn
919 415 1071 470 Innocentii
1090 415 1142 469 111.

288 561 404 626 diret.“
442 597 484 607 —-
519 560 653 623 Petrum
682 561 730 623 eis
758 569 867 623 tamen
893 582 1047 644 expresse
1072 560 1241 623 intimasse
1265 557 1399 643 prohibi-J

286 662 411 724 tionem
435 658 616 738 Pontificio,
649 659 826 743 quominus
859 655 1123 722 Christianorum
1153 655 1399 741 aggrederentur

287 758 519 844 possessiones,
552 755 718 840 colligitur
748 778 791 819 ex
815 755 962 841 epistola,
996 777 1096 841 qnam
1120 756 1329 819 Innocentius
1349 752 1389 816 lll

287 867 362 942 post
383 857 665 941 expugnationem
680 854 824 919 Jaderae
839 854 1087 944 adscrucigeros
1104 852 1205 918 dedit.
1213 854 1237 938 ¹)
1267 851 1399 934 „Quan-1

288 955 340 1018 vis
364 963 473 1018 autem
498 951 721 1036 displicuisset
743 951 807 1016 hoc
830 951 983 1033 Francis,
1016 952 1116 1016 rediit
1138 963 1250 1016 tamen
1274 951 1399 1026 inhono-¹

288 1061 422 1116 retusa
447 1051 598 1130 Venetis,
630 1071 768 1136 pravam
793 1072 906 1114 eornm
933 1052 1149 1114 intentionem
1175 1071 1302 1113 summo
1324 1035 1399 1118 Pon-i

287 1150 369 1216 tifici
400 1151 588 1234 expressius
619 1149 848 1212 manifestans·
892 1148 959 1229 Qui
982 1147 1109 1212 litteras
1134 1149 1224 1211 misit
1246 1146 1399 1226 universio

288 1269 386 1312 cruce
403 1249 541 1332 signatis
556 1247 738 1310 districtius
754 1245 943 1332 prohibens,
969 1269 1011 1310 ne
1026 1256 1130 1310 terras
1147 1244 1399 1318 Christianorum}

289 1346 483 1410 infestarent
505 1355 539 1409 et
554 1346 749 1409 nominatim
766 1344 923 1410 Jaderam
949 1365 1050 1430 quam
1073 1366 1133 1408 rex
1150 1344 1316 1427 Ungariae
1338 1335 1399 1430 posi

288 1442 427 1525 sidebat,
459 1445 516 1529 qui
540 1443 691 1508 similiter
722 1453 792 1506 erat
815 1444 1080 1526 crucesignatum
1111 1441 1259 1527 alioquin
1291 1439 1399 1505 scirent

289 1564 324 1606 se
348 1542 567 1606 anathematis
600 1540 734 1605 vinculo
759 1540 943 1606 innodatos.
990 1541 1035 1604 Et
1057 1538 1145 1604 hane
1179 1539 1394 1604 inhibitionem

289 1650 323 1706 et
345 1641 722 1705 excommunicationem
748 1639 828 1702 fecit
859 1639 905 1702 eis
935 1660 995 1723 per
1016 1637 1173 1701 abbatem
1197 1637 1238 1701 dc
1262 1635 1394 1701 Locedro

291 1740 412 1802 certius
445 1740 601 1803 intimari.
650 1736 799 1801 Marchio
832 1757 910 1799 vero
936 1736 1185 1816 Montisferrati,
1218 1737 1275 1820 qui
1307 1735 1399 1822 iuerat}

290 1859 389 1922 super
419 1837 482 1901 hoc
505 1861 525 1901 a
548 1837 694 1900 Domino
719 1836 811 1920 Papa
842 1836 922 1898 viva
946 1856 1028 1898 voce
1053 1833 1249 1920 prohibitus,
1282 1853 1315 1895 se
1337 1833 1399 1924 pru-i

290 1934 407 1998 denter
429 1933 617 2015 absentans,
650 1956 716 1998 non
741 1933 900 2018 processit
923 1953 999 1996 cum
1023 1931 1087 1996 illis
1110 1931 1153 1995 ad
1177 1930 1334 1995 Jaderam
1356 1931 1399 2010 exi

290 2032 537 2118 pugnandam.“
563 2071 606 2080 —
631 2033 682 2096 De
707 2032 1051 2095 excommunicatione
1076 2031 1124 2093 eis
1148 2031 1301 2092 intimata
1317 2025 1399 2110 Iuno-i

291 2131 419 2194 centius
444 2132 477 2195 in
500 2128 618 2194 litteris
642 2131 752 2193 citatis
776 2131 899 2215 pariter
921 2128 1077 2213 loquitur.
1398 2160 1399 2198 i

261 2295 274 2322 ⁰
381 2273 433 2337 86.
464 2272 689 2337 Nihilominus
712 2270 824 2335 classis
848 2272 1093 2355 crucigerorum
1118 2270 1171 2334 die
1196 2269 1234 2333 8⁰
1251 2255 1399 2336 Octobrisl

292 2370 393 2435 Vitali
411 2370 575 2435 Dandolo
590 2372 684 2450 duee,
710 2369 785 2433 vela
809 2369 911 2450 dedit,
936 2378 973 2432 ut
997 2369 1141 2452 primum
1166 2363 1399 2453 expeditionem

291 2479 405 2532 contre
419 2469 577 2535 dederam
603 2469 767 2548 facerent3
793 2487 933 2552 eamque
957 2467 1127 2529 civitatem
1144 2465 1238 2528 brevi
1264 2473 1334 2549 post
1357 2455 1399 2523 diei

291 2567 351 2631 24⁰
374 2567 573 2631 Novembris
597 2567 675 2631 anni
703 2565 788 2629 1202
819 2585 885 2627 non
916 2565 987 2627 sine
1010 2565 1112 2627 variis
1137 2562 1280 2626 militum
1306 2555 1399 2623 exeesl

291 2663 383 2729 sibus
414 2674 700 2750 expugnaverunt.
748 2663 828 2727 Dux
852 2672 962 2726 autem
995 2681 1104 2724 muros
1130 2661 1313 2724 maritimos
1335 2655 1399 2719 civi*

291 2765 367 2826 tatis
391 2761 515 2826 destrui
547 2763 643 2843 lecit,
676 2762 789 2847 ibique
813 2760 959 2824 hiemare
985 2761 1163 2824 constituit.
1214 2747 1399 2840 „Adscribitl

291 2863 338 2924 ait
362 2860 564 2945 Raynaldus,
595 2861 846 2926 Jadertinorum
878 2858 1049 2922 excidium
1073 2856 1219 2920 Thomas
1252 2849 1399 2918 archidial

292 2981 394 3022 conus
419 2957 609 3044 Spoletinus
646 2959 695 3046 (in
729 2956 805 3022 hist.
836 2979 999 3022 manuscr.
1039 2965 1105 3020 vet.
1138 2956 1232 3019 Pont.
1265 2923 1399 3032 Salonitl

292 3057 427 3122 divinae
460 3056 577 3121 ultioni
611 3057 767 3142 plectenti
802 3056 950 3138 ingentia
983 3054 1233 3119 Jadertinorum
1266 3042 1399 3128 crimina}

291 3177 367 3220 cum
406 3166 536 3240 praeter
570 3155 790 3239 grassationes
823 3154 979 3237 piraticas
1015 3153 1048 3215 in
1083 3151 1229 3214 Venetos
1268 3133 1399 3212 exerceri

292 3250 404 3316 solitas
428 3262 460 3316 et
483 3253 548 3316 elia
572 3253 725 3338 profusae
749 3249 902 3314 luxuriae
926 3251 1062 3334 flagitia,
1100 3251 1199 3312 etiam
1230 3235 1399 3310 haereticos*

293 3350 516 3430 llanichaeos,
556 3358 746 3435 contempta
782 3347 847 3412 fide
880 3346 1054 3427 catholica,
1093 3347 1262 3410 soverent:
1303 3349 1399 3428 exorta

292 3471 370 3512 vero
405 3449 566 3512 divinitus
590 3457 692 3533 peste,
723 3446 869 3530 forisque
900 3444 943 3508 ab
967 3444 1059 3508 hoste
1084 3446 1198 3529 pressi,
1234 3429 1399 3526 expugnati

292 3556 370 3611 sunt
393 3549 519 3632 impetu
543 3569 562 3609 a
587 3545 723 3607 Venetis
758 3541 811 3605 die
836 3565 859 3606 s.
887 3541 1082 3627 Chrysogno
1107 3561 1215 3621 sacro,
1247 3540 1304 3625 qni
1327 3525 1399 3620 apud

293 3667 348 3710 eos
373 3643 605 3709 celeberrimus
628 3641 837 3722 habetur.“²)

383 3779 435 3842 87.
461 3777 676 3841 Innocentius
691 3776 744 3839 III
767 3796 868 3859 quum
886 3774 1100 3859 comperisset
1115 3793 1200 3858 qnae
1216 3769 1399 3850 acciderant

293 3875 405 3940 dolore
429 3885 462 3940 et
484 3875 713 3958 indignatione
736 3872 951 3936 vehementer
968 3881 1150 3934 commotus
1167 3880 1225 3949 est,
1250 3889 1290 3932 ao
1307 3863 1399 3936 mense]

298 4041 505 4048 ————-

369 4123 389 4192 ¹)
409 4123 477 4190 Epp.
497 4122 528 4179 L.
547 4122 580 4176 V.
600 4137 640 4189 ep.
663 4119 723 4178 161.

368 4201 391 4272 ²)
410 4202 542 4270 Reynuld.
562 4217 587 4258 a.
609 4201 685 4256 1203.
704 4216 732 4256 n.
751 4201 777 4256 4.
