2916 4842
360 462 401 517 De
418 461 573 517 haeresibus
591 471 621 517 et
638 461 838 516 controversiis.
1123 460 1159 516 et

58 605 227 670 venalibus
250 605 419 684 scriberet,
444 605 583 670 delinire
606 628 672 670 non
688 615 923 692 praesumeret,
949 604 1079 669 dicens:
1103 603 1160 668 Al·

55 706 190 768 Momm
214 706 298 768 enim
333 714 379 768 est
412 705 591 794 hujusmodi
612 705 809 788 neeotium.¹)
855 701 966 767 Medio
998 724 1081 767 aevo
1104 725 1159 766 eu·

53 811 105 864 tem
126 799 211 866 haec
235 804 459 866 controversia
482 822 521 866 eo
546 803 679 887 majoris
704 802 862 866 momenti
894 801 967 883 fuit,
996 801 1085 887 quod
1108 822 1160 864 res

52 897 170 963 divinas
185 899 329 963 multum
346 922 387 964 ea
401 909 560 984 tangeret,
585 910 685 985 atque
709 898 896 963 errantibus
920 900 983 962 ista
1004 900 1039 963 in
1063 920 1160 985 quae-

51 998 142 1060 stione
164 1009 253 1061 eeset
283 999 467 1061 maximum
491 997 685 1083 periculum,
711 1019 752 1061 ne
777 996 818 1061 de
841 997 914 1062 Deo
947 996 1084 1083 ejusque
1116 996 1160 1060 ad

50 1097 231 1160 universum
256 1094 424 1178 relatione,
442 1095 494 1160 vel
510 1095 551 1160 de
568 1097 779 1160 sanctissima
799 1095 963 1160 Trinitate
986 1116 1161 1182 perperam

50 1191 136 1276 plane
158 1194 331 1259 sentirent.
490 1202 493 1208 '

127 1346 202 1410 111.
251 1343 298 1408 Ut
320 1345 406 1408 varii
430 1356 569 1409 eventus
593 1347 651 1431 qui
676 1347 710 1409 in
734 1345 1048 1410 haccontrouersia
1079 1343 1160 1408 obti·
1178 1351 1320 1395 nomines.

48 1452 155 1522 gerunt
178 1440 299 1506 melius
323 1440 563 1526 intelligentem
583 1441 719 1527 juvabit
743 1441 820 1506 inde
843 1441 887 1506 eb
900 1444 994 1508 initio
1017 1441 1160 1507 diverso·

49 1560 111 1602 rum
125 1539 295 1604 doctrines
311 1561 579 1605 commemorare.
628 1541 851 1606 Nominalinrn
863 1541 920 1605 alii
933 1540 1018 1605 duce
1030 1541 1052 1607 J
1053 1562 1160 1605 oanne

50 1635 224 1718 Roscellino
258 1637 515 1720 contendebant,
547 1638 752 1704 universalia
784 1662 845 1704 nec
869 1661 939 1704 esse
962 1638 1029 1703 ullo
1061 1638 1159 1703 modo

49 1735 204 1818 iurabas,
235 1757 297 1799 nec
321 1737 469 1821 concipi;
501 1757 623 1820 genera
654 1760 694 1802 ac
718 1739 847 1824 species
879 1746 1057 1824 conceptus
1089 1758 1160 1801 esse

50 1832 239 1915 collectivus,
263 1827 466 1898 universalia
489 1855 568 1898 vero
592 1834 756 1899 vocabula
774 1834 1023 1900 individuorum
1046 1834 1159 1922 collec-

49 1931 142 1995 tiones
166 1930 342 1996 indefinite
366 1941 398 1996 et
414 1932 550 1997 confuse
575 1933 773 2017 significare,
798 1935 877 1998 acsi
893 1933 974 2020 quid
990 1943 1161 2018 praeterea

51 2027 148 2092 dicere
166 2029 372 2113 viderentur,
397 2031 431 2092 in
449 2051 486 2093 eo
509 2051 615 2094 meres
629 2052 728 2095 voces
744 2053 825 2116 esse,
851 2054 908 2096 seu
923 2031 1038 2095 flatum
1056 2033 1158 2098 vocis.

51 2161 83 2172 -
103 2126 171 2192 Alii
196 2148 277 2191 vero
293 2126 531 2208 Nominalium,
547 2127 729 2192 Abaelardi
752 2131 950 2192 sententiam
966 2131 1080 2210 secuti,
1106 2151 1160 2192 ex-

52 2223 241 2305 istimabant,
266 2245 332 2288 non
357 2245 456 2288 voces
480 2223 584 2289 solum
609 2225 813 2291 universales
842 2225 900 2290 sed
924 2238 957 2290 et
980 2224 1159 2313 cbneeptus

53 2317 163 2405 haberi,
200 2324 258 2408 qui
291 2333 403 2386 tamen
434 2331 613 2409 conceptus
644 2345 733 2388 mere
766 2323 943 2410 subjectivi
979 2332 1088 2388 essent
1120 2346 1161 2388 ac

51 2421 155 2484 nenfis
185 2419 303 2504 foetus,
338 2419 536 2484 exhibentes
568 2424 817 2486 convenientiam
848 2422 1029 2508 quamdam
1056 2445 1160 2486 rerum

48 2519 203 2582 ennean
236 2518 337 2600 idem,
380 2520 427 2582 ita
458 2527 571 2583 tamen
607 2529 645 2583 ut
679 2521 895 2585 convenientia
927 2521 1010 2586 haec
1041 2531 1073 2586 et
1095 2521 1160 2585 hoo

49 2613 143 2696 ipsum
171 2614 257 2678 iden
288 2616 324 2679 in
354 2636 421 2702 qua
454 2619 658 2683 conveniunt
691 2641 758 2683 non
790 2620 833 2682 sit
863 2643 929 2702 ree,
965 2619 1023 2684 sed
1053 2619 1159 2684 solum

49 2715 155 2776 nentis
171 2712 404 2779 consideratio.
451 2714 561 2800 Hujus
577 2718 760 2780 sententiae
775 2726 951 2782 sectatores
974 2719 1159 2804 nuncupati

49 2821 115 2873 sunt
139 2809 377 2898 Conceptrealee.

129 2965 201 3030 112.
249 2964 367 3029 Reoles
400 2964 463 3030 hoc
486 2967 621 3030 nomine
650 2969 771 3051 signati
795 2968 938 3050 luerunt,
969 2967 1058 3054 quod
1088 2970 1159 3032 uni·

49 3060 176 3126 versalia
198 3061 303 3126 realia
326 3061 572 3144 constituerent,
597 3062 781 3151 horumque
810 3065 866 3130 elii
891 3066 1069 3148 orthodoaea‘,
1101 3065 1159 3130 alii

47 3155 216 3223 heterodoxi
238 3159 498 3243 distinguuntur.
546 3160 746 3226 Heterodoee'
769 3161 947 3246 docebant,
976 3173 1099 3248 genera
1127 3174 1160 3228 et

48 3256 160 3338 speeies
183 3279 256 3321 esse
278 3267 372 3321 extra
394 3257 572 3322 individua
596 3260 813 3342 (universalia
829 3272 903 3326 onte
918 3282 993 3326 rem
1012 3272 1045 3326 et
1067 3273 1160 3327 entra

50 3355 132 3434 rem),
163 3363 265 3440 atque
295 3356 330 3419 in
365 3353 482 3420 divina
504 3366 623 3421 natura
657 3357 788 3422 realiter
817 3361 994 3441 contineri3
1026 3381 1157 3446 exque

50 3449 288 3534 concludebant,
313 3451 463 3517 divinam
487 3464 641 3519 naturam
661 3477 732 3520 esse
752 3459 900 3522 omnium
917 3480 1027 3522 rerum
1052 3481 1159 3523 essen-

50 3547 120 3610 tiam
146 3548 279 3615 realem.
327 3549 395 3614 Hic
426 3571 515 3615 error
544 3553 600 3637 qui
635 3554 694 3616 vix
718 3563 767 3618 est
799 3553 890 3619 aliud
921 3578 1021 3641 quem
1046 3577 1156 3620 merus

51 3653 199 3732 putusque
222 3645 461 3733 pantheismus,
491 3659 660 3714 auctorem
690 3650 809 3716 habuit
831 3653 962 3719 saeculo
991 3677 1077 3719 nono
1101 3654 1157 3720 Jo-

53 3761 157 3809 annem
181 3745 316 3812 Scotum
331 3745 523 3832 Erigonam,
550 3771 647 3834 quem
673 3749 802 3815 saeculo
828 3750 1024 3816 duodecimo
1048 3761 1081 3816 et
1104 3751 1157 3816 de·

53 3839 217 3908 cimetertio
248 3847 353 3909 secuti
389 3856 464 3910 sunt
497 3846 688 3912 Amalricus
723 3848 764 3913 de
797 3849 887 3914 ane
918 3850 1083 3937 (Amaury
1114 3849 1156 3914 de

54 3931 210 4022 Charites),
234 3950 267 4006 et
281 3941 395 4007 David
419 3942 461 4007 de
478 3946 609 4008 Dinant
632 3945 855 4012 ecclesiastica
879 3951 1043 4013 sententia
1067 3947 1157 4012 dam-

57 4123 245 4140 Q—

117 4239 138 4307 ¹)
152 4240 182 4297 V.
200 4241 344 4297 amsardi
364 4241 443 4312 epist
463 4245 488 4300 1.
507 4259 555 4300 seu
574 4245 715 4301 historiam
735 4247 922 4312 clamitatum
941 4263 964 4303 c.
985 4251 1010 4304 2.
