2844 4840
299 473 335 528 Sl
513 473 614 528 XXXI.
635 475 839 530 Dessabolitione
857 475 965 530 Ordinis
984 476 1207 544 Templariorum.

301 618 480 684 Sanctonia
508 619 695 684 convenire.
735 615 770 682 Si
795 629 1029 704 computantur
1045 619 1212 700 videlicet,
1236 619 1394 684 seeundum

300 737 447 802 eaquae
472 736 530 801 per
557 715 681 780 Villani
713 716 910 797 referuntur,
943 730 1101 804 tempora,
1135 717 1305 802 colligitur,
1336 739 1396 781 con·

299 827 436 878 ventum
473 812 566 877 illum
599 815 686 898 regis
718 824 750 878 et
781 813 1023 901 archiepiscopi
1059 813 1312 880 adscribendum
1341 814 1397 877 lore

298 912 393 976 alteri
422 913 504 996 parti
535 913 657 977 mensis
687 912 809 997 lllaji.¹)
856 913 933 978 Jam
964 935 1042 976 vero
1074 923 1182 976 exstat
1208 912 1398 978 Itinerurium

297 1009 443 1095 Philippi
468 1010 554 1092 regis
576 1008 847 1091 authenticum,²)
872 1033 936 1096 quo
961 1012 1109 1096 inspecto
1133 1033 1175 1076 ex
1200 1013 1330 1096 regestis
1350 1013 1398 1072 ori·

297 1108 464 1193 ginalibus
489 1105 714 1172 Cancellariae
742 1108 916 1192 colligitur,
949 1108 1143 1195 Philippum
1175 1131 1286 1174 mense
1309 1107 1399 1193 Aprili

298 1218 331 1270 et
353 1206 442 1292 blojo
467 1227 528 1270 uec
552 1208 586 1270 in
610 1204 746 1270 abbatia
779 1230 804 1272 s.
828 1207 969 1272 loannis
992 1209 1028 1272 in
1052 1206 1275 1272 Sanctonibus
1297 1229 1352 1272 nec
1374 1207 1399 1267 in

296 1307 499 1370 Pictaviensi
532 1307 694 1370 territorio
724 1306 825 1370 fuisse
849 1317 907 1370 aut
930 1328 999 1370 esse
1024 1308 1179 1392 potuisse,
1210 1327 1311 1391 quum
1340 1327 1400 1368 con·

296 1404 390 1468 tinuo
414 1403 551 1482 Parisiis
582 1402 718 1488 degerit.
764 1403 937 1468 Praeterea
960 1403 1165 1468 Bertrandus
1194 1425 1304 1468 mense
1326 1402 1401 1487 llajo

297 1501 443 1568 faciebat
481 1503 704 1566 visitationem
743 1503 935 1587 provinciae
970 1500 1214 1566 ecclesiasticae
1253 1523 1345 1582 suae,
1378 1515 1404 1562 et

297 1609 405 1666 exstat
433 1599 529 1663 diarii
563 1598 634 1684 ejus
658 1599 902 1685 compendium,
936 1601 970 1664 in
994 1623 1059 1686 quo
1093 1602 1322 1684 consignatum
1355 1611 1402 1666 est

297 1699 353 1762 nbi
386 1699 487 1761 variis
518 1697 635 1761 diebus
668 1699 789 1762 mensis
812 1697 892 1782 Maji
917 1697 1186 1784 archiepiscopus
1210 1699 1315 1763 fuerit.
1362 1698 1415 1760 Es

296 1795 348 1860 his
371 1807 481 1860 autem
506 1798 642 1879 regestis
665 1806 813 1881 apparet,
838 1794 893 1860 illo
917 1805 1073 1882 tempore,
1105 1798 1159 1861 cui
1184 1819 1226 1859 ex
1250 1795 1415 1860 chronism

295 1893 487 1958 Florentino
511 1904 695 1958 conventus
718 1893 762 1957 ad
777 1892 946 1959 abbatiam
972 1917 996 1958 s.
1013 1895 1154 1960 loannis
1176 1893 1415 1982 adscribendus}

295 2002 388 2072 esset,
413 1989 700 2076 arehiepiscopum
724 2013 854 2076 semper
884 1991 1011 2076 degisse
1035 1993 1071 2056 in
1092 1991 1224 2078 oppidis
1248 2001 1280 2055 et
1304 1991 1415 2055 cirita-l

294 2088 383 2153 tibus
407 2111 492 2174 quse
516 2088 592 2152 inde
617 2090 736 2174 viginti
760 2091 937 2174 trigintave
960 2089 1065 2154 leucis
1088 2089 1257 2154 distabant
1272 2089 1297 2169 ³)
1414 2109 1415 2144 l

133 2217 280 2258 tnadtueut
385 2204 415 2270 6.
462 2204 516 2267 Ex
551 2203 650 2268 dictis
682 2206 783 2289 igitur
815 2203 993 2289 colligitur,
1033 2217 1235 2270 conventum
1271 2204 1364 2269 illum
1392 2209 1415 2270 sl

126 2279 420 2393 'nllffsfgfl'Villani
446 2301 584 2366 relatum
615 2302 737 2367 fabulis
760 2325 830 2366 esse
853 2302 1121 2370 adscribendum.
1168 2304 1283 2368 Restat
1305 2283 1415 2367 tamen*

295 2401 453 2486 quaestio,
477 2398 607 2484 qualem
625 2399 791 2465 inflexum
808 2399 982 2487 Philippus
1004 2403 1038 2466 in
1055 2401 1248 2466 electionem
1267 2399 1415 2470 Clemens

296 2502 337 2563 tis
361 2498 523 2563 habuerit.
572 2498 765 2582 Ruynaldus
788 2501 867 2563 satis
891 2498 1009 2564 acerbe
1033 2499 1165 2564 scribit:
1200 2497 1289 2563 Certe
1316 2501 1415 2584 trrrprisl

295 2599 431 2686 alicujus
446 2597 593 2683 foederis
617 2599 699 2660 iuter·
726 2595 911 2662 Clementem
934 2608 964 2660 el
986 2619 1087 2683 regem
1110 2599 1186 2661 iniri
1208 2599 1412 2682 respiciemur

295 2697 397 2784 iujr'cit
435 2693 566 2781 effusum
603 2694 687 2758 illud
721 2705 836 2780 posteo
867 2696 902 2757 io
933 2693 1113 2781 Philippum
1146 2695 1329 2776 studium.⁴)
1376 2695 1415 2782 El

294 2795 418 2858 blansi:
445 2794 521 2856 Noa
543 2815 620 2878 nepo
645 2804 757 2870 tameo,
782 2793 837 2874 ait,
862 2791 1006 2878 Philippi
1029 2815 1137 2879 opera,
1161 2804 1191 2856 et
1205 2793 1300 2878 forte
1327 2795 1387 2856 etio
1414 2783 1415 2830 l

294 2893 450 2975 dorsariis,
479 2890 634 2955 Clemente
657 2893 767 2972 inscie,
800 2890 945 2954 inductos
973 2889 1162 2955 Cardiimler
1186 2891 1354 2976 quosdam,
1386 2817 1415 2958 llll

293 2994 394 3053 ¹viram
417 2991 497 3052 harre
518 2991 553 3052 ie
577 2989 756 3071 Pontificem
778 2989 950 3054 marimum
973 2988 1154 3072 deligerent.
1185 2988 1225 3052 Id
1247 2991 1336 3052 emim
1359 3012 1415 3058 aria

285 3087 359 3174 fere
399 3111 529 3151 acecrtsu
561 3085 707 3172 aepreeles
743 3109 847 3150 omnes
880 3088 1049 3172 sumptores
1088 3086 1306 3172 affirmet.⁵)
1354 3085 1415 3168 Seth

294 3184 473 3250 Clementis
506 3195 580 3249 acta
610 3186 733 3271 optime
756 3183 917 3270 explicari
949 3196 1095 3270 possunt,
1132 3186 1213 3270 quin
1238 3199 1342 3272 turpe
1366 3185 1413 3248 sli-

292 3283 379 3370 quod
405 3293 538 3368 paetum
563 3284 780 3367 interipsum
804 3291 837 3346 et
858 3303 969 3366 regem
984 3293 1199 3368 supponatur,
1223 3285 1395 3369 pariterqu

293 3380 488 3446 Cardinales
511 3378 639 3466 aliquos
658 3382 801 3466 pecunia
817 3390 986 3465 corruptos
1002 3380 1113 3461 fuisse,
1138 3379 1272 3466 probari
1290 3383 1392 3467 nequi

367 3621 389 3692 ¹)
402 3621 503 3675 Narrat
511 3618 623 3684 Villani,
642 3618 798 3672 convenisse
809 3617 965 3672 Cardinales
984 3625 1016 3672 ut
1028 3616 1100 3670 intra
1112 3617 1148 3669 40
1159 3614 1255 3669 diebus
1274 3630 1315 3670 ex
1330 3618 1413 3670 trihu„

290 3700 436 3770 propositis
455 3700 551 3754 electio
571 3699 654 3753 fieret.
686 3698 791 3752 Electio
809 3697 884 3752 facts
897 3704 939 3752 est
952 3697 995 3752 die
1007 3699 1039 3752 5⁰
1050 3697 1068 3752 J
1069 3695 1135 3760 unii,
1153 3695 1226 3750 unte
1239 3711 1297 3762 qua
1310 3698 1399 3751 ration

291 3781 441 3836 ordinanda
465 3785 556 3833 essent
575 3779 732 3832 nuntiorum
751 3778 804 3832 iter
822 3777 850 3832 in
870 3777 993 3842 Gelliam,
1019 3783 1167 3831 conventus
1186 3776 1262 3844 regis
1281 3784 1315 3831 et
1336 3777 1403 3832 areli

292 3860 417 3930 episcopi,
436 3859 539 3914 reditus
558 3858 721 3922 nuntiorum,
741 3857 819 3912 facile
838 3857 983 3925 colligitur.
1414 3841 1415 3930 l

364 3941 384 4004 ¹)
403 3939 513 3995 Reeueil
532 3939 578 3994 des
596 3937 743 3992 historiens
761 3939 794 3992 oe
812 3938 922 4002 Franco,
941 3943 961 3992 t.
981 3936 1054 3992 XXl.
1414 3961 1415 4014 p

365 4021 386 4087 ³)
407 4020 438 4077 V.
458 4019 562 4081 Hefele.
589 4019 622 4075 B.
642 4018 689 4076 VL
717 4017 811 4087 §sea
831 4047 865 4058 -
884 4017 1020 4081 Boutsrie,
1045 4015 1167 4094 Clemens
1185 4015 1210 4068 V
1230 4026 1283 4071 ete.
1326 4019 1415 4080 Beroe

290 4100 338 4155 des
357 4099 448 4166 Quest.
468 4099 562 4154 histor.
582 4099 615 4154 X.
631 4099 681 4154 301
696 4113 752 4165 sqq.
1414 4107 1415 4176 p

364 4184 388 4248 ⁴)
407 4179 449 4233 Ad
468 4195 492 4233 a
514 4181 590 4234 1305.
609 4195 636 4235 n.
655 4182 680 4233 ὑ.
1414 4213 1415 4224 ,

364 4261 387 4332 a)
407 4260 561 4319 Observrtt
581 4259 609 4313 in
627 4259 747 4314 Annales
765 4257 898 4326 Raynsldi
917 4256 952 4310 ad
970 4271 995 4312 a.
1014 4255 1084 4310 1305
1102 4270 1127 4308 n.
1147 4256 1172 4309 1.
