2916 4842
255 433 292 487 92
454 432 557 486 XXIII.
575 432 615 485 De
633 439 709 485 statu
728 431 828 484 Ecctes
847 430 931 498 priori
949 431 1036 485 medIo
1055 446 1123 486 saec.
1143 431 1205 486 XII
1253 487 1255 490 .

100 575 223 680 Abffffi
347 577 419 640 117.
452 575 546 656 Quae
561 597 640 639 vero
656 585 735 639 tunc
753 576 782 638 ei
800 574 924 638 accidit
938 576 1045 661 turpis
1069 574 1251 658 calamitas,
1277 576 1380 663 hujus

184 665 190 680 ’
252 673 514 760 superbiaefuit
537 673 675 736 fortasse
698 694 815 757 poena,
840 673 886 734 uti
912 671 965 735 vel
990 675 1059 757 ipse
1083 693 1262 758 agnoscere
1286 675 1379 738 vidc-

251 781 313 852 tur‚
350 771 429 836 dum
454 771 537 836 dicit
559 793 630 834 eam
656 771 864 834 occasionem
888 769 999 848 fuisse,
1034 791 1098 854 qua
1121 772 1378 857 superbissimam

250 893 306 934 neo
330 871 457 932 divinae
480 869 604 955 protiae
627 889 790 932 memorem
814 868 925 930 divina
954 870 1062 952 pratia
1094 869 1293 933 humiliatum
1317 871 1382 934 sibi

250 965 436 1030 vindicaret.
470 966 535 1046 Qui
553 977 650 1030 antea
667 965 823 1030 videlicet
847 967 1054 1029 continenter
1073 968 1205 1031 vixerat
1220 967 1379 1032 Abaelar-

252 1064 324 1146 dus,
364 1087 466 1150 quum
505 1063 644 1128 clericus
681 1076 775 1144 esset,
815 1062 893 1126 lieet
917 1065 951 1126 in
976 1063 1157 1149 majoribus
1181 1064 1378 1147 Ordinibus,

252 1171 412 1247 quantum
438 1162 581 1245 videtur,
606 1185 672 1226 non
697 1164 904 1233 constitutus,
930 1172 963 1225 et
987 1163 1038 1224 vir
1063 1163 1284 1247 qnadraginta
1308 1165 1380 1229 fere

251 1281 424 1340 annorum,
449 1262 537 1345 turpi
561 1282 672 1324 amore
699 1270 814 1345 captus
840 1259 1055 1322 cstHelo'r'sae
1079 1260 1200 1324 nobilis
1225 1263 1379 1345 virginis.

252 1357 400 1421 Fnlberti
426 1360 576 1422 canonici
602 1358 741 1442 insignis
765 1356 924 1420 ecclesiae
939 1357 1134 1420 ParisIensis
1159 1357 1241 1422 haec
1266 1363 1380 1445 neptis
1455 1409 1456 1422 ,

252 1465 331 1535 erat,
346 1456 453 1519 forma
468 1467 649 1542 praestans,
668 1455 818 1519 doctrina
834 1455 1061 1540 praestantior.
1086 1455 1172 1518 Nam
1188 1479 1247 1541 qao
1263 1456 1381 1521 bonam
1455 1453 1456 1456 '

251 1553 306 1616 lzoc
330 1553 539 1617 litteratoriae
563 1554 679 1618 seilicet
703 1555 852 1618 scientiae
877 1555 910 1616 ln
926 1551 1110 1616 mulieribus
1129 1563 1174 1616 est
1196 1557 1314 1634 rarius,
1343 1580 1379 1620 eo

252 1651 390 1736 amplius
411 1651 552 1737 puellam
576 1651 821 1730 commendabat,
847 1663 875 1714 et
899 1653 933 1714 ia
958 1661 1020 1712 toto
1044 1674 1138 1736 capno
1162 1650 1379 1716 aorninotissl-

251 1771 335 1812 mam
348 1747 477 1833 fecerat
500 1751 565 1838 (ep.
584 1754 622 1830 1).
662 1749 879 1814 Occasionem
905 1757 1015 1811 autem
1039 1750 1380 1834 quaesivitAbaelar-
1455 1741 1456 1746 ἵ

253 1845 324 1928 dus,
359 1857 395 1910 ut
423 1847 512 1912 illam
547 1849 705 1912 feminam
734 1847 797 1912 sibi
823 1847 1003 1910 domestica
1028 1857 1060 1910 et
1083 1847 1276 1932 quotidiana
1301 1871 1380 1914 eon·
1455 1907 1456 1932 2

252 1945 439 2008 versatione
463 1945 660 2010 familiarem
685 1939 848 2009 efficeres*
887 1945 967 2027 Egit
990 1945 1090 2027 igitur
1114 1967 1188 2008 cum
1205 1945 1378 2028 Fnibert0,
1455 1939 1456 2024 i

252 2049 289 2104 ut
323 2043 356 2106 in
389 2043 523 2107 domum
562 2065 655 2108 suam
686 2043 806 2108 scholis
846 2045 1032 2128 proximam
1064 2041 1124 2106 sub
1166 2065 1379 2130 quocumque
1455 2035 1456 2070 ³

252 2142 493 2223 procurationis
521 2143 625 2226 pretio
658 2163 732 2205 eum
769 2143 968 2225 susciperet,
1009 2163 1050 2204 ne
1081 2133 1262 2204 domestica
1295 2165 1380 2206 eura

252 2239 362 2322 ipsum
386 2261 406 2302 a
430 2239 548 2328 studiis
571 2240 761 2324 impediret,
792 2251 891 2325 atque
916 2238 1051 2302 modum
1075 2240 1229 2322 expensis
1252 2260 1379 2324 ponere

253 2346 371 2420 posset.
419 2335 549 2400 Annuit
579 2337 755 2401 Fulbertus
796 2348 828 2400 et
868 2335 987 2400 stolida
1027 2334 1238 2420 simplicitate
1274 2339 1380 2402 etiam

253 2435 399 2498 maxime
414 2437 541 2515 institit,
569 2445 604 2498 ut
620 2445 752 2520 neptem
771 2434 955 2499 subsecivis
979 2433 1069 2498 boris
1086 2436 1119 2497 in
1137 2433 1381 2520 philosophicis

253 2541 286 2594 ot
315 2531 509 2596 liberalibus
539 2532 724 2618 disciplinis
748 2533 886 2597 ulterius
910 2532 1066 2614 erudiret,
1096 2531 1181 2596 nihil
1205 2535 1382 2617 suspicans

255 2630 296 2694 de
325 2630 460 2695 bomine
484 2642 617 2717 propter
640 2641 812 2695 anteactae
830 2634 918 2728 vitae
943 2632 1182 2694 continentiam
1198 2633 1381 2715 cognitam.

255 2727 320 2793 Sed
353 2728 562 2793 Abaelardus
598 2741 676 2793 mox
709 2732 805 2794 istam
838 2729 995 2794 feminam
1028 2729 1160 2793 seduxit
1192 2738 1224 2791 et
1251 2732 1382 2794 insanis
1455 2755 1456 2758 ¹

254 2826 424 2891 amoribus
447 2827 661 2908 dementavit,
686 2850 854 2913 quumque
868 2850 903 2890 re
918 2827 1053 2890 tandem
1070 2837 1144 2912 post
1159 2849 1272 2892 omnes
1296 2827 1382 2892 alios

255 2923 413 2988 Fulberto
447 2928 682 3008 innotescente,
720 2949 737 2989 e
769 2926 866 2989 domo
899 2926 1023 3010 ejectus
1053 2934 1152 3005 esset,v
1184 2924 1277 2989 brevi
1304 2937 1382 3010 post
1455 2917 1456 2922 ἵ

255 3019 346 3084 illam
362 3044 379 3084 e
397 3023 492 3086 domo
509 3023 666 3087 avunculi
688 3024 800 3088 furtim
827 3023 953 3088 eduxit.
987 3021 1056 3101 Sub
1082 3022 1198 3087 habitu
1223 3024 1381 3088 monialis

255 3141 328 3183 eam
352 3130 432 3184 tunc
457 3123 491 3184 iu
515 3121 725 3186 Britanniam
749 3123 839 3186 misit
862 3120 1071 3186 Abaelardus
1104 3121 1146 3184 ad
1172 3143 1265 3184 suam
1290 3144 1380 3186 soro·

254 3239 334 3300 rem,
360 3217 418 3282 ubi
442 3229 539 3283 natus
562 3229 611 3284 est
634 3219 720 3284 filius
744 3242 843 3306 quem
867 3219 1081 3283 Astrolabum
1106 3218 1272 3283 dixerunt.
1299 3219 1383 3283 Post

254 3315 347 3398 haee,
372 3325 409 3379 ut
421 3316 616 3382 Fulbertum
639 3317 867 3382 reconciliaret
879 3315 1097 3398 Abselardus‚
1122 3317 1292 3380 Helo'r'sam
1317 3317 1381 3382 Pa·

254 3415 350 3478 risios
378 3437 544 3479 reversam
577 3425 701 3480 secreto
727 3417 936 3481 matrimonio
967 3415 1030 3479 sibi
1050 3415 1174 3501 junxit.
1223 3416 1380 3492 Parisios,

255 3513 371 3577 scribit
401 3515 471 3599 ipse
494 3513 713 3600 Abaeiardus,
746 3513 861 3578 occalte
885 3516 1079 3592 revertimur,
1112 3525 1142 3577 et
1160 3524 1236 3598 post
1252 3536 1381 3598 paucos

255 3613 340 3691 dies,
373 3623 462 3677 nocte
489 3615 616 3677 secretis
653 3614 832 3677 orationum
861 3611 981 3698 cipiliis
1011 3613 1045 3676 ln
1077 3611 1216 3696 quodam
1247 3611 1380 3676 ecclesio

254 3896 391 3951 Ecclesiae
409 3895 607 3951 detractoribus
625 3896 668 3950 vir
686 3895 765 3950 valde
784 3901 910 3963 acceptus
935 3901 992 3964 est;
1020 3895 1084 3950 dam
1112 3894 1169 3963 ejas
1188 3893 1329 3964 Ingenium
1348 3895 1380 3949 li-

257 3976 345 4031 berius
364 3976 538 4031 vehementer
555 3976 698 4043 extollunt,
723 3976 817 4030 tristia
835 3977 920 4044 ipsius
938 3975 999 4030 fata
1017 3976 1121 4045 ptetate
1146 3974 1241 4029 fucata
1269 3975 1378 4041 deflent,

255 4065 283 4112 et
304 4057 445 4112 Abaelardi
471 4057 639 4111 adversarios
658 4066 690 4110 ut
708 4056 828 4111 homines
847 4056 981 4110 fanaticos
1001 4061 1029 4110 et
1048 4057 1127 4110 duros
1146 4060 1269 4122 carpunt.
1306 4055 1379 4110 Hice

255 4137 342 4191 vitam
361 4137 414 4192 viri
433 4137 553 4191 breviter
571 4137 617 4190 sed
637 4141 763 4190 accurate
781 4151 913 4205 exponere
932 4135 1112 4191 necessarium
1131 4142 1180 4190 est.
