2916 4842
347 509 351 520 Ι
392 435 431 488 De
450 433 605 488 haeresibus
624 444 652 490 et
671 437 870 490 controversiis.
1157 437 1193 490 93

88 577 243 654 celebratis,
277 577 392 640 ibidem
416 601 533 642 stimmo
558 603 657 656 mane,
683 581 836 644 ornacula
861 585 927 668 ejas
952 591 1044 664 atquo
1068 579 1191 665 quibas·

88 673 147 736 dom
177 678 292 738 nostris
323 675 372 738 cel
402 678 504 762 ipsias
535 678 645 740 amicis
669 679 897 756 assistentibus,
931 677 1073 764 nuptiali
1103 677 1191 740 bons·

86 771 206 836 dictione
235 773 507 860 confoederamur.
525 773 549 861 1)
609 773 665 838 Sic
696 775 737 838 de
766 774 948 860 Abaelardi
980 776 1191 838 matrimonio

86 869 195 934 nullum
220 881 270 934 est
293 869 443 936 dubium.

161 987 233 1050 118.
266 985 450 1052 Obstitcrat
473 987 552 1052 huic
576 990 786 1054 matrimonio
811 987 951 1052 multum
966 989 1039 1073 ipsa
1064 986 1191 1070 mulier,

85 1105 114 1146 eo
135 1083 220 1170 qnod
243 1084 406 1165 fortunae,
430 1085 555 1171 gloriae
579 1096 611 1150 et
635 1086 753 1151 studiis
777 1086 958 1152 Abaelardi
983 1085 1061 1149 inde
1085 1084 1191 1149 obsta·

84 1179 145 1244 cula
166 1185 397 1268 provenirent,
430 1205 557 1248 summo
582 1184 691 1248 studio
716 1185 794 1249 dein
819 1187 952 1270 nuptias
976 1185 1054 1248 istas
1078 1182 1190 1248 studu·
1273 1175 1276 1186 ’

83 1291 164 1342 erunt
192 1279 309 1362 celare,
341 1283 407 1345 imo
431 1281 566 1346 Helo'isa
591 1305 647 1346 eas
669 1282 774 1348 factas
802 1305 871 1347 csse
901 1280 1011 1368 palam
1038 1278 1191 1364 negabat.

83 1377 136 1440 Sed
158 1377 335 1444 Fulbertus
360 1381 605 1443 matrimonium
631 1379 694 1443 hoc
719 1379 869 1466 pluribus
893 1379 1127 1459 manifestavit,
1158 1387 1191 1442 et
1275 1379 1283 1394 ‘

84 1487 198 1572 neptem
238 1476 281 1540 ob
321 1487 457 1559 negatas
495 1478 628 1561 nuptias
663 1476 787 1542 crebris
823 1478 934 1541 affecit
971 1475 1189 1541 contumeliis.

83 1571 204 1658 Propter
235 1573 297 1637 hoc
329 1597 369 1638 ac
401 1574 483 1638 forte
514 1577 623 1655 etiam,
660 1586 695 1640 ut
719 1575 857 1639 dicteria
881 1575 915 1638 in
939 1577 1047 1660 ipsum
1072 1573 1191 1637 melius
1261 1585 1264 1594 ’

83 1671 234 1756 effugeret,
272 1671 482 1737 Abselardus
510 1672 680 1737 Helo'isam
719 1675 901 1738 transmisit
938 1671 980 1734 ad
1019 1671 1190 1736 abbatiam

83 1770 245 1853 qnamdam
270 1770 465 1834 monialium
490 1792 592 1856 prope
611 1771 765 1852 Parisios,
790 1770 1029 1854 Argenteolum
1054 1768 1188 1851 dictam,

83 1865 128 1930 nbi
143 1867 196 1932 illa
212 1868 289 1932 olim
316 1868 456 1932 educata
479 1868 587 1932 iuerat
610 1877 709 1954 atqua
733 1868 872 1949 erudita,
898 1889 1038 1952 eamque
1062 1866 1109 1931 ibi
1133 1867 1189 1931 lra-

82 1965 140 2028 bitu
162 1965 366 2045 monialium,
391 1975 531 2051 excepto
548 1965 632 2048 velo,
657 1966 752 2030 indui
776 1967 865 2030 iecit.
898 1965 997 2030 Unde
1012 1965 1189 2029 Fulbertus

81 2064 200 2149 ejusque
225 2065 402 2149 propinqui
428 2065 555 2150 opinati
579 2073 665 2146 sunt,
691 2087 725 2128 se
749 2063 792 2128 ab
809 2063 999 2128 Abaelardo
1023 2083 1094 2127 essa
1119 2063 1188 2126 illu-

81 2183 131 2241 sos,
154 2161 310 2247 illumque
334 2164 382 2226 sic
405 2184 440 2226 se
462 2162 561 2226 facile
578 2163 735 2248 expedire
751 2185 771 2226 a
787 2161 926 2226 muliere
939 2161 1075 2226 moniali
1088 2161 1187 2226 iacta.

82 2257 253 2324 Vindictam
291 2261 441 2324 meditati
474 2263 645 2339 miserunt,
677 2262 733 2346 qui
766 2269 918 2345 corrupto
942 2259 1066 2323 famulo
1092 2269 1188 2323 nocte

81 2356 243 2422 lbsslardi
276 2359 470 2423 dormientis
501 2357 692 2422 cubiculum
717 2359 866 2441 ingressi,
900 2379 975 2420 aum
1004 2357 1131 2421 crudeli
1156 2366 1190 2421 et

79 2455 301 2520 contumeliosa
333 2457 539 2520 ructilatione
575 2457 767 2521 affecerunt.
823 2455 947 2538 Magna
978 2454 1055 2518 inde
1088 2457 1189 2519 totius

79 2553 208 2616 ciuitatis
238 2556 415 2618 commotio
449 2565 564 2617 exorta
588 2563 646 2636 est,
679 2575 782 2639 quum
806 2552 1015 2617 Abaelardus
1042 2554 1113 2638 jam
1139 2555 1185 2617 in-

80 2651 190 2734 signem
214 2651 338 2716 famam
363 2663 396 2716 et
415 2651 554 2736 gloriam
578 2662 748 2716 assecutus
772 2661 865 2716 esset.

156 2787 226 2850 119.
274 2784 483 2850 Abaelardus
516 2807 594 2849 vero
626 2786 668 2850 ob
700 2785 818 2850 inflicti
843 2771 992 2849 vulneris
1013 2783 1187 2850 infamiam

80 2881 187 2963 pudore
220 2885 374 2964 suffusus,
406 2884 516 2968 potius
545 2904 645 2968 quam
677 2882 853 2946 devotione
883 2884 1056 2966 excitatus,
1087 2892 1187 2968 atque

80 2977 136 3061 ipso
164 2979 197 3044 id
231 2990 363 3066 petente
387 2982 487 3044 etiam
511 2979 657 3062 Helo'r'sa,
692 2979 736 3044 ad
761 2982 1017 3044 monasticorum
1047 2980 1188 3046 latibula

79 3075 279 3142 claustrorum
297 3083 340 3161 (a.
360 3079 457 3160 1119)
471 3088 685 3143 secesserunt.
725 3077 785 3142 Ille
801 3081 1020 3142 monasticum
1033 3078 1186 3146 habitum

80 3173 171 3239 induit
201 3179 235 3240 in
260 3175 397 3240 abbatia
420 3199 445 3242 s.
472 3177 645 3261 Dionysii,
680 3176 763 3241 haec
787 3199 865 3240 vero
890 3178 1043 3262 quamvis
1067 3199 1185 3262 parum

81 3272 237 3338 inclinaret
280 3275 323 3338 ad
367 3277 471 3340 vitam
518 3277 751 3357 monasticam,
796 3273 988 3359 Argentsoli
1032 3273 1187 3338 monialis

81 3383 105 3430 et
131 3371 201 3436 dein
234 3374 391 3458 priorissa
422 3372 511 3437 facta
541 3383 598 3439 est.
646 3373 765 3438 Postea
796 3373 859 3437 fuit
881 3371 1050 3436 abbatissa
1074 3393 1184 3436 mona-

81 3471 153 3532 sterii
177 3469 347 3552 Paracleti,
372 3471 461 3557 quod
485 3471 695 3537 Abaelsrdus
718 3471 919 3535 fundaverat
942 3479 983 3550 et,
1009 3481 1184 3556 postquam

82 3561 117 3626 ibi
143 3565 308 3653 aliquanto
342 3579 487 3632 moratus
519 3579 584 3652 est,
623 3569 778 3634 Helo'isae
813 3569 950 3654 ejusque
984 3566 1186 3632 monialibus

81 3661 209 3728 tradidit.
239 3703 282 3713 -
313 3665 531 3748 Abaelardus,
566 3689 668 3754 quum
693 3677 766 3752 post
789 3664 950 3753 ejusmodi
974 3666 1042 3730 fata
1066 3687 1184 3728 conve-

83 3759 166 3823 nisset
187 3765 295 3848 potius
318 3766 449 3849 quietas
473 3766 696 3851 poenitentiae
721 3764 841 3829 ducere
866 3765 980 3846 vitam,
1012 3785 1100 3844 mox,
1130 3783 1185 3846 pe·-

82 3856 208 3922 tentibus
225 3860 346 3925 abbate
361 3860 492 3926 Adamo
517 3873 549 3925 et
573 3861 753 3944 monachis,
778 3860 1024 3947 philosophicas
1049 3871 1081 3924 et
1095 3859 1183 3923 theo·

83 3947 186 4035 logicas
208 3956 400 4044 disciplinas
423 3958 570 4024 tradidit.
616 3959 739 4044 Ingens
770 3961 832 4024 fuit
859 3979 1016 4023 numerus
1040 3957 1186 4043 discipu-

86 4091 280 4128 ffi--N

144 4211 161 4282 ¹)
179 4213 262 4283 Epist.
282 4220 307 4271 1.
