2832 4844
296 459 314 514 8
569 456 655 512 ΧΧΧ.
675 457 715 511 De
734 456 900 512 Pontifioetu
918 455 1052 512 Bonifatii
1071 455 1150 512 VIII.

296 599 492 686 pontificatu
524 602 669 686 cogitare
697 601 816 686 coepit.
863 600 1139 667 Doctissimornm
1172 601 1310 666 virerum
1333 619 1403 662 con-

296 697 370 762 silia
398 719 437 762 sc
466 696 700 762 nonnullorum
732 700 912 785 praecipue
944 695 1184 778 Cardinalium,
1216 697 1276 764 hec
1304 696 1342 762 de
1373 717 1403 759 re

296 794 501 882 exploravit3
526 796 612 860 inter
631 795 712 862 aiios
728 807 839 862 autem
856 797 955 862 etiam
973 796 1194 862 Benedictum
1209 795 1403 882 Cejetsnnm.

129 885 376 990 Cffebfgssssflfl‘qjuris
400 896 553 958 canonici
569 896 826 992 peritissimum,
852 893 1028 960 consuluit.
1076 893 1320 980 Veriaqnidem
1347 913 1405 955 me-

296 993 351 1057 dia
375 991 600 1060 adhibuerunt
617 991 754 1058 Carolus
776 1015 838 1058 rex
853 991 986 1079 aliique,
1011 1001 1048 1056 ut
1063 991 1306 1058 abdicationem
1330 990 1406 1054 Pon-

294 1089 393 1154 tificis
417 1089 627 1175 impedirent,
652 1099 684 1155 et
709 1088 904 1156 Cardinales
926 1092 1000 1176 ipsi,
1025 1111 1128 1176 quum
1152 1112 1265 1154 eorum
1288 1099 1407 1154 senten·

295 1189 375 1252 tiam
410 1186 615 1252 Caelestinus
646 1189 805 1273 petiisset,
836 1187 957 1253 hortati
991 1197 1076 1271 sunt,
1112 1197 1149 1252 ut
1178 1197 1350 1254 coneretur
1378 1188 1406 1249 in

295 1308 430 1352 munere
446 1286 591 1370 gerendo
616 1308 835 1371 perseverare,
860 1286 1071 1373 dimissisque
1095 1285 1170 1352 eliis
1194 1307 1270 1350 cum
1293 1283 1406 1348 fiducie

295 1405 408 1450 eorum
431 1383 532 1448 vellet
564 1383 711 1448 consiliis
735 1385 794 1448 uti.
841 1384 889 1448 Re
913 1393 1025 1450 tamen
1056 1383 1197 1450 multum
1231 1385 1352 1468 agitata
1381 1396 1407 1442 ct

295 1481 454 1546 ventilata
477 1483 749 1568 augustissimum
773 1504 866 1563 onus,
890 1481 948 1546 sed
972 1483 1036 1568 ipsi
1059 1481 1313 1561 intolerandum,
1338 1479 1408 1542 Coe·

294 1581 432 1645 lestinus
456 1581 489 1642 V
514 1589 669 1644 excutere
700 1579 858 1646 decrevit
912 1578 1190 1646 Constitutionem
1219 1581 1320 1664 igitur
1350 1577 1408 1640 edi·

295 1679 353 1758 dit,
378 1701 443 1764 qus
460 1677 622 1758 definivit,
646 1678 844 1744 Pontificem
860 1699 956 1764 posse
980 1701 1014 1744 se
1038 1677 1196 1744 abdicere
1211 1676 1408 1762 pontificatu

294 1787 326 1842 et
350 1777 532 1842 secundum
556 1776 645 1840 hunc
669 1778 775 1864 ipsam
800 1774 1079 1842 Constitutionem
1110 1777 1165 1842 die
1197 1777 1254 1842 13⁰
1279 1775 1408 1840 Decem·

294 1875 362 1940 bris
385 1869 414 1941 a.
442 1876 527 1940 1294
561 1876 595 1940 in
621 1871 823 1940 Consistario
847 1885 965 1959 sponte
988 1873 1219 1960 pontificatum
1253 1873 1409 1958 deposuit.

382 1975 411 2040 9.
444 1975 519 2038 Post
542 1973 722 2062 lrnjnsnserli
745 1973 913 2038 cessionem
936 1973 988 2036 die
1011 1973 1187 2054 undecima,
1217 1971 1333 2058 cipilia
1362 1969 1408 2034 sci·

293 2071 364 2138 licet
388 2071 509 2138 tentalis
524 2073 664 2148 Domini,
690 2094 769 2156 qnae
792 2069 929 2136 labentis
952 2082 1025 2136 tense
1040 2071 1199 2136 millesimi
1214 2069 1411 2136 ducentesimi

292 2171 488 2254 nonapesimi
510 2171 617 2254 qetarti
632 2171 711 2234 anni
729 2169 839 2234 allisam
852 2169 1037 2250 decurrebat
1053 2171 1115 2250 die,
1128 2171 1318 2258 Bonifatius
1333 2167 1412 2235 i'lli.

132 2280 219 2320 Eleon
233 2281 275 2319 1³0·
293 2279 366 2332 tnnc
388 2269 577 2332 Benedictis
605 2265 777 2350 Caietaans
803 2270 939 2347 nemine,
970 2268 1139 2354 Anepsiae
1162 2280 1260 2348 artas,
1281 2267 1408 2354 propias·

125 2341 205 2382 Μ’
220 2343 457 2456 mmmmm
480 2342 650 2452 utriusque
670 2366 831 2443 scientiae,
861 2365 1005 2451 incipique
1028 2367 1064 2430 in
1086 2365 1155 2432 illis
1177 2367 1335 2446 enei-dni,
1366 2365 1412 2426 dnss

291 2475 418 2550 alaeque
442 2466 668 2550 experientiae,
698 2465 734 2527 in
758 2465 922 2528 Romanae
945 2462 1105 2528 Ecclesiae
1136 2465 1277 2528 mee-ilas
1301 2475 1410 2528 uetera·

291 2587 361 2641 nus,
385 2563 515 2626 cardine
539 2553 636 2626 etiam*
656 2563 801 2647 insipnis,
825 2563 861 2624 in
883 2585 1033 2628 summam
1057 2561 1236 2646 Pann‘yicem
1264 2561 1411 2624 scrutinia

293 2661 526 2745 successioneque
551 2659 743 2745 elipitnr.¹)'
772 2657 879 2725 Ornet
910 2659 1003 2724 illum
1026 2659 1194 2726 simillimo
1224 2657 1336 2744 elegio
1368 2679 1411 2728 co.

292 2779 396 2824 nevus
427 2759 551 2844 pariter
586 2759 727 2843 scriptor
757 2755 946 2822 Ptolomeus
976 2757 1179 2840 Lucensis,²)
1214 2759 1271 2844 qui
1305 2757 1411 2849 sdditq

294 2857 362 2922 Hac
386 2867 483 2920 tetum
510 2855 652 2941 Neapoli
675 2867 722 2920 est
736 2855 876 2942 s'actnns,
901 2867 930 2922 et
951 2867 1118 2941 praesente
1142 2859 1237 2943 Repe.
1263 2855 1409 2921 Caelesti·

293 2977 355 3019 nus
378 2963 499 3033 sutem,
532 2952 627 3016 electa
651 2953 756 3038 Papa,
787 2950 844 3016 illa
869 2953 1013 3020 videlicet
1045 2978 1134 3039 qnam
1159 2965 1259 3040 pater
1291 2965 1410 3018 saneim

287 3051 510 3138 praedherat,
537 3051 645 3116 statim
668 3051 712 3114 ad
734 3048 827 3115 illuns
849 3052 1004 3132 introivit,
1033 3062 1063 3114 et
1086 3055 1153 3139 ejas
1170 3051 1273 3136 pedes
1297 3051 1410 3116 oscula·

292 3161 342 3214 tas
373 3147 460 3234 est.³)
523 3149 613 3228 Quot
641 3170 747 3214 annos
781 3148 934 3214 hebuerit
963 3171 1002 3214 eo
1035 3159 1182 3235 ternpore
1217 3147 1410 3236 Bonifatium

292 3246 439 3311 historici
473 3257 628 3312 accurate
659 3269 725 3312 non
757 3246 919 3321 referunt;
961 3246 1121 3332 colligunt
1154 3267 1231 3312 vero
1265 3261 1410 3312 auctores

292 3367 334 3408 ex
357 3347 458 3430 gestis
474 3343 733 3431 muneribusque
751 3346 839 3410 vitae
861 3347 1035 3412 anterioris
1060 3347 1173 3432 ipsius,
1198 3365 1275 3408 eum
1303 3357 1407 3408 natum

292 3444 393 3508 fuisse
417 3465 532 3508 versus
555 3466 680 3508 annum
701 3443 796 3526 1220,
822 3444 869 3508 ita
892 3455 929 3508 ut
953 3466 1054 3530 quum
1078 3444 1256 3529 eligeretur
1273 3443 1349 3528 jam
1372 3464 1407 3504 se

292 3543 435 3607 nectutis
464 3551 549 3606 esset
573 3541 670 3606 valde
694 3549 882 3626 provectae.
929 3540 1105 3608 Caeterum
1129 3551 1201 3606 eret
1229 3540 1352 3604 nobilis
1372 3561 1409 3604 se

291 3639 427 3704 cundum
449 3639 616 3716 saeculam,
645 3641 696 3702 air
718 3640 824 3724 utiqne
842 3639 988 3726 pendens
1019 3651 1048 3704 et
1075 3637 1218 3704 liberalis
1252 3647 1281 3700 st
1313 3633 1409 3723 mnpmi

292 3737 408 3816 animi,
443 3735 563 3802 zelator
600 3759 734 3821 magnus
767 3749 797 3808 et
829 3749 1030 3802 conservator
1054 3740 1179 3826 pinium
1211 3732 1409 3802 Manet*

366 3999 386 4070 ¹)
406 4001 499 4056 Jacob.
520 4001 723 4070 stephaneschi,
743 4001 770 4056 iu
790 4001 875 4070 praef.
895 4003 1022 4058 carminis
1041 4001 1081 4057 De
1101 4003 1166 4058 Vits
1186 4003 1344 4059 Caelestini.

363 4081 768 4154 tffsshssfficffl

365 4163 388 4232 ³)
407 4163 474 4216 Vita
494 4162 608 4218 Coelest.
627 4177 661 4218 er
680 4179 727 4218 ms.
748 4163 837 4218 Vatia.
856 4163 928 4231 apud
949 4162 1042 4219 Dsmb.
1062 4163 1091 4218 Τ.
1107 4163 1170 4218 XII.
1190 4163 1314 4220 Kritikh.
1334 4181 1356 4234 p.
1369 4163 1408 4218 ii.

363 4243 386 4310 ⁴)
405 4241 430 4296 S.
450 4242 580 4298 Antonin.
600 4241 635 4297 Η.
654 4241 686 4300 E.
705 4243 750 4298 tit.
771 4245 814 4300 90.
833 4259 855 4298 c.
874 4243 898 4298 8.
919 4243 944 4313 g.
965 4247 988 4300 l.
