2916 4842
304 445 358 499 140
460 441 561 498 xxw.
582 441 621 496 De
640 439 758 495 dissidiis
776 440 907 496 Friderici
926 443 940 496 I
958 459 1018 497 cnm
1037 444 1069 498 R.
1089 443 1274 498 Pontificibus.

304 587 389 651 varii
413 585 658 664 seducerentur,
684 607 723 648 ac
748 594 861 668 postea
884 585 1093 670 indulgentia
1106 609 1289 672 permagna
1311 589 1344 651 in
1368 609 1414 652 eos

303 693 524 750 exerceretur.
563 683 614 747 De
639 681 799 748 electione
815 681 1000 748 Alexandri
1016 682 1078 767 III,
1097 686 1144 750 uti
1163 684 1318 764 vidimus,
1335 707 1414 770 prae·

304 784 402 868 cipue
426 781 622 846 dimicatum
645 781 716 861 fuit,
749 790 783 843 et
805 779 894 865 apud
917 779 1046 867 aliquos
1069 783 1159 847 viros
1182 783 1282 846 etiam
1307 782 1414 868 probos

305 880 409 944 dubia
432 889 503 944 orta
527 878 637 959 inisse,
671 877 837 963 colligitur
860 900 901 941 ex
927 880 967 942 iis
990 901 1077 964 quae
1109 879 1225 944 scribit
1252 879 1415 944 Gerhohus

304 977 421 1044 Abbas
445 975 773 1062 Reicherspergeusis
797 977 832 1040 in
855 974 939 1040 libro
964 977 981 1040 I
1012 978 1050 1040 de
1074 979 1313 1062 inuestipatione
1336 979 1414 1042 Anti·

145 1085 281 1126 ⁰⁰²²r⁰v0r
305 1077 423 1141 christi.
441 1113 484 1122 —
506 1076 626 1139 Nostro
650 1076 685 1138 in
709 1083 855 1160 tempore,
879 1075 936 1158 ait,
960 1076 995 1138 in
1019 1077 1168 1140 Romano
1192 1074 1323 1142 ecclesia
1345 1074 1416 1140 talia

130 1149 180 1190 ’ω
189 1148 292 1253 ἔξω
305 1184 472 1267 erumpunt
496 1174 675 1252 schismata,
698 1171 810 1257 qualia
832 1195 897 1236 non
911 1183 983 1236 sunt
998 1173 1114 1237 audita
1136 1198 1191 1238 aee
1214 1177 1294 1253 uisa,
1318 1177 1352 1240 in
1365 1174 1416 1236 illa

297 1279 491 1361 praesertim
514 1271 655 1349 ecclesia,
675 1293 714 1334 ea
737 1292 796 1355 quo
816 1267 991 1334 Christiani
1014 1293 1078 1335 esse
1102 1283 1279 1358 coeperunt.
1305 1321 1363 1336 ...
1385 1273 1416 1334 ln

301 1375 440 1461 quolibet
463 1374 627 1437 schismate
651 1367 734 1455 quod
758 1368 801 1431 ad
824 1379 935 1432 nostra
958 1391 1056 1454 usque
1080 1379 1219 1456 tempora
1244 1367 1415 1434 catholicon

302 1473 444 1538 scindere
468 1467 656 1536 moliebatur
679 1466 841 1544 unitatem,
858 1465 963 1552 facile
987 1479 1057 1532 erat
1070 1469 1256 1550 discernere,
1273 1492 1417 1552 quosaam

298 1595 382 1658 pars
404 1573 439 1636 in
462 1567 647 1633 catholicam
675 1575 755 1628 esset
777 1565 951 1630 Ecclesiam
966 1553 970 1562 ’
983 1577 1012 1630 et
1036 1591 1115 1651 quae
1145 1569 1180 1632 in
1202 1569 1356 1632 haeresim
1376 1591 1415 1630 re-

297 1669 459 1756 putanda,
471 1665 677 1730 eristentibus
685 1665 834 1726 nimirum
843 1666 947 1729 causis
958 1665 1147 1751 manifestis,
1155 1689 1219 1752 pro
1232 1667 1344 1752 quibus
1353 1668 1417 1730 haec

302 1766 430 1832 cuilibet
452 1764 603 1829 catholieo
621 1763 826 1847 acceptanda,
847 1761 952 1826 altera
967 1785 1038 1826 nero
1055 1763 1252 1828 detestabilis
1269 1767 1416 1841 sanaret,

302 1867 384 1930 sicut
413 1867 447 1928 in
485 1861 680 1926 Wibertiano
719 1859 884 1944 eodemque
918 1861 1129 1940 HenricianO,
1162 1875 1192 1926 et
1221 1863 1417 1927 Burdiniano

302 1964 399 2027 etiam
421 1962 491 2047 ipso
516 1959 729 2035 Hensiciano,
760 1980 880 2022 necnon
912 1960 946 2022 ia
977 1959 1066 2022 Petri
1089 1959 1228 2025 Leonino
1263 1963 1417 2025 schismate

277 2039 464 2123 ‘adversere
483 2068 667 2143 promptum
691 2066 746 2120 est.
793 2055 837 2118 At
859 2079 942 2119 nunc
964 2058 999 2119 in
1022 2058 1185 2122 schismate
1216 2059 1254 2124 de
1278 2058 1436 2144 electione

302 2159 441 2222 Romani
465 2157 627 2239 Pontificis
652 2164 770 2230 exorta,
785 2153 869 2238 quod
879 2157 951 2241 jam
974 2175 1038 2218 non
1060 2155 1160 2219 solum
1180 2157 1303 2236 Urbem,
1320 2157 1374 2222 sed
1394 2167 1417 2218 st

301 2257 480 2318 Romanam
502 2263 598 2316 oetcat
624 2252 745 2328 Orbem,
770 2253 818 2315 ita
841 2254 1031 2316 contentiose
1046 2255 1177 2316 inuicem
1194 2267 1309 2340 partes
1326 2269 1418 2320 utrae·

299 2377 358 2438 que
382 2362 571 2428 concertant,
602 2360 751 2434 tantaque
775 2372 807 2413 se
831 2347 1031 2414 multitudine
1061 2353 1133 2416 hinc
1164 2353 1239 2416 inde
1270 2356 1436 2428 muniunt,

300 2461 345 2528 nt,
370 2473 437 2514 cum
461 2450 523 2513 duo
548 2451 612 2514 sint
635 2449 775 2512 Romani
798 2449 964 2532 Pontifices
992 2450 1071 2514 dicti
1094 2462 1125 2514 et
1147 2455 1335 2530 consecrati,
1365 2476 1417 2514 ison

291 2547 408 2632 facile,
432 2549 497 2612 nisi
520 2571 540 2610 a
552 2546 645 2610 valde
657 2546 870 2632 prudentibus
885 2549 973 2624 airis,
999 2559 1028 2610 et
1042 2549 1123 2612 nihil
1137 2551 1173 2612 in
1188 2573 1286 2613 caasa
1297 2561 1421 2636 praeter

280 2663 282 2670 ’
300 2647 465 2709 veritatem
476 2643 708 2730 quaerentibus,
733 2644 859 2708 adverti
875 2647 991 2730 possit,
1012 2649 1082 2731 quis
1104 2648 1187 2710 inter
1211 2647 1291 2712 duos
1316 2647 1420 2712 electos

299 2753 331 2806 et
353 2754 550 2807 consecratos
568 2765 632 2828 pro
653 2743 747 2827 Papa
771 2742 921 2806 catholieo
947 2745 1151 2807 assumendus
1176 2757 1206 2808 et
1229 2747 1419 2831 delipendns,

300 2843 424 2926 etquis
443 2863 505 2926 pro
529 2841 723 2903 schismatico
748 2839 909 2920 dicendus,
936 2851 992 2904 aut
1020 2841 1141 2920 saltem,
1173 2845 1242 2928 quis
1266 2865 1281 2906 e
1306 2843 1421 2907 duobus

300 2939 512 3017 sustinendus,
537 2939 664 3024 quisque
689 2939 930 3002 contemnendus
953 2941 1005 3003 sit.

389 3089 442 3154 45.
469 3087 674 3171 Gerhohum,
708 3091 862 3175 quamvis
885 3114 905 3153 a
930 3090 1053 3175 majore
1077 3101 1170 3176 parte
1195 3090 1419 3157 Cardinalium

299 3185 530 3252 Alexandrum
556 3187 697 3251 electum
722 3201 925 3271 agnosceret,
957 3190 1036 3252 satis
1066 3189 1232 3271 turbabat,
1265 3191 1356 3276 quod
1384 3191 1436 3254 ds

300 3285 388 3349 lacta
413 3295 527 3349 contra
550 3283 788 3370 Imperatorem
817 3289 1061 3372 conspiratione
1092 3287 1156 3351 illis
1188 3286 1419 3353 Cardinalibus

299 3382 530 3470 objiciebatur.
566 3381 734 3469 Duplicem
751 3395 864 3464 autem,
889 3383 1014 3465 scribit,
1039 3387 1081 3448 iis
1095 3389 1363 3472 conspirationem
1377 3385 1420 3450 cel

299 3483 550 3568 conjurationem
574 3482 735 3570 objiciunt,
767 3506 873 3564 unam,
898 3506 959 3567 qua
993 3493 1104 3547 contra
1127 3482 1302 3568 Aupustale
1327 3487 1419 3570 Impe-

297 3579 382 3641 rium
405 3579 565 3642 Friderici
588 3581 804 3666 Imperatoris,
829 3591 858 3644 et
881 3592 991 3644 contra
1015 3580 1252 3645 laudamentum
1274 3584 1309 3646 in
1333 3581 1420 3646 aerbo

298 3676 432 3739 Domini
453 3675 597 3762 sactum,
630 3679 730 3741 adhuc
764 3679 884 3742 vivente
916 3679 1009 3764 Papa
1027 3677 1190 3760 Adriano,
1219 3703 1286 3743 cum
1317 3679 1419 3744 Siculo

308 3773 468 3838 Wilhelmo
493 3786 523 3838 et
547 3775 841 3840 Mediolanensibus
872 3774 1006 3862 aliisque
1035 3778 1174 3841 inimicis
1197 3779 1330 3863 imperii
1351 3778 1419 3864 fos·

298 3871 406 3936 derati
428 3875 501 3937 sint.
550 3873 735 3952 Secundam,
757 3897 820 3960 qua
842 3885 877 3938 ut
894 3875 1018 3938 easdem
1034 3885 1143 3938 cont-ra
1159 3876 1331 3961 Imperium
1354 3899 1418 3940 con·

298 3981 407 4057 ceptae
439 3973 627 4035 inimicitias
659 3971 703 4034 ad
723 3971 822 4055 finem
855 3995 949 4058 reisque
980 3973 1172 4037 destinatum
1202 3973 1419 4058 perducerent,

298 4069 382 4132 inter
406 4093 437 4132 se
462 4071 654 4133 sacramenti
667 4070 867 4152 flnnitudine
891 4075 1109 4135 convenerint:
1141 4071 1305 4136 decedente
1330 4073 1419 4158 Papa

299 4167 447 4231 Adriano
470 4189 533 4230 non
558 4165 657 4231 alium
679 4189 712 4229 se
735 4169 770 4230 in
790 4169 913 4253 Papam
936 4166 1096 4249 electuros,
1120 4169 1186 4234 nisi
1207 4172 1263 4256 qui
1284 4169 1420 4258 ejusdem
