2916 4842
365 437 403 490 De
422 437 577 492 haeresibus
596 443 625 491 et
643 437 841 492 controversiis.
1128 438 1163 492 89

67 579 96 644 od
115 580 275 644 doctrinas
300 579 342 644 de
367 603 408 646 ss.
433 580 596 645 Trinitste
620 603 660 645 ae
688 580 729 645 de
752 582 997 646 Inearnatione.
1045 581 1163 645 Essen·
1178 583 1322 624 ⁸⁰⁸⁰0¹¹¹²¹¹⁸·

66 681 124 742 darn
147 678 259 743 docuit
282 681 383 742 trium
407 700 623 764 personarum
648 679 838 744 divinarum
863 700 934 744 esse
959 701 1085 744 merum
1109 702 1163 744 no-

63 798 130 853 nen,
152 798 217 841 non
233 798 313 840 vero
330 776 452 840 realem
471 781 585 859 (unam
601 781 702 858 reml3
727 778 889 841 unitatem
904 778 994 840 enim
1017 776 1164 862 aliquam

62 885 171 958 practer
189 895 348 960 personas
371 874 563 940 individuas
587 897 657 940 esse
682 897 805 939 meram
829 895 957 938 vocem.
1004 874 1086 939 Esse
1106 876 1163 958 igi·

61 981 101 1034 tor
127 983 188 1036 tres
217 993 386 1056 personas,
418 983 483 1038 tres
511 971 678 1038 realitates
709 972 911 1054 individuas,
944 972 987 1037 ab
1019 973 1165 1036 invicem

61 1079 210 1154 separatas
234 1071 332 1134 sicuti
366 1081 431 1135 tres
462 1069 607 1156 angelos.
654 1070 689 1136 Si
722 1069 917 1135 admittatur
945 1091 1048 1134 unum
1083 1070 1165 1156 quid

60 1165 130 1230 reale
152 1189 329 1232 commune
353 1191 410 1232 seu
436 1171 546 1232 unitas
569 1166 666 1232 realis
688 1169 859 1248 essentiae,
878 1167 951 1253 jam
967 1178 1032 1231 tres
1055 1190 1164 1253 perso·

61 1287 107 1329 nas
128 1289 190 1331 non
220 1288 317 1352 posse
341 1289 411 1332 esse
435 1277 500 1331 tres
523 1266 637 1348 reales,
669 1266 813 1352 indeque
840 1267 1008 1351 consequi,
1032 1267 1185 1330 Patrem·

60 1379 84 1424 et
96 1363 249 1449 Spiritum
266 1365 426 1430 Sanctum
450 1387 526 1429 eum
543 1364 629 1428 Filio
655 1386 724 1428 esse
748 1366 945 1431 incarnatos.
993 1364 1164 1430 Unitatem

61 1463 86 1525 in
107 1462 225 1527 divinis
249 1463 471 1547 restringebat
494 1462 537 1528 ad
561 1465 723 1527 unitatem
747 1485 805 1526 seu
830 1483 1026 1526 eonsensum
1050 1460 1164 1527 volun·

60 1563 122 1624 totis
142 1573 173 1624 et
200 1561 382 1646 perfectam
405 1561 638 1648 aequalitatem
663 1563 697 1625 in
722 1563 828 1627 tribus
850 1563 1008 1646 personis.
1056 1561 1096 1626 Ei
1121 1560 1163 1626 ab

61 1657 243 1724 adversariis
266 1663 382 1724 merito
407 1663 595 1746 oppositum
619 1661 691 1740 fuit,
726 1663 753 1724 si
784 1683 850 1724 non
874 1669 1034 1741 teneatur,
1059 1681 1164 1724 essen-

63 1757 126 1820 tiam
140 1760 307 1824 numerica
333 1783 435 1824 unam
459 1769 491 1824 et
508 1781 718 1823 communem
742 1760 776 1822 in
801 1759 906 1822 tribus
921 1759 1070 1842 personis
1094 1780 1165 1822 esse

62 1853 178 1934 realem,
203 1865 270 1920 tres
294 1858 393 1922 statui
419 1858 510 1939 deos,
536 1878 575 1921 ao
598 1856 822 1920 tritheismum
845 1859 1030 1921 necessaria
1054 1857 1165 1921 doceri

62 1956 290 2040 consequentia.

137 2087 206 2151 115.
254 2087 447 2152 Roscelinus
471 2110 500 2153 a.
525 2087 611 2152 1092
635 2089 754 2152 citatus
778 2097 827 2150 est
850 2087 892 2151 ad
914 2086 1078 2170 synodum
1105 2085 1163 2150 Su·

64 2185 276 2268 essionensem,
301 2188 335 2250 in
361 2209 436 2272 qua,
461 2186 612 2272 praeside
626 2185 789 2250 Rainaldo
814 2185 1063 2271 archiepiscopo
1080 2185 1164 2249 Rhe-

66 2283 165 2363 nensi,
194 2284 268 2368 ejus
292 2284 442 2348 doctrina
466 2285 604 2370 rejecta,
637 2286 773 2369 ipseque
796 2283 935 2347 adactus
958 2293 1008 2346 est
1031 2293 1067 2346 ut
1090 2305 1163 2346 eam

65 2393 223 2445 revocaret.
248 2420 292 2428 -
316 2381 382 2446 Sed
398 2391 512 2469 postea
526 2381 720 2447 Roscelinus
744 2383 778 2445 in
803 2381 955 2445 camdem
979 2381 1163 2445 doctrinam

64 2477 163 2541 recidit
186 2479 370 2563 declarans,
395 2503 488 2545 suam
514 2481 729 2567 ejurationem
755 2480 855 2544 fuisse
880 2489 1039 2558 coactam,
1069 2488 1102 2542 et
1132 2502 1164 2543 se

65 2595 113 2636 nou
132 2577 168 2638 od
192 2577 286 2642 uliud
302 2584 441 2668 ejurasse
465 2579 548 2664 quod
564 2579 698 2657 dicebat,
721 2581 787 2641 uisi
802 2580 878 2664 quia
901 2601 922 2641 a
930 2576 1053 2664 populo
1071 2581 1163 2642 inter·-

57 2669 102 2750 Jlo'
127 2675 297 2757 timedat.¹)
344 2677 377 2741 S.
409 2674 587 2740 Anselmus
617 2676 887 2762 archiepiscopus
916 2674 1164 2740 Cantuariensis

63 2777 126 2834 tuno
151 2773 258 2838 edidit
280 2773 402 2838 librum
438 2775 476 2838 de
502 2775 571 2858 fide
607 2775 775 2838 Trinitatis
806 2785 835 2837 ct
866 2774 904 2837 dc
939 2775 1165 2838 incarnatione

69 2867 152 2950 lirdi,
176 2871 267 2957 quod
292 2894 374 2958 opus
399 2874 568 2957 inceperat
591 2894 694 2959 quum
718 2871 828 2936 adhue
852 2881 937 2936 esset
959 2871 1064 2936 abbas
1085 2872 1165 2936 Bec-

64 2972 166 3052 censis,
195 2971 253 3035 sed
279 2973 501 3036 intermiserat
524 2973 684 3056 audiens,
716 2970 928 3036 Roscelinum
958 2972 992 3034 in
1025 2969 1164 3034 coneilio

64 3061 272 3132 Suessionensi
297 3091 440 3134 errorem
457 3091 553 3134 suum
569 3079 774 3135 retractasse.
799 3071 917 3134 Postea
933 3079 1045 3132 tamen
1061 3090 1164 3154 quum

65 3161 105 3226 ille
139 3166 179 3230 ad
219 3166 352 3232 easdem
390 3167 513 3232 rediret
549 3168 727 3249 doctrinas,
768 3166 977 3232 hortantibus
1007 3166 1164 3232 fratribus

65 3281 130 3345 opus
151 3264 233 3330 illud
256 3267 396 3352 perfecit
418 3275 451 3330 et
474 3267 508 3330 in
532 3264 701 3351 publicam
716 3265 823 3330 lucem
849 3265 963 3330 edidit.
1010 3265 1095 3328 Fata
1119 3264 1165 3328 ul-

66 3361 165 3426 teriora
186 3362 353 3429 Roscelini
378 3386 444 3428 non
467 3373 622 3429 accurate
646 3375 837 3446 noscuntur,
862 3386 938 3428 eum
962 3373 1073 3427 tamen
1091 3362 1164 3447 jam

67 3471 212 3526 senectute
240 3473 436 3547 provectum
468 3464 502 3526 in
527 3464 602 3527 sinu
626 3462 795 3527 Ecclesiae
826 3463 951 3526 vixisse
974 3461 1166 3525 Turonibus

67 3553 99 3616 ed
107 3579 129 3620 s.
139 3557 272 3624 Martini
297 3559 480 3643 ecclesiam,
505 3570 538 3624 et
560 3563 775 3625 canonicatus
799 3559 954 3624 habuisse
971 3562 1005 3623 in
1026 3557 1166 3624 ecclesia

68 3649 229 3720 Turonensi
253 3667 287 3721 et
301 3658 482 3723 Bizuntina
505 3657 655 3740 ecelesia,
681 3658 847 3741 colligitur
869 3680 911 3721 ex
924 3657 1061 3742 epistola
1074 3657 1165 3722 Petri

69 3749 225 3819 Abaelardi
249 3755 293 3822 ad
317 3757 509 3842 episcopum
526 3757 745 3820 Parisiensem
770 3766 803 3820 et
826 3778 868 3819 ex
891 3755 1057 3820 Roscelini
1082 3757 1165 3840 epis·

69 3845 122 3910 ¹⁰1⁸
140 3851 180 3916 ad
194 3853 327 3918 Petrum
344 3853 613 3936 Abaelardum.²)
650 3855 704 3919 Ex
714 3853 778 3919 illis
803 3853 948 3941 epistolis
965 3855 1165 3939 comparatis

129 4115 145 4180 ¹)
162 4119 273 4180 Anselrn.
293 4120 333 4174 De
351 4119 403 4174 fide
422 4135 443 4174 c.
464 4121 487 4175 1.

129 4213 147 4278 ¹)
163 4215 231 4274 Haeo
255 4217 372 4288 epistola
396 4217 488 4286 paucis
512 4225 576 4274 ante
601 4218 737 4272 decenniis
756 4217 863 4272 detecte
889 4221 946 4284 est;
978 4216 1119 4272 invenitur
1137 4217 1167 4272 in
