2836 4848
290 439 331 493 De
348 439 485 494 Deoretsli
505 442 559 494 Per
576 442 766 496 uermrnbilem.
1035 439 1088 492 367

23 583 38 642 is
56 579 157 645 Clsisto
178 581 282 666 filiam
304 593 445 648 nostram
474 584 691 671 Inpeburpam,
722 585 918 648 Francorum
947 585 1089 668 rapinam

21 675 134 756 domem,
162 680 327 760 dimiserit,
357 691 387 744 et
409 704 449 744 cu
473 681 543 746 alia
566 683 767 768 postmodum
798 683 989 769 superducta
1012 703 1089 767 pue·

19 799 58 838 nn
74 781 227 864 susceperit
258 790 289 842 et
314 780 468 866 puellam,
502 791 532 844 et
556 791 588 844 tu
615 781 761 845 similiter
790 780 919 844 exclusa
950 779 1089 865 lepitimo

16 875 192 958 apadnaeeris
215 877 325 955 oliam,
359 901 400 940 cae
422 901 485 963 qao
498 877 590 963 filios
614 881 789 965 suscepisti,
820 880 900 942 sicut
923 901 991 942 cum
1004 877 1090 961 filiis

17 975 67 1054 repis
85 974 218 1059 ejusdem,
250 978 295 1039 sic
318 999 386 1040 cam
416 979 479 1040 tuis
502 977 687 1041 credebatur
718 978 756 1040 de
779 977 972 1064 benipnitotc
997 974 1090 1040 Sedis

15 1069 170 1154 Apostolicoe
193 1073 460 1160 dispensandum:
476 1078 672 1164 praesertim
695 1098 788 1161 quum
803 1079 906 1164 major
928 1074 965 1136 id
987 1095 1088 1136 neces·

14 1167 64 1228 itas
82 1170 225 1249 suaderet,
250 1183 280 1234 et
302 1181 337 1235 tu
358 1172 450 1237 nobis
472 1174 643 1259 specialius
667 1176 711 1237 sis
726 1173 891 1262 subjectus.
917 1209 958 1218 -
983 1169 1090 1256 Major

14 1269 147 1332 necessitas
169 1269 249 1333 inde
273 1269 487 1355 probabatur,
518 1271 607 1358 quod
630 1271 806 1357 Philippus
824 1271 894 1357 jem
920 1268 1091 1334 habuisset

14 1359 84 1426 filiun
103 1364 284 1448 haeredem,
302 1367 492 1433 Willelmus
516 1391 581 1434 non
607 1370 745 1435 haberet
767 1368 851 1433 filios
876 1389 918 1430 ex
940 1366 1089 1450 legitima

14 1479 89 1526 mere.
130 1463 298 1550 Sabjcctio
318 1465 496 1551 peculiaris
512 1467 741 1532 deducebatur
763 1489 807 1531 ex
829 1487 878 1546 eo,
903 1465 991 1550 quod
1010 1463 1089 1527 Wil-

14 1551 92 1622 lslnus
111 1563 292 1646 possideret
320 1575 448 1649 partem
472 1575 579 1629 terrae
603 1588 681 1629 suae
711 1565 753 1629 ab
784 1564 924 1630 ecclesia
947 1561 1089 1647 Magelo·

14 1659 83 1736 ranei,
103 1681 197 1744 quam
221 1663 294 1747 ipsa
318 1685 337 1725 a
361 1660 446 1727 Sede
470 1664 663 1748 Apostolica
689 1663 913 1749 temporaliter
934 1682 1090 1744 recogno-

14 1754 97 1820 sebst.
149 1757 262 1838 Quare
293 1760 462 1825 mediante
497 1760 553 1826 illa
588 1761 728 1826 ecclesia
763 1760 937 1825 dicebatur
971 1757 1089 1822 Comes

14 1849 262 1939 boutipessulanis
287 1859 366 1925 Sedi
382 1859 594 1945 Apostolicae
617 1860 842 1947 temporaliter
866 1858 1044 1944 subjectus.

69 1953 114 2017 64.
135 1954 350 2022 Innocentius
369 1980 466 2043 porro
483 1962 803 2044 argumentationem
827 1956 913 2022 hanc
937 1979 980 2020 ex
1003 1977 1089 2020 eom·
1119 1977 1164 2016 em
1179 1977 1230 2016 ru.

14 2052 138 2128 ncatione
161 2076 238 2117 enm
263 2055 417 2142 Philippo
442 2079 518 2142 rege
542 2060 726 2122 institutam
755 2059 942 2121 accuratius
966 2039 1260 2152 exemi-”l‘fflff'

14 2159 88 2208 natet
106 2149 233 2234 refellit,
267 2154 431 2240 simulque
461 2157 614 2240 exponit,
646 2177 810 2242 quaenam
840 2156 984 2218 rationes
1013 2174 1090 2216 eum

14 2249 147 2328 reveunt,
173 2263 210 2313 ut
232 2251 382 2338 Philippi
406 2256 556 2337 petitioni
580 2254 756 2319 obsecutus
780 2255 830 2319 sit.
880 2252 1090 2334 Legitimatio

14 2329 146 2409 iberorum
179 2349 357 2414 notbornm
388 2351 534 2438 Philippi
564 2354 651 2436 regis
682 2375 742 2438 per
763 2350 959 2415 Pontificem
992 2348 1090 2420 iacta,

14 2440 66 2520 pud
88 2443 201 2510 multos
226 2447 356 2512 Galliae
381 2448 515 2532 incolas,
540 2452 596 2536 qui
621 2449 844 2534 Ingeburgam
874 2447 972 2512 valde
996 2449 1092 2511 aeeti-

14 2535 116 2620 mbant,
147 2545 414 2630 indignationem
446 2547 624 2633 quamdam
654 2557 868 2633 provocaram
901 2545 981 2610 hinc
1008 2545 1091 2608 forte

14 2627 123 2704 Pontifex
146 2665 185 2706 en
210 2646 387 2708 occasione
410 2667 488 2708 usus
512 2655 570 2728 est,
605 2658 642 2709 ut
663 2647 769 2710 fusius
793 2646 918 2709 motiva
951 2643 1007 2708 illa
1037 2665 1091 2706 ex-

14 2745 113 2810 trueret.
166 2741 291 2820 Verum,
315 2741 440 2822 scribit,
465 2745 494 2806 si
516 2746 633 2808 veritos
656 2743 824 2830 dilipentor
841 2743 1018 2828 inspicitur,
1041 2763 1092 2804 res

14 2931 134 2997 nordicta
156 2939 271 3023 rapina
289 2960 352 3024 per
375 2938 474 3002 bonae
489 2940 656 3002 memoriae
672 2940 902 3025 archiepiscopi
916 2937 1091 3016 Remensis,

14 3021 170 3106 lpestolieae
195 3033 291 3099 Sedis
315 3035 420 3121 leuati,
435 3034 508 3122 fuit
532 3040 718 3101 sententiam
740 3049 919 3124 separatus.
956 3036 1004 3099 Tu
1019 3055 1091 3097 uero

14 3141 102 3190 ‘tuem
123 3142 209 3195 tuom
234 3156 256 3196 a
279 3145 317 3211 te,
343 3135 423 3197 sicut
438 3133 566 3213 dicitur,
583 3136 755 3198 temeritate
769 3135 906 3220 proprio
921 3135 1090 3220 separasti.

14 3215 53 3300 bn,
78 3249 198 3314 amque,
227 3234 417 3317 priusquam
446 3234 490 3295 od
520 3256 589 3296 eum
615 3233 789 3320 probibitio
823 3233 861 3296 de
883 3255 948 3296 non
970 3239 1092 3294 contra·

14 3319 76 3383 sado
95 3349 159 3389 cnm
182 3328 288 3392 altera
308 3332 497 3414 perueniret,
526 3332 626 3395 aliam
649 3332 847 3418 superducit,
872 3356 912 3396 cs·
936 3355 998 3417 quo
1015 3352 1092 3415 pro·

14 3409 207 3506 &petrinam
232 3429 372 3491 noscitur
394 3431 575 3514 suscepisse.
633 3431 679 3493 Tu
701 3431 736 3494 in
760 3441 966 3516 contemptum
989 3431 1093 3496 Eccle-

14 3513 52 3576 ἕπε
71 3520 159 3588 oliam
183 3525 430 3610 superinducere
454 3529 620 3592 attentasti
625 3552 637 3608 ;
655 3529 889 3614 propterquod
910 3531 983 3618 ipsa
1006 3531 1041 3593 in
1065 3542 1094 3594 te

14 3609 114 3686 lodium
135 3625 278 3686 emacuit
301 3623 529 3688 ecclesiasticae
559 3625 699 3691 seimonis.
754 3628 923 3691 Praeterea
946 3650 1004 3690 reu
1025 3629 1093 3713 ipse

14 3715 155 3784 nardulus
184 3721 315 3806 repimus
345 3733 455 3786 contra
483 3725 718 3788 matrimonium
747 3725 938 3810 affluitatem
971 3724 1092 3813 objecit,

14 3819 130 3880 tostam
145 3819 303 3906 praefato
327 3820 561 3906 archiepiscopo
585 3833 677 3886 testes
700 3823 839 3901 induxit,
863 3826 951 3910 cujus
975 3833 1093 3886 seniten-

14 3903 120 3994 bruta
140 3927 271 3982 casata
284 3917 359 4002 fuit
378 3916 569 3982 solummodo
579 3931 714 4005 propter
728 3921 1095 4010 judiciariamordinem

14 4021 51 4065 ren
76 4025 234 4096 semotum,
264 4036 324 4078 uos
351 4016 381 4077 ei
402 4027 481 4101 post
509 4019 737 4080 restitutionem
754 4019 927 4104 praefatae
955 4020 1093 4105 rapinae,

14 4115 77 4186 'tres
97 4109 148 4173 boc
177 4160 185 4175 .
212 4161 220 4174 .
247 4161 261 4204 ,κ
284 4114 458 4198 copaitores
488 4113 636 4179 duximus
665 4115 885 4181 concedendos.
942 4117 972 4179 T
972 4141 991 4180 u
1021 4139 1093 4180 aero

14 4204 78 4262 ueri
99 4215 165 4270 tuae
195 4208 279 4274 nibil
308 4209 392 4295 qnod
420 4211 591 4276 divortium
623 4213 794 4292 induceret,
827 4217 907 4277 sicea
930 4216 1100 4294 asseritur,
