2836 4848
81 1370 438 1494 Dissertatio
483 1373 797 1520 vigesima
835 1383 1077 1497 octava.

88 1621 143 1704 Ile
172 1625 291 1704 statu
320 1622 543 1706 socletatis
572 1621 843 1706 christianae
873 1621 1063 1706 durante

293 1737 472 1821 saeculo
502 1736 854 1823 decimotertio.

493 1979 653 1988 a--q——q

111 2163 138 2226 1.
171 2145 277 2226 duum
302 2160 526 2226 characterem
551 2171 584 2226 et
606 2160 752 2227 indolem
776 2161 978 2247 peculiarem
1003 2165 1134 2230 saeculo
1150 2173 1299 2218 meent·-

32 2255 101 2322 lllll
121 2259 310 2324 Innocentii
327 2258 379 2322 III
403 2258 496 2324 dedit
518 2259 741 2345 pontificatus.
780 2260 887 2324 Tanto
904 2263 992 2325 enim
1010 2263 1134 2346 vigore,

29 2357 181 2440 sapientia,
216 2358 411 2422 auctoritate
434 2356 621 2422 Ecclesiam
654 2359 911 2444 universamque
942 2359 1134 2426 societatem

29 2453 225 2520 christianam
248 2453 503 2540 gubernaverat,
534 2477 574 2520 ae
600 2455 766 2541 principie
791 2457 902 2538 etiam,
933 2455 1054 2543 quibus
1080 2456 1135 2523 Se·

32 2549 70 2614 dis
95 2551 306 2639 Apostolicae
335 2555 515 2619 auctoritas
546 2562 579 2617 et
606 2553 756 2617 influxus
785 2555 970 2619 niterentur
1002 2565 1035 2620 et
1059 2556 1135 2621 diri-

30 2661 180 2733 gerentur,
222 2659 313 2715 tanta
344 2653 512 2734 gravitate
545 2661 579 2715 et
610 2653 847 2737 perspicuitate
877 2655 980 2718 variis
1013 2655 1048 2718 in
1079 2653 1135 2720 do·

30 2751 172 2814 comantis
211 2760 424 2835 exposuerat,
467 2757 504 2812 ut
543 2748 655 2834 aliquo
695 2751 852 2836 temporis
892 2752 998 2835 spatio
1035 2752 1134 2816 istum

29 2841 179 2912 Ecclesiae
203 2857 238 2911 et
261 2849 426 2912 societatis
456 2857 579 2912 statum
604 2849 675 2933 ipse
699 2847 803 2912 veluti
826 2847 1019 2932 firmaverit,
1051 2851 1135 2936 ejus-

29 2961 79 3025 que
98 2943 312 3010 Successores
340 2945 410 3030 ejus
435 2947 577 3030 vestigia
599 2955 797 3032 prementes,
831 2945 931 3011 simili
962 2949 1062 3012 etiam
1085 2970 1135 3013 ra-

29 3041 100 3104 tione
121 3065 218 3108 suam
242 3053 434 3108 exercerent
462 3045 693 3108 auctoritatem
724 3053 823 3130 atque
848 3043 1024 3111 influxum.
1078 3045 1135 3110 At-

28 3137 226 3206 nibilominus
246 3142 460 3208 Innocentius
477 3143 538 3224 111,
559 3144 714 3229 quamvis
731 3144 889 3207 continuo
906 3155 1021 3208 contra
1041 3145 1134 3226 vitia,

29 3233 143 3322 abusos,
159 3241 323 3322 haereses,
339 3243 530 3328 principum
546 3263 711 3322 excessus,
736 3241 767 3305 ei
784 3239 1022 3306 decertandum
1038 3252 1133 3324 esset,

29 3342 120 3402 enen
154 3339 335 3425 tranquilla
365 3339 510 3426 quadam
546 3340 717 3425 majestate
752 3361 884 3404 sacrum
920 3362 1041 3404 munus
1078 3341 1134 3406 ad-

29 3437 195 3502 ministrare
219 3439 334 3524 potuit.
385 3437 452 3503 Sed
477 3437 539 3502 sub
563 3437 810 3503 successoribus
845 3440 915 3524 ejus
947 3438 1066 3503 iterum
1091 3439 1134 3504 ef·

29 3530 131 3600 ferbuit
151 3537 243 3602 lucta
267 3539 513 3622 interregnum
538 3547 570 3601 et
594 3536 826 3618 sacerdotium,
851 3545 885 3600 et
907 3537 993 3601 inter
1013 3535 1135 3601 multas

29 3651 58 3692 ac
87 3633 297 3700 vehementes
332 3635 494 3721 procellas
529 3636 610 3721 ipsis
645 3633 823 3718 dirigenda
859 3634 924 3698 fuit
962 3634 1135 3700 Ecclesiae

31 3747 115 3796 narra.

101 3831 129 3894 2.
165 3831 339 3916 Regnante
362 3851 422 3916 per
445 3828 566 3896 multos
589 3853 694 3896 annos
718 3853 743 3894 s.
768 3829 943 3894 Ludovioo
967 3829 1029 3913 IX,
1062 3852 1135 3915 pro·

32 3943 107 4006 spero
138 3939 226 3994 statu
259 3931 294 3993 in
319 3927 431 3993 Gallia
465 3951 518 3994 res
547 3928 663 3993 civiles
691 3938 724 3993 et
747 3926 995 3992 ecclesiasticae
1018 3927 1135 3991 florue-

33 4035 101 4105 unt,
122 4025 233 4114 ibique
248 4029 348 4090 etiam
366 4047 524 4112 magnum
548 4027 650 4092 robur
666 4027 768 4090 variis
792 4025 827 4090 in
852 4024 1008 4111 periculis
1032 4024 1134 4090 Sedes

35 4117 202 4204 tposulica
215 4126 354 4192 invenit.
367 4163 410 4173 -
428 4125 527 4207 Quod
543 4145 621 4189 vero
639 4125 682 4189 ad
698 4125 888 4188 interiorem
908 4123 1137 4188 conditionem

35 4232 139 4300 spectat
160 4223 341 4304 Ecclesiae,
373 4223 481 4288 eidem
505 4222 666 4306 singulari
691 4221 859 4308 splendori
885 4230 918 4284 et
941 4230 1134 4286 ornamento

1155 2238 1192 2276 nis
1206 2235 1303 2280 luctet.
