2836 4848
198 499 287 554 Lucta
306 499 437 554 I'riderici
456 499 485 554 II
503 517 562 555 cum
581 501 639 557 RR.
658 503 842 562 Pontificibus.
1030 509 1083 563 419

15 642 174 708 uPraelatis
206 643 397 708 domesticis
421 644 533 728 lugam
562 648 712 731 arripuit,
742 659 774 712 et
798 648 942 714 Ciuitate
971 661 1082 715 vetere

12 739 106 820 atreus,
133 741 351 806 Januensium
386 743 528 806 navibus
559 752 676 808 vectus
709 758 758 809 est
787 746 944 814 Jauuam.
999 751 1082 815 Inde

9 837 127 920 prefectus
148 841 180 902 in
205 837 362 920 Galliam,
387 863 406 903 a
431 863 456 904 s.
480 839 654 905 Ludovieo
679 865 755 928 rege
780 866 899 928 magno
925 868 1000 909 cum
1026 847 1080 912 ho·

9 957 56 998 rare
74 948 219 1025 exceptus
242 949 301 1003 est.
348 939 506 1023 Lugduni
531 939 686 1024 substitit,
720 943 863 1029 indeque
888 943 942 1007 die
966 945 1004 1008 3⁰
1027 945 1082 1011 Ja-

6 1037 76 1098 ruarii
96 1039 166 1101 anni
195 1037 280 1101 1245
313 1035 439 1101 litteras
470 1037 563 1101 dedit
586 1038 628 1102 ad
653 1041 819 1124 praesules
843 1051 876 1104 et
903 1045 1081 1128 principes,

4 1132 86 1216 pibus
117 1135 268 1217 generale
300 1133 488 1199 Concilium
526 1134 652 1199 ibidem
683 1137 737 1201 die
770 1138 852 1202 le'sto
884 1163 908 1205 s.
938 1140 1080 1206 Joannis

4 1223 127 1342 Ilrptistae
149 1232 376 1298 inchoandum
400 1233 532 1297 indixit.

4 1343 7 1406 l
59 1367 102 1430 35.
131 1365 316 1431 Concilium
345 1375 492 1451 tempore
516 1376 636 1430 statuto
662 1372 826 1450 convenit,
859 1393 898 1434 ac
923 1382 1076 1457 coeptum
1105 1367 1234 1468 ⁰⁰ffifflf¹³¹

4 1455 39 1522 bit
56 1463 99 1526 lie
119 1465 177 1530 26⁰
200 1465 295 1530 Junii
330 1466 364 1527 in
389 1463 528 1528 aedibus
552 1464 790 1530 monachorum
815 1490 839 1531 s.
863 1468 968 1548 Justi3
994 1469 1077 1534 haec
1100 1441 1202 1534 aaronis
1216 1493 1235 1533 1.

4 1561 74 1624 tucn
95 1565 187 1626 sessio
223 1564 360 1649 praevia
389 1561 491 1626 fuisse
523 1562 666 1644 videtur,
698 1565 745 1660 ita
776 1575 813 1629 ut
840 1568 1076 1650 primasessio

4 1657 110 1723 alumnis
131 1661 183 1725 die
210 1662 270 1724 28⁰
293 1660 389 1725 Junii
424 1661 459 1723 in
483 1660 622 1724 ecclesia
653 1661 835 1727 cathedrali
859 1665 1076 1749 Lugdunensi

7 1753 139 1822 iuberetur.
194 1759 346 1824 Praefuit
379 1759 593 1822 Innocentius
624 1759 689 1840 IV3
724 1770 853 1846 praeter
883 1761 1078 1828 Cardinales

5 1871 114 1920 teneram
134 1857 351 1922 Patriarchae
374 1865 450 1938 tres,
481 1855 876 1943 Constantinopolitanae,
901 1859 1077 1924 Antioche-

6 1971 42 2014 us.
60 1967 84 2016 et
104 1955 339 2042 Aquilejensis,
372 1963 471 2040 atque
502 1957 536 2018 in
568 1957 823 2039 congregatione
853 1956 909 2020 illa
940 1961 1079 2043 praevia

6 2067 37 2111 m
54 2053 221 2118 adfuerunt
244 2063 379 2117 centum
410 2053 632 2138 quadraginta
662 2054 840 2138 praesules.
893 2055 1076 2121 Numerum

6 2142 45 2208 lriu
68 2161 192 2216 auctum
229 2153 329 2216 fuisse
361 2150 542 2215 admodum
575 2150 747 2236 probabile
781 2162 847 2233 est3
883 2155 1003 2217 etenim
1043 2156 1077 2218 in

7 2239 106 2311 lonico
135 2272 261 2314 coaevo
286 2249 494 2313 Erfordiensi
527 2249 664 2314 ducenti
688 2259 721 2312 et
744 2251 988 2336 quinquaginta
1011 2254 1076 2338 epi·

9 2347 52 2426 opi
72 2347 191 2429 syuodo
219 2348 406 2411 interfuisse
439 2346 637 2432 dicuntur.¹)
693 2349 990 2412 Praetermittimus
1014 2349 1077 2412 hoc

7 2457 39 2500 ur·
57 2445 171 2530 reliqua
203 2467 289 2532 quae
314 2447 348 2508 in
373 2444 499 2528 synodo
523 2454 617 2529 gesta
648 2455 681 2509 et
710 2455 832 2509 statuta
856 2456 942 2528 sunt,
973 2457 1010 2510 ut
1038 2469 1076 2510 ea

9 2553 83 2604 tntum
122 2565 437 2626 commemoremus,
481 2564 566 2627 quae
599 2543 808 2607 Fridericum
843 2543 877 2607 II
916 2554 1075 2628 spectant.

9 2631 63 2698 lrlu
83 2644 189 2706 statim
217 2643 346 2726 inipso
374 2639 516 2705 Consilii
540 2640 665 2722 limine,
691 2639 849 2704 videlicet
872 2643 906 2704 in
932 2644 1076 2706 sessione

11 2739 98 2810 aeria,
129 2761 260 2804 summo
284 2738 439 2804 Pontifici
463 2737 643 2824 spopondit
667 2737 829 2802 Friderici
864 2740 1076 2823 imperatoris

9 2835 87 2898 ruine
108 2838 178 2921 ejus
207 2847 317 2902 orator
339 2836 541 2901 Thaddaeus
573 2835 613 2900 de
638 2836 767 2918 Suessa,
803 2839 855 2900 vir
879 2835 956 2900 belli
977 2837 1075 2922 juris·

10 2945 34 2988 a
44 2936 247 3014 peritissimus
263 2945 295 2999 et
309 2934 517 3020 eloquentiae
536 2933 753 3015 vehementis,
776 2944 810 2996 ut
823 2928 992 2998 Ecclesiae
1004 2954 1076 3017 gra-

10 3045 45 3089 tu]
64 3036 225 3115 promissis
241 3033 429 3117 magnificis
451 3033 513 3116 ipsi
532 3030 733 3096 conciliaret.
766 3031 921 3095 Promisit
939 3031 1074 3112 scilicet,

12 3125 158 3196 tidericum
179 3131 384 3196 Graecorum
402 3132 584 3215 Imperium
604 3129 647 3194 ad
664 3125 887 3193 obedientiam
907 3129 1076 3194 Romanae

11 3225 109 3292 eclesiae
138 3239 383 3309 revocaturum,
414 3229 580 3310 Tartesos,
610 3227 853 3307 Chorasminos,
882 3226 1074 3308 Saracenos,

10 3315 111 3390 lornata
127 3329 269 3414 propriis
282 3326 470 3412 sumptibus
483 3325 705 3410 expeditione,
719 3327 909 3410 petiturum,
924 3326 1074 3410 profliga-

9 3431 122 3489 aterrae
140 3437 278 3490 sanctae
293 3447 345 3489 res
361 3425 499 3510 pristino
517 3423 684 3510 splendori
694 3425 932 3504 restituturum,
946 3433 1077 3509 ereptas

10 3517 109 3586 eclesiae
133 3525 304 3589 Romanae
329 3522 470 3587 ditiones
494 3521 712 3600 redditurum,
737 3531 770 3584 et
794 3541 852 3605 pro
870 3519 969 3584 illatis
986 3521 1074 3586 dam·

10 3613 244 3708 'sirrogatisque
278 3621 408 3707 injuriis
443 3621 607 3684 facturum
639 3621 727 3683 satis.
781 3618 865 3684 Tam
899 3618 1075 3703 splendida

9 3719 111 3783 omissa
133 3720 206 3786 fieri
231 3744 250 3785 a
276 3719 445 3784 Friderico
470 3728 507 3782 ut
530 3717 700 3782 Ecclesiae
724 3715 886 3798 illuderet,
921 3718 999 3780 satis
1023 3717 1074 3780 In·

9 3818 123 3880 orentius
138 3819 186 3882 IV
213 3819 391 3904 perspexit,
416 3827 514 3903 atque
529 3837 630 3880 unam
647 3837 815 3900 superesse
832 3817 922 3879 viam
946 3813 1074 3899 Synodi

9 3924 80 3976 lenas
100 3916 264 3982 evadendi
289 3915 469 4001 respondit,
504 3916 531 3979 si
555 3915 714 3978 nimirum
740 3913 871 3998 juratae
899 3914 971 3998 jam
995 3912 1074 3977 olim

10 4011 55 4071 uis
74 4017 175 4100 capita
199 4017 386 4101 Imperator
409 4013 560 4097 religiose
584 4011 790 4096 adimpleret.

44 4287 60 4348 ι’1
74 4289 179 4348 Bobmer
197 4291 287 4346 tontes
305 4291 343 4346 11.
364 4291 430 4358 403;
450 4289 496 4343 eit.
516 4305 558 4358 ep.
578 4285 674 4341 Helele
694 4287 722 4342 C.
742 4286 774 4340 G.
794 4285 827 4340 V.
847 4285 872 4341 S.
886 4286 1033 4406 ssa'pota
1046 4285 1073 4338 2.

910 4375 945 4426 27
