2850 4834
297 505 354 570 '210
517 515 630 573 XXXII.
651 509 691 572 De
710 517 888 573 Pontificibus
906 518 1047 572 Avenioue
1066 516 1243 570 commoratis.

138 661 283 764 ‘'lffig‘ff·
303 661 488 746 conjicitur,
520 659 683 724 Bullam'
675 684 709 724 m
734 660 932 726 cancellaria
956 659 1090 724 Roberti
1118 661 1207 744 regis
1238 659 1401 724 confectam

233 758 413 846 fuisse,
453 757 496 822 ad
527 758 632 820 instar
659 737 890 823 Instructioiris
929 756 1017 821 illius
1048 756 1168 843 prioris
1201 757 1269 842 jam
1298 756 1402 836 dictae,

301 868 461 942 quantum
487 857 620 920 videtur
643 858 759 942 primis
782 858 880 921 annis
903 855 1115 942 pontificatus
1139 857 1278 926 Ioannis
1292 853 1401 918 XXII.

300 953 396 1019 Certe
428 978 500 1020 eam
533 955 630 1023 valde
661 954 856 1019 dissimilem
887 976 957 1018 esse
986 955 1070 1038 stylo
1095 971 1128 1022 et
1151 959 1255 1022 forma
1281 954 1320 1020 ab
1343 953 1403 1018 aliu

236 1075 240 1088 ·
297 1053 441 1118 Ioannis
464 1055 569 1120 XXII
594 1052 837 1134 Decretalibus,
868 1073 984 1116 omnes
1016 1052 1174 1138 fatentur,
1206 1077 1267 1119 nee
1288 1075 1403 1138 generu-

297 1153 357 1214 tim
383 1151 604 1218 Pontificibus
651 1153 686 1215 in
722 1173 784 1215 usu
807 1149 881 1232 fuit,
917 1159 954 1213 ut
978 1173 1056 1215 suas
1078 1153 1194 1218 Bullas
1219 1175 1261 1217 ex
1283 1149 1403 1216 aliorum

298 1247 506 1314 documentis
535 1249 768 1314 consareirent.
815 1245 942 1332 Scopus
968 1253 1216 1334 compositionis
1241 1253 1274 1316 in
1297 1248 1404 1313 cancel-

297 1346 380 1410 laria
390 1347 524 1411 Roberti
539 1370 609 1412 esse
621 1348 738 1433 potuit,
765 1355 800 1408 ut
823 1347 996 1409 occasione
1012 1345 1090 1411 data
1107 1359 1336 1434 suggereretur
1348 1358 1403 1410 tan·

297 1466 396 1530 quam
410 1444 545 1511 schema
558 1446 680 1510 decreti
700 1444 872 1530 pontificii,
895 1443 983 1528 quod
1002 1467 1080 1509 sane
1095 1445 1231 1510 Roberti
1251 1445 1405 1510 desideriis

297 1545 517 1610 convenisset.
566 1543 664 1624 Quod
694 1563 772 1604 vero
797 1541 975 1604 Illinoritae
1000 1543 1034 1605 in
1059 1543 1207 1609 Bavaria
1231 1543 1352 1630 aliquid
1374 1543 1405 1604 de

296 1641 459 1726 ejusmodi
491 1641 688 1705 documento
720 1639 887 1703 audierint
918 1639 970 1703 vel
1003 1643 1168 1722 noverint,
1205 1645 1325 1706 mirum
1353 1663 1403 1704 non

297 1748 353 1805 est.
393 1739 526 1803 Etenim
552 1737 715 1804 Robertus
738 1760 807 1815 rex,
834 1739 881 1799 uti
907 1746 940 1800 et
963 1736 1084 1802 Sancia
1108 1741 1233 1823 regina,
1260 1739 1406 1804 hlinoritis

297 1847 391 1900 erant
414 1838 540 1902 addicti
566 1849 599 1901 et
622 1835 719 1900 valde
743 1835 934 1916 familiares,
966 1857 1005 1899 ac
1029 1839 1124 1900 tertio
1149 1837 1259 1902 ordini
1281 1861 1307 1901 s.
1322 1837 1403 1900 Fran·

296 1937 376 1999 cisci
406 1935 575 2022 adscripti.
619 1934 759 1999 Multum
786 1933 915 1998 illorum
941 1954 1043 2019 opera
1067 1945 1099 1997 et
1123 1934 1261 1998 consilio
1286 1933 1402 1997 uteban-

296 2042 358 2112 tur,
391 2045 491 2119 atque
522 2035 621 2098 etiam
655 2031 853 2096 Illichattlem
887 2030 1104 2096 Caesenatem
1137 2032 1194 2097 diu
1227 2035 1303 2096 tuiti
1336 2043 1405 2093 sant

297 2132 402 2194 donec
427 2134 454 2195 is
479 2135 513 2195 in
538 2141 687 2216 apertam
712 2128 925 2193 rebellionem
953 2141 1189 2216 prorumperet.
1238 2131 1405 2194 Potuerunt

296 2230 397 2314 igitur
412 2230 588 2293 Minoritae
613 2227 815 2291 schismatici
840 2226 937 2290 facile
955 2227 1144 2292 documenti
1163 2227 1253 2292 illius
1270 2229 1404 2292 notitiam

295 2326 429 2407 hahere,
464 2351 503 2391 ac
528 2326 580 2389 vel
607 2325 693 2389 mala
716 2325 792 2404 fide,
825 2324 877 2388 vel
911 2326 1157 2410 suspicionibus
1188 2326 1404 2390 rumoribusre

297 2425 506 2488 inhaerentes
531 2447 598 2488 rem
625 2422 798 2504 exhibere,
824 2447 863 2486 ac
888 2425 914 2487 si
940 2424 1102 2508 ejusmodi
1128 2423 1300 2488 decretum
1324 2424 1406 2488 Josn-

295 2545 354 2586 nes
379 2523 482 2587 XXII
513 2523 650 2588 tulisset.
697 2521 780 2585 Inde
804 2542 883 2584 vero
912 2521 954 2585 ad
980 2519 1061 2586 alios
1089 2543 1220 2608 quoque
1246 2525 1406 2608 scriptores

296 2621 459 2706 quaedam
485 2622 602 2684 notitia
622 2621 784 2705 pervenit.
802 2656 844 2664 —
862 2618 955 2682 Haec
980 2621 1081 2701 igitur
1105 2619 1146 2683 de
1170 2623 1342 2706 supposita
1365 2616 1405 2682 itu

294 2719 435 2783 Joannis
461 2719 704 2783 Constitutione
729 2717 906 2782 sufficiant.

386 2819 437 2881 61.
485 2816 689 2880 Benedictus
713 2813 788 2878 XII
819 2836 990 2878 successor
1018 2815 1159 2880 Joannis
1184 2815 1305 2878 XXII
1335 2815 1406 2878 mitis

295 2925 365 2977 erat
388 2915 496 2994 corde,
531 2913 701 2977 voluntate
726 2913 869 2997 optimus
893 2927 925 2975 et
950 2913 990 2976 ad
1017 2914 1323 2978 reconciliationem
1346 2931 1405 2972 eum

293 3011 468 3076 Ludovico
493 3034 625 3098 pronus,
652 3013 698 3074 ita
722 3023 758 3072 nt
781 3011 852 3095 ipse
875 3011 1006 3074 Bavaro
1032 3013 1209 3090 nuntiaret,
1241 3035 1278 3075 se
1302 3011 1343 3074 ad
1365 3032 1406 3094 pa·

294 3131 365 3172 cem
391 3110 570 3173 ineundam
598 3119 748 3194 paratum
774 3129 854 3173 esse.
898 3107 1094 3172 Ludovicus
1126 3111 1251 3194 pariter
1276 3107 1407 3172 seselis·

294 3207 412 3271 clesiae
437 3208 651 3272 reconciliare
676 3205 865 3319 exoptabat,
892 3229 1035 3292 moxque
1060 3209 1275 3292 interipsum
1293 3219 1326 3270 et
1341 3205 1405 3268 Pon·

292 3305 416 3370 tilicom
440 3307 503 3370 hac
528 3305 569 3369 de
594 3329 628 3368 re
648 3307 756 3368 missis
775 3306 982 3368 Avenionem
1008 3308 1134 3369 nuntiis
1158 3315 1337 3368 tractatum
1361 3317 1405 3364 est.

291 3405 469 3487 Negotium
503 3415 613 3469 tamen
638 3405 736 3466 etiarn
763 3402 823 3466 sub
848 3402 912 3466 hoc
935 3403 1097 3467 Pontifice
1129 3403 1261 3466 felicem
1295 3405 1404 3466 exitum

292 3524 358 3567 non
382 3476 516 3582 habuit,
535 3513 634 3587 atque
660 3503 729 3586 ipse
746 3500 948 3565 Benedictus
964 3501 1038 3564 XII
1063 3525 1082 3564 a
1099 3501 1202 3564 variis
1227 3499 1405 3564 auctoribus

292 3601 401 3664 acrius
425 3599 690 3712 reprehenditur,
723 3598 809 3682 quod
836 3599 1006 3662 nonsatis
1036 3600 1140 3663 anImi
1171 3599 1361 3662 firmitatem
1383 3612 1405 3656 et

292 3696 509 3784 apostolicum
534 3699 682 3780 vigorem
707 3718 785 3782 prae
810 3719 844 3759 se
867 3695 988 3776 tulerit,
1014 3695 1071 3760 sed
1095 3707 1186 3760 metu
1209 3695 1355 3781 quodam
1376 3715 1404 3754 ac

290 3796 405 3859 favore
437 3797 524 3878 regis
555 3794 684 3860 Galliae
716 3793 873 3880 Philippi,
913 3795 1217 3860 reconciliationem
1253 3793 1405 3858 Ludoriri

292 3893 382 3956 haud
407 3893 591 3978 perfecerit.
640 3892 796 3956 Attamen
823 3890 953 3978 judicio
985 3894 1185 3958 assentimus
1209 3891 1405 3978 Raynaldi.'r

291 3992 498 4077 potissimam
525 4011 670 4072 causam,
703 4012 761 4053 cur
784 3992 953 4074 negotium
978 3989 1060 4054 illud
1084 3993 1176 4076 pacis
1202 4011 1269 4054 non
1294 4009 1403 4054 succes·

291 4090 379 4170 serit,
416 4088 519 4152 fuisse
551 4089 675 4153 Bavari
701 4089 974 4169 inconstantiam
1016 4089 1048 4152 in
1079 4087 1284 4152 retardando
1307 4099 1403 4151 autem

292 4233 505 4244 Ἣ.-

365 4293 386 4363 ι)
405 4292 537 4359 Raynald.
558 4309 582 4346 a.
604 4293 680 4348 1335.
701 4309 727 4348 n.
747 4293 772 4346 5.
