2964 4838
551 386 645 440 Sixtus
663 385 710 442 IV.
1138 390 1192 444 435

74 534 209 600 Domini
231 533 285 596 isti
317 530 452 618 qnidam
477 551 664 616 supremam
689 529 861 594 Pontificio
883 532 1111 599 auctoritatem
1139 553 1192 596 no·
1225 535 1352 584 ⁸⁰P⁰¹¹⁸¹¹¹⁵

72 634 257 698 minetouus
279 627 517 714 agnoscebant,
542 650 645 692 suum¹
662 629 861 694 territorium
886 628 1023 692 feudum
1047 651 1072 696 s.
1098 627 1194 694 Sedis
1231 599 1340 638 'mm‘

71 753 141 796 esse
164 728 420 815 profitebantur,
451 725 607 810 homagia
631 724 833 808 reddebant,
865 727 1061 812 moestosque
1086 727 1194 814 Papae

69 832 107 892 ia
129 823 353 914 temporalibus
377 846 412 889 se
434 822 656 909 appellabant.
697 821 762 888 Sed
785 822 1008 910 dependentia
1024 822 1081 888 illa
1097 845 1195 910 saepe

71 925 217 990 illusoria
253 933 339 1004 erat,
377 923 608 986 auctoritatem
640 921 812 986 Pontificio
848 921 1105 986 contemnebant
1136 923 1216 986 fre-2

68 1037 211 1109 quanter
241 1021 286 1086 illi
312 1019 490 1104 dynastae,
527 1019 726 1084 vasallorum
751 1017 970 1104 obligationes
998 1041 1064 1084 nou
1081 1017 1197 1103 ,obser-

72 1121 214 1202 vabant,
249 1118 293 1184 ad
314 1119 491 1184 arbitrium
515 1115 654 1204 populos
685 1118 835 1184 subditos
860 1118 1047 1198 vexabant,
1082 1117 1196 1181 adver·

69 1221 166 1284 soriis
190 1219 290 1282 etiam
314 1215 542 1280 adhaerebant
564 1237 588 1281 s.
612 1215 717 1282 Sedis.
765 1216 997 1282 Molestissima
1022 1224 1101 1279 erat¹
1115 1213 1197 1279 haec

68 1339 180 1382 rerum
205 1313 351 1380 conditio
367 1313 597 1392 Pontificibus,
622 1323 655 1377 et
678 1335 780 1398 quum
805 1336 848 1378 ex
872 1315 943 1399 ipsa
967 1311 1142 1377 feudorum
1166 1321 1198 1376 st

71 1415 272 1482 vicariorum
298 1410 528 1496 temporalium
553 1411 760 1475 institutione
785 1410 997 1475 incommoda
1021 1408 1076 1474 illa
1093 1421 1198 1474 scatu-

68 1516 191 1594 rirent,
223 1510 303 1576 inde
325 1532 346 1573 a
370 1508 501 1574 saeculo
526 1507 590 1574 XV
615 1509 815 1574 studuerunt
837 1508 1015 1573 Pontifices
1038 1507 1196 1594 paulatim

72 1612 154 1676 haec
178 1607 328 1686 abolere,
353 1618 386 1671 et
408 1605 600 1672 immediate
625 1604 689 1670 sibi
713 1608 880 1671 territoria
903 1607 1077 1692 subjicere.
1124 1605 1197 1670 Ale·

68 1707 201 1774 xander
223 1705 287 1784 VI,
311 1704 422 1770 Julius
445 1705 480 1768 II
504 1715 536 1769 et
559 1705 798 1790 subsequentes
821 1705 1001 1771 Pontifices
1024 1703 1138 1769 sedulo
1163 1715 1200 1768 ut

66 1829 108 1870 eo
133 1804 365 1892 perveniretur
387 1801 641 1883 adlaboraruut3
664 1801 737 1888 lege
762 1811 883 1867 statuta
900 1803 979 1868 Pius
995 1801 1026 1865 V
1051 1802 1200 1866 docrevit

68 1915 107 1968 ut
129 1901 232 1968 leuda
255 1899 346 1965 nulla
369 1899 513 1986 amplius
537 1900 826 1982 constituerentur,
851 1921 890 1962 ac
914 1899 1094 1965 tardema.
1114 1901 1196 1966 1631

69 2002 226 2067 ultimum
250 2020 444 2083 magnorum
476 1998 670 2080 feudorum,
707 1998 848 2063 ducatus
872 1996 1120 2080 Urbinatensis,
1156 1998 1197 2062 ad

66 2123 94 2165 s.
147 2096 267 2164 Sedem
323 2095 517 2161 devolutum
565 2105 624 2160 est.
685 2093 751 2160 Sed
798 2096 933 2160 nonnisi
985 2117 1044 2181 per
1090 2098 1200 2160 varios

67 2197 197 2281 gradm
227 2193 269 2258 ad
293 2192 507 2259 abolitionem
531 2194 705 2258 feudorum
736 2194 904 2279 perveniri
928 2204 1069 2278 poterat,
1102 2205 1200 2280 atquo

70 2293 236 2381 ejusmodi
261 2291 384 2376 gradus
408 2291 544 2378 quidam
569 2301 640 2354 erat
664 2289 795 2356 collatio
819 2291 993 2356 feudorum
1018 2290 1106 2356 facta
1127 2313 1201 2354 con·

65 2391 265 2477 sanguineis
288 2389 496 2457 Pontificum.
545 2389 695 2454 Vacante
728 2389 885 2454 videlicet
916 2389 1014 2453 feudo
1048 2391 1118 2452 sive
1141 2410 1202 2475 pei·

70 2491 201 2558 domini
233 2497 371 2554 mortem
395 2490 466 2552 sive
490 2510 550 2573 per
573 2487 695 2553 delicta
719 2489 808 2573 ejus,
844 2487 1014 2553 substituti
1046 2499 1123 2552 suut
1146 2510 1199 2552 ne·

67 2599 166 2674 potes
196 2586 289 2652 aliivi
321 2587 499 2672 propinqui
532 2585 742 2649 Pontificum.
790 2587 867 2666 Isti,
904 2595 1017 2672 utpote
1048 2585 1201 2650 homines

70 2689 151 2752 novi
177 2687 234 2772 qui
257 2684 413 2749 Pontifici
438 2683 674 2748 exaltationem
698 2704 791 2746 suam
818 2680 998 2764 debebant,
1024 2706 1066 2748 ex
1090 2682 1200 2747 indole

66 2787 117 2850 rei
144 2785 252 2868 magis
282 2781 409 2852 addicti
434 2792 467 2844 et
490 2782 604 2846 devoti
629 2791 724 2846 erant
747 2780 826 2845 Sodi
850 2780 1079 2866 Apostolicae,
1112 2781 1200 2866 quod

71 2884 170 2948 factis
195 2883 295 2946 etiam
328 2890 360 2944 et
383 2879 589 2965 experientia
613 2879 863 2966 comprobatum
895 2879 968 2944 fuit.
1016 2880 1081 2945 Via
1105 2900 1200 2967 porro

67 2981 135 3046 bac
168 2981 296 3044 ratione
329 2976 540 3063 complanata
574 2987 641 3058 est,
677 2986 714 3040 ut
749 2976 908 3062 paulatim
942 2977 1042 3044 feuda
1065 2979 1200 3042 omnino
1315 2989 1318 2994 ’

70 3077 200 3143 aboleri
224 3087 369 3162 possent.

162 3219 216 3284 35.
248 3218 461 3304 Nepotismus
485 3217 603 3302 igitur,
628 3217 675 3280 uti
701 3238 742 3280 ex
767 3216 865 3281 dictis
889 3227 998 3304 patet,
1024 3219 1134 3282 miuus
1158 3239 1200 3280 ex

67 3315 277 3402 imprudenti
310 3315 454 3401 quodam
485 3315 658 3400 sanguinis
682 3315 804 3378 affectu
834 3336 934 3400 quam
966 3337 1008 3379 ex
1040 3315 1202 3400 gravibus

69 3413 259 3480 rationibus
289 3425 397 3478 ortum
430 3412 547 3479 habuit
580 3423 613 3476 et
635 3414 894 3494 incrementum,
930 3415 1084 3500 quamvis
1117 3415 1200 3478 varii

66 3512 153 3578 *dein
184 3513 219 3576 in
244 3513 315 3596 ipso
339 3532 494 3576 excessus
525 3519 558 3574 et
580 3510 705 3574 abusus
736 3509 869 3574 luerint.
915 3508 1120 3575 Interventio
1145 3510 1202 3576 illa

68 3619 233 3694 nepotum
257 3608 457 3674 Pontificum
482 3629 576 3674 suam
602 3606 721 3671 habuit
743 3606 938 3688 utilitatem,
963 3607 1097 3693 quando
1123 3630 1201 3672 vero

70 3705 205 3770 saeculo
231 3705 338 3770 XVII
363 3707 438 3792 jam
471 3706 527 3771 illa
561 3705 685 3770 utilitas
718 3704 854 3790 publica
878 3727 1000 3788 magna
1032 3727 1075 3769 ex
1108 3719 1201 3792 parte

69 3816 274 3885 cessaverat,
299 3805 370 3868 Deo
395 3804 590 3890 disponente
615 3805 678 3890 ipsi
699 3803 877 3868 Pontifices
894 3824 979 3868 mox
1002 3824 1040 3867 eo
1065 3803 1201 3868 adducti

70 3911 169 3984 sunt,
201 3911 239 3966 ut
262 3903 483 3987 nepotismum
508 3903 640 3988 penitus
663 3900 835 3967 abolerent
865 3911 1000 3986 propter
1022 3902 1146 3968 abusus
1170 3912 1203 3966 et

74 3997 273 4084 damnorum
305 3999 462 4084 pericula.
497 4038 539 4047 —
574 4000 633 4065 Illo
666 4009 814 4084 tempore
847 4000 947 4064 etiam
980 4000 1201 4082 matrimonia,

66 4094 198 4182 quibus
222 4109 357 4183 nepotes
383 4098 581 4164 Pontificum
605 4098 804 4162 affinitatem
827 4119 903 4162 cum
928 4095 1063 4162 familiis
1086 4119 1203 4182 regum

1040 4239 1096 4292 28*
