2902 4848
1200 23 1422 123 Ψ

346 517 399 572 370
472 516 584 572 XXXV.
603 517 643 570 De
662 515 761 569 t'oncil.
780 513 930 568 Basilsen'si
949 529 981 567 ac
999 513 1033 567 de
1051 515 1158 582 synodo
1178 515 1341 570 Florentius.

346 664 596 747 suscepissemus,
629 660 794 746 reliqionis
817 659 985 722 instinctas
1018 658 1148 744 quidem
1180 659 1374 731 dediscant·
1402 679 1440 720 nu

259 807 263 817 .
345 769 457 822 nostra
475 761 637 844 promissa
661 759 797 842 eccequi,
823 756 987 820 accedente
1011 755 1222 819 moderatrice
1252 779 1352 820 rerum
1372 754 1440 818 crde·

345 858 549 920 siusticurum
576 859 646 920 Tua
671 857 869 932 auctoritate,
895 853 1047 917 audemus
1064 864 1094 917 et
1107 853 1261 918 oolscmus.
1297 855 1440 918 Rationem

344 954 451 1034 affert,
476 977 596 1040 nempe
620 953 709 1040 quod
734 955 825 1034 sciat,
850 955 955 1038 ipsam
978 951 1213 1037 &aquaticam
1234 953 1308 1016 Tibi
1326 955 1440 1036 Tuncque

345 1049 423 1116 Sedi
454 1075 519 1116 esse
549 1052 719 1138 inq‘cnsom,
751 1061 856 1136 utpote
889 1071 968 1135 quae
991 1052 1027 1113 in
1050 1050 1205 1114 seditione
1237 1063 1267 1114 et
1296 1053 1440 1116 adiunctis·

345 1160 491 1236 tempore,
516 1162 608 1236 atque
629 1173 689 1235 per
713 1149 897 1212 seditionem
921 1148 1146 1234 seditionisque
1171 1174 1192 1212 a
1217 1161 1275 1214 tua
1295 1149 1440 1234 84111191-

343 1271 413 1312 ram
436 1260 516 1312 nuta
540 1250 590 1326 sit,
616 1259 645 1312 ct
668 1269 746 1333 quae
771 1245 846 1310 dum
863 1246 935 1309 Tibi
960 1271 980 1309 c
1004 1269 1063 1331 qno
1088 1269 1199 1310 sacrae
1224 1244 1309 1333 leqes
1324 1250 1440 1311 omarum

343 1357 373 1408 et
404 1357 548 1424 manunt,
583 1344 810 1432 quantumlibet
840 1345 935 1430 eripit
964 1346 1199 1424 auctoritatem,
1233 1369 1323 1410 omne
1352 1351 1401 1434 jus
1422 1358 1439 1402 nt

343 1467 462 1508 omnem
492 1445 588 1529 leqem
620 1442 773 1507 dissuluit.
822 1439 955 1506 Deinde
988 1441 1149 1523 declarat,
1185 1465 1220 1507 se
1252 1442 1434 1508 Sanctionem

343 1545 585 1626 pragmaticam
609 1543 644 1605 in
662 1541 750 1604 omni
767 1539 893 1602 ditione
908 1562 968 1603 sua
976 1539 1111 1626 pellere,
1136 1541 1283 1630 dejicere,
1308 1545 1426 1628 stirpitus

342 1663 399 1725 que
423 1641 588 1728 abroqare,
621 1649 651 1702 et
673 1638 797 1724 qualem
820 1648 893 1700 unte
918 1638 1137 1722 Pruqmaticce
1161 1641 1264 1724 ipsius
1289 1643 1428 1704 editiones

342 1739 426 1801 circa
450 1737 665 1821 beneficiorum
690 1735 891 1799 eeclesiarum
914 1735 1111 1821 alienumque
1127 1759 1231 1800 rerum
1247 1739 1434 1824 spiritualim

341 1835 592 1923 dispositionem,
617 1857 789 1908 censuram,
815 1833 1070 1912 moderationem,
1089 1835 1140 1898 Pii
1157 1835 1193 1898 II
1205 1837 1436 1922 praedecessore·

341 1935 481 1998 Rotnani
505 1935 669 2018 Pontifices
692 1933 848 1998 nabebunt
872 1943 902 1995 ct
925 1931 1123 2012 ecercebunt,
1148 1932 1245 1998 talem
1269 1937 1429 2016 eumdemp·

339 2053 372 2094 se
396 2033 542 2116 Pontifici
565 2032 707 2109 reddere,
726 2040 895 2116 praestare
920 2039 948 2092 ct
970 2031 1176 2117 reantuere.¹)

201 2147 242 2208 Ὗ
265 2147 316 2175 ⁰¹1⁸
430 2131 483 2194 31.
524 2129 618 2210 Qitae
642 2141 717 2215 post
742 2129 822 2192 haec
847 2139 959 2191 secuta
983 2139 1060 2192 sunt
1084 2141 1307 2214 opportunum
1335 2129 1429 2194 viden·

230 2210 274 2238 ³⁵⁴
340 2225 545 2301 subnectere,
580 2237 616 2292 ut
640 2227 680 2290 de
705 2238 791 2289 statu
822 2247 931 2289 rerum
964 2225 1263 2292 ecclesiasticarum
1296 2231 1331 2292 in
1355 2225 1419 2290 Gall

339 2323 468 2410 plenior
492 2325 655 2389 habeatur
677 2325 804 2388 notitia.
853 2323 952 2386 Auno
978 2323 1064 2388 1465
1096 2325 1188 2388 curia
1220 2349 1371 2412 suprema
1396 2345 1440 2417 seq

339 2435 472 2487 senatus
502 2425 698 2488 Parisiensis
728 2421 818 2506 apud
850 2420 1061 2485 Ludovieum
1092 2444 1203 2506 regem
1236 2437 1369 2510 questus
1394 2439 1439 2497 aa,

338 2544 381 2586 ex
406 2522 622 2604 abrogatione
647 2521 836 2584 sanctionis
861 2519 1029 2603 praefatae
1053 2542 1209 2603 magnam
1233 2525 1312 2586 oriri
1337 2523 1438 2586 ordine

339 2619 553 2684 ecelesiastici
573 2620 810 2698 confusionem,
828 2617 984 2681 ecclesias
999 2618 1197 2682 detrimenta
1208 2624 1327 2704 gravia
1339 2619 1437 2684 subirel

339 2716 470 2802 aliaque
507 2717 592 2780 mala
628 2738 697 2780 esse
736 2714 893 2780 timenda.
949 2715 1020 2778 Rex
1060 2715 1214 2801 equidem
1246 2717 1407 2783 Sanctione

339 2837 406 2879 non
430 2817 582 2892 restituit,
607 2815 665 2878 sed
689 2816 789 2878 etiam
813 2836 879 2878 non
896 2813 1082 2898 impedivit,
1107 2818 1286 2900 quominus
1310 2839 1388 2880 nono

339 2913 427 2978 illius
451 2912 581 2978 articuli
608 2914 642 2976 in
667 2933 762 2976 usum
787 2921 1036 2992 revocarentur,
1074 2914 1268 2998 praesertim
1298 2938 1318 2978 a
1346 2913 1409 2976 cmi

339 3011 463 3076 Paulus
488 3013 530 3092 ll,
555 3032 723 3075 successor
747 3010 797 3074 Pii
824 3009 865 3091 11,
890 3031 976 3074 anno
1000 3011 1084 3074 1467
1109 3034 1241 3076 rursum
1266 3013 1404 3097 episcope

338 3111 592 3174 Atrebatensem
617 3109 658 3173 ad
685 3107 895 3172 Ludovieum
911 3109 968 3171 XI
992 3108 1125 3192 legavit,
1152 3121 1187 3173 ut
1211 3131 1286 3174 eum
1311 3131 1407 3174 morer

337 3208 381 3272 ad
406 3207 619 3272 Sanctionem
644 3209 741 3270 istam
766 3207 899 3290 plenitus
914 3205 1122 3272 abolendam.
1170 3209 1216 3272 At
1239 3207 1332 3294 legati
1356 3229 1405 3268 con

337 3307 428 3370 tibus
460 3307 651 3369 restiterunt
682 3315 815 3368 senatus
847 3314 879 3367 et
904 3305 1109 3369 Universitas
1134 3306 1333 3372 Parisieusis.
1377 3305 1402 3362 θ’

338 3402 455 3468 Carolo
480 3404 574 3484 VIII,
606 3405 661 3489 qni
694 3425 724 3466 a.
752 3402 836 3466 1483
869 3406 1027 3466 successit
1056 3401 1229 3468 Ludovieo
1255 3405 1312 3486 xl,
1339 3425 1385 3466 res

337 3501 453 3566 eodem
492 3503 559 3566 fere
590 3511 676 3566 statu
709 3501 899 3585 permansit.
961 3499 1153 3566 Ludo'vicus
1184 3503 1268 3573 Xll‚
1305 3525 1329 3566 a,
1362 3503 1404 3560 11.

337 3600 449 3664 Caroli
463 3599 546 3664 Vlll
571 3620 748 3679 successor,
773 3596 984 3662 Sanctionem
1010 3602 1245 3684 pragmaticam
1269 3603 1362 3665 tuitus
1382 3626 1390 3651 e

337 3699 474 3784 ejusque
499 3698 763 3762 observationem
780 3699 814 3760 in
830 3706 897 3760 toto
913 3720 972 3760 suo
985 3720 1085 3783 regno
1099 3701 1282 3784 imperarit,
1305 3697 1383 3760 maxi

336 3797 380 3860 ab
410 3819 439 3860 a.
472 3795 567 3876 1503,
599 3817 663 3881 quo
696 3794 833 3859 dissidia
864 3796 1081 3881 interipsum
1113 3809 1146 3862 et
1168 3797 1289 3864 Jnlium
1312 3795 1342 3858 11
1371 3815 1398 3852 n·

337 3905 425 3958 sunt.
472 3892 582 3958 Julius
606 3895 639 3958 11
672 3917 701 3958 a.
730 3893 814 3958 1512
846 3895 879 3958 in
905 3894 1054 3960 Concilio
1078 3895 1285 3960 Lateranensi
1310 3893 1346 3960 l',
1374 3913 1399 3950 s

336 3994 428 4056 sione
467 4004 601 4078 quarta,
641 4003 755 4056 eontra
793 3989 1005 4057 Sanctionem
1042 3995 1271 4079 pragmaticam
1307 3991 1388 4074 eju-q

335 4101 512 4154 assertores
545 4113 584 4154 ac
615 4090 802 4155 defensores
833 4092 904 4154 sive
934 4091 1105 4177 praelatos,
1137 4095 1204 4156 sire
1227 4089 1377 4174 principe

411 4302 430 4368 ¹)
451 4301 549 4368 Labbe,
569 4311 632 4360 tom.
653 4303 727 4358 XlV.
747 4319 771 4371 p.
791 4305 833 4358 97.
