2858 4834
405 411 446 465 De
464 427 485 464 s.
505 410 622 464 Thomas
641 409 779 477 martyrio.
1104 405 1154 458 199

65 561 154 620 naisso
192 557 336 620 sidentur
373 555 504 620 ecclesio
542 552 771 640 Anplienno.¹)
831 551 884 614 Ex
922 549 1012 614 hisee
1049 548 1153 628 vides,

61 655 235 719 §.Thomam
260 653 449 718 nullatenus
474 655 599 739 impetu
624 651 767 738 quodam
793 661 825 712 et
848 647 1019 712 vindictae
1041 647 1153 710 animo

57 756 235 838 processisse,
267 751 326 816 sed
358 752 582 816 moderatione
613 749 769 837 prudenti
803 771 854 812 res
878 745 1022 810 voluisse
1046 744 1153 830 dispo·

57 874 122 920 rere.
154 873 215 916 nee
239 852 475 936 intempestivo
501 849 634 914 cuidam
658 849 729 934 ejus
753 847 863 910 ardori
887 841 1034 908 adscribi
1059 863 1153 927 posse

55 972 118 1034 quae
140 961 211 1035 post
227 947 431 1015 aeciderunt.
464 945 687 1012 Censurarum
711 944 871 1030 rescripta
895 943 935 1006 iis
960 939 1154 1004 conditioni-

55 1047 108 1115 bus.
136 1071 216 1134 quas
243 1069 268 1113 s.
294 1045 441 1110 Thomas
465 1048 658 1130 expetierat,
690 1043 731 1108 ad
758 1063 832 1106 eum
857 1046 1089 1124 pervenerunt,
1118 1049 1155 1101 ut

55 1145 162 1210 consilio
179 1156 276 1210 anteo
292 1143 399 1208 debito
420 1167 486 1208 cnm
499 1167 569 1228 repe
585 1141 726 1220 Galliae,
751 1163 805 1204 eus
823 1139 991 1202 intimaret
1007 1138 1080 1218 reis,
1106 1138 1154 1198 uti

55 1245 209 1308 necessitas
234 1243 269 1308 id
293 1242 527 1328 expostularet.

552 1603 635 1666 111.

85 1747 140 1808 De
160 1764 193 1810 s.
222 1743 401 1810 somnae
423 1747 472 1810 tn
487 1745 688 1826 Anartium
709 1746 850 1810 renna
873 1763 923 1810 ae
946 1747 996 1809 de
1018 1747 1110 1824 ejus

485 1843 704 1924 martyrio.

122 2003 172 2066 45.
205 2001 378 2064 Remansit
400 2023 425 2065 s.
449 2000 605 2084 Thomas,
630 2003 676 2063 uti
704 2013 914 2082 convenerat,
940 2013 1014 2086 post
1037 2003 1153 2066 initam

49 2121 146 2182 pacem
170 2099 282 2162 adhue
306 2097 474 2183 aliquanto
499 2109 646 2184 tempore
671 2099 704 2162 in
730 2097 851 2180 Gallia,
881 2111 917 2162 ut
940 2121 992 2163 res
1015 2098 1058 2163 ad
1083 2099 1154 2185 ejus

49 2197 172 2260 reditum
198 2197 462 2282 disponerentur.
509 2195 575 2261 Sed
608 2218 693 2282 quae
717 2197 912 2281 promiserat
935 2219 994 2260 rex
1018 2195 1060 2260 de
1083 2197 1153 2260 red·

10 2321 12 2378 p
47 2293 153 2358 ditione
177 2294 340 2358 bonorum
365 2293 525 2358 ecelesiae
551 2292 811 2376 Cantuariensis,
837 2296 969 2359 nonnisi
995 2317 1037 2358 ex
1061 2304 1154 2381 parte

47 2391 209 2478 adimpleta
226 2392 336 2472 fuere3
361 2394 463 2456 variis
481 2392 716 2456 vexationibus
732 2392 1000 2478 archiepiscopus
1017 2393 1153 2478 ejusque

48 2488 151 2574 elerici,
175 2513 258 2576 quos
283 2492 317 2554 in
334 2489 490 2574 Angliam
516 2493 660 2571 miserat,
685 2491 808 2554 turbati
827 2501 914 2571 sunt,
939 2501 971 2554 et
987 2490 1154 2576 praesules

49 2589 69 2648 vi
90 2587 299 2652 adversantes
322 2589 537 2670 gravissimas
562 2588 727 2652 molestias
752 2599 783 2651 et
808 2589 946 2653 insidias
977 2591 1096 2653 iterum
1121 2591 1150 2652 ei

48 2697 191 2750 crearunt.
239 2683 329 2748 Hine
367 2686 474 2770 pridie
513 2697 690 2771 antequam
730 2707 850 2749 navem
889 2709 947 2770 pro
978 2687 1087 2751 reditu
1118 2690 1324 2750 mosamiu-

51 2783 185 2866 *lflb'llssffl
219 2781 372 2864 wlverot,
410 2805 565 2847 censuras
600 2785 787 2869 pontifieias
811 2786 851 2847 iis
875 2786 1054 2849 intimavit.
1101 2786 1153 2849 De
1183 2759 1300 2799 ‘'m''

50 2881 105 2944 istis
126 2880 301 2944 eventibus
325 2880 441 2944 scribit
473 2905 496 2944 s.
522 2881 668 2946 Thomas
699 2882 741 2946 ad
763 2880 996 2946 Alexandrum
1020 2883 1153 2946 Pontifi-

49 2999 122 3042 eem:
149 2976 251 3050 Quom
275 3001 346 3064 erpo
369 2979 402 3040 ln'
425 2979 681 3042 Balaamitoonm
704 2981 852 3067 sipne'fen'
876 2981 1053 3065 (praesules
1071 2981 1154 3046 Ebo-

50 3078 175 3140 racensis
199 3087 232 3140 et
258 3075 513 3156 Londoniensis)
544 3101 602 3142 nos
626 3101 693 3141 enm
717 3079 843 3142 domino
876 3103 946 3162 repe
974 3103 1086 3164 paoem
1101 3081 1154 3166 fe·

49 3175 110 3235 risse
138 3174 311 3250 audissent,
344 3176 510 3238 associatis
535 3175 597 3238 eibi
621 3175 852 3240 ‚tonsorare-ri
875 3189 904 3240 et
928 3175 1004 3241 aliis
1028 3179 1155 3265 compli-

50 3269 120 3332 o'lns
141 3272 216 3348 sais,
241 3273 431 3334 ‹v'reniemnt
455 3297 540 3335 mare
565 3284 594 3336 et
617 3274 754 3352 nondam,
790 3285 824 3337 nt
856 3276 969 3338 initam
991 3279 1087 3360 pacis
1111 3303 1155 3338 re-

51 3369 208 3432 scinderent
231 3369 393 3446 unitatem,
417 3393 481 3456 per
504 3393 535 3432 se
559 3382 588 3433 et
607 3396 668 3456 per
692 3372 775 3434 alios
798 3372 923 3436 domino
946 3377 1014 3458 repi
1038 3385 1067 3436 et
1089 3377 1156 3438 sois

52 3467 207 3544 uendentes,
232 3467 432 3531 concordiam
455 3493 548 3554 repno
563 3469 706 3532 inutilem
730 3481 759 3532 ot
774 3471 969 3535 inhonestam
992 3494 1067 3550 esse,
1091 3475 1156 3536 rn'si

53 3561 218 3628 donationes
249 3565 448 3630 eccles-iarum
478 3578 658 3630 nostrornm
688 3592 766 3653 qnos
796 3591 853 3632 ren
873 3571 1001 3654 fecerat
1025 3569 1155 3634 stabiles

55 3675 202 3740 sererent,
227 3675 257 3726 et
279 3686 337 3726 nos
360 3687 536 3750 soporentur·
552 3666 642 3752 regni
657 3668 907 3744 eonsuetudines,
932 3693 1026 3754 snper
1043 3669 1154 3754 qnibns

55 3756 119 3820 inter
146 3783 200 3824 nos
228 3771 274 3824 est
302 3773 372 3825 orta
412 3763 579 3841 contentio,
612 3764 747 3847 firmiter
778 3764 951 3829 observare.
1004 3768 1154 3852 Adeoque

55 3859 235 3941 profecerunt
258 3862 290 3922 in
313 3862 575 3946 perversitatibus
599 3866 673 3940 noia,
698 3875 733 3927 at
756 3886 859 3927 eornm
885 3866 1034 3928 instinctu
1056 3865 1154 3928 domi-

58 3975 101 4014 orn
126 3981 179 4019 ren
212 3980 315 4022 omnes
346 3958 465 4022 reditus
495 3973 618 4024 nostros
642 3973 671 4024 et
695 3972 871 4026 nostrornm
891 3974 965 4048 post
982 3985 1096 4048 paoem
1121 3965 1154 4025 in

114 4185 130 4235 ²,
149 4187 234 4253 epist.
253 4191 296 4242 26.
