2840 4840
311 433 346 487 26
584 434 671 489 XXX.
691 434 731 488 De
749 433 914 488 Pontificatn
934 432 1066 488 Bonifatii
1086 433 1164 488 vm.

310 579 426 641 seruire
451 577 489 640 (le
497 577 621 663 festalis,
646 577 695 641 ccl
710 578 926 642 subventiones
941 576 1066 662 facere,
1090 579 1123 640 in
1139 577 1403 664 quibusfeudonuu

310 677 434 740 ratione
466 684 628 738 tenentur:
652 679 724 764 jam
754 699 818 739 non
844 685 997 761 poterunt
1028 699 1123 740 utitem
1153 675 1300 760 sciphum,
1330 695 1403 736 urium

311 799 420 861 equom
450 775 528 838 dare
562 771 739 836 liberaliter¹
769 775 838 858 rapi
869 795 934 838 suo.
994 773 1070 838 Noa
1090 773 1203 860 fertur
1233 773 1275 836 ad
1297 773 1364 836 tales
1381 783 1403 836 it

310 873 487 937 consimiles
509 872 786 956 interpretationes
816 871 966 936 subdolas
995 871 1098 936 dictae
1120 883 1249 936 rwstras
1276 868 1403 950 Constitui

310 971 407 1034 tionis
430 969 583 1033 intentio:
608 980 672 1032 tom
686 969 863 1055 falsidicos
887 972 1074 1055 interpretes
1096 991 1160 1033 non
1176 969 1403 1052 adnatabant

308 1069 382 1132 baec
395 1065 522 1153 plenius
539 1064 698 1152 aliquibus
723 1069 786 1131 tuis
804 1069 925 1131 reuertiis
950 1077 979 1132 et
994 1067 1222 1153 familiaribus
1238 1069 1321 1130 aione
1342 1065 1403 1156 cccii

309 1167 436 1230 oraculo
460 1166 588 1251 saepius
611 1164 758 1228 clusimus
782 1164 979 1250 exponendo.
1402 1159 1403 1252 i

139 1287 296 1328 saliuncae
422 1265 475 1329 27.
522 1262 705 1327 Recruduit
747 1265 872 1327 interea
904 1262 1028 1328 bellum
1060 1264 1145 1327 inter
1173 1262 1357 1348 Philippum
1382 1257 1403 1370 ‘i

170 1349 267 1392 ΨΜ·
309 1361 505 1426 Eduardum
524 1384 563 1426 ac
580 1359 769 1425 Gnidonem
786 1360 979 1441 Flandrum,
1005 1383 1109 1446 eaque
1133 1363 1307 1425 occasione
1328 1359 1403 1442 ctiam

309 1461 425 1526 Petrus
449 1459 572 1524 Barbet
602 1458 873 1545 archiepiscopus
899 1460 1124 1543 Biturigarum
1148 1460 1320 1542 (Bourges)
1348 1473 1403 1536 cun

310 1559 501 1644 provinciae
518 1558 736 1640 suffraganeis
759 1569 791 1619 et
814 1556 994 1621 abbatibus
1017 1556 1060 1620 ad
1075 1556 1282 1621 Bonifatium
1305 1555 1403 1622 fiuent

309 1657 402 1721 dedit
417 1657 512 1720 initio
529 1656 608 1718 anni
628 1655 723 1736 1297,
749 1654 869 1740 quibus
886 1657 1034 1740 exponit,
1050 1665 1255 1740 quantopere
1272 1657 1305 1718 in
1321 1651 1391 1718 Gall

310 1754 507 1819 Constitutio
536 1751 671 1817 Clericis
687 1753 787 1817 laicos
810 1755 938 1818 animos
962 1754 1188 1832 commoverit,
1214 1776 1254 1816 ac
1278 1754 1363 1838 petit.
1384 1771 1398 1811 ι

309 1854 390 1938 ipsis
422 1851 521 1915 liceat
550 1853 619 1933 regi
645 1851 679 1914 in
704 1849 766 1914 hoc
794 1849 880 1915 bello
905 1850 1063 1916 subsidiis
1093 1873 1296 1929 succurrere,
1328 1863 1394 1933 utqu

310 1950 463 2014 Pontifex
487 1947 699 2013 concordiam
724 1971 800 2012 cum
824 1971 900 2032 rege
916 1959 1101 2030 conservet,
1126 1971 1167 2013 ne
1190 1959 1296 2013 status
1318 1945 1401 2012 ΕοιὶἸ

308 2051 376 2113 siae
410 2047 603 2113 Gallicanae
635 2045 796 2111 turbetur.
852 2047 907 2111 Ad
938 2047 1020 2110 haec
1056 2048 1204 2132 episcopi
1234 2049 1354 2132 partim

308 2155 398 2210 metu
421 2147 518 2229 regis,
552 2146 673 2230 partim
698 2165 741 2208 ex
764 2147 866 2209 nimio
892 2145 1037 2230 quodam
1061 2146 1189 2228 patriae
1213 2165 1326 2208 arnone
1349 2163 1392 2206 mo

307 2244 474 2309 videntur.
522 2241 756 2308 Cistercienses
786 2245 875 2307 enim
909 2253 1023 2307 contra
1054 2243 1190 2307 modum
1220 2265 1287 2328 quo
1318 2263 1370 2306 rex
1400 2287 1401 2292 η

307 2343 454 2428 episcopi
486 2341 640 2425 agebant,
672 2341 944 2426 protestationem
977 2342 1197 2420 emiserunt.¹)
1244 2341 1382 2406 Bonifati

305 2442 460 2527 episcopo
493 2443 614 2522 magnis
645 2459 720 2502 cum
753 2437 958 2522 benignitate
981 2438 1025 2503 ΙΙ.
1057 2437 1132 2502 Kal.
1165 2437 1265 2503 Febr.
1291 2461 1321 2504 a.
1346 2435 1397 2500 129

307 2538 486 2624 respondit,
511 2536 661 2601 subsidia
676 2535 768 2620 larga
783 2537 840 2600 liae
854 2537 918 2599 uice
941 2536 1052 2601 danda
1069 2537 1241 2621 permittit,
1267 2534 1382 2618 simulq

307 2639 426 2700 iterum
442 2635 601 2718 favorem,
626 2655 691 2720 quo
713 2655 824 2716 regem
841 2631 971 2699 Galliae
996 2635 1134 2720 ejusque
1158 2656 1300 2718 regnum
1325 2655 1377 2718 pro

307 2743 436 2820 quatur,
461 2731 574 2796 multis
590 2731 764 2816 significat.
781 2767 824 2778 -
845 2731 930 2796 Aliis
946 2730 1064 2796 litteris
1087 2733 1129 2796 ad
1147 2751 1260 2816 regem
1287 2731 1396 2797 directi

307 2833 400 2896 Exiit
421 2854 523 2916 nuper
545 2840 577 2894 et
601 2831 749 2893 Romana
771 2841 872 2894 mater
896 2827 1036 2907 ecclesia,
1061 2829 1117 2894 dd.
1143 2829 1219 2896 Vll.
1246 2831 1298 2896 Id.
1324 2829 1387 2894 Feb

307 2949 382 2994 eum
395 2939 513 2996 nronet.
531 2949 573 2992 ne
586 2926 700 2991 eredat
701 2927 812 3014 ,quod
826 2926 1027 2992 Constitutio
1039 2927 1095 2992 illa
1108 2927 1231 2994 habeat
1242 2931 1393 3015 interpret

306 3029 420 3091 tiorum
432 3028 477 3090 sic
489 3027 641 3103 strictam,
653 3027 698 3089 sic
710 3025 860 3109 ripidam,
874 3027 920 3090 sic
932 3049 1075 3107 orarum,
1082 3037 1182 3113 prout
1195 3005 1403 3116 nonnidlorud

305 3137 336 3189 et
358 3124 539 3212 specialiter
561 3124 600 3186 de
624 3133 675 3186 tuo
700 3123 841 3204 consilio,
866 3126 1098 3209 interpretatur
1118 3125 1288 3203 martia„
1314 3119 1403 3216 ··’i

305 3223 477 3287 reducatur
491 3223 623 3285 humone
647 3221 691 3285 ad
714 3243 826 3285 sanum
842 3232 872 3285 et
886 3221 1111 3286 rationabilem
1127 3221 1334 3288 intellectum.
1369 3199 1403 3304 ii

306 3323 372 3386 rios
396 3342 492 3384 casus
521 3329 730 3383 occurrentes
763 3319 840 3384 dein
871 3318 1111 3431 benignissime
1135 3319 1298 3406 explicat,
1327 3321 1385 3385 doc

307 3418 363 3482 iiia
385 3416 482 3482 Bulla
508 3439 573 3482 non
607 3415 786 3502 prohiberi,
820 3419 998 3504 quominus
1028 3419 1172 3503 pecunia
1203 3418 1250 3484 ab
1287 3417 1399 3483 ecclesi

306 3517 375 3602 regi
391 3526 507 3580 mutua
530 3516 627 3580 detur
641 3514 694 3579 vel
719 3515 808 3580 dona
832 3517 874 3580 ab
898 3515 1132 3580 ecclesiasticis
1156 3517 1269 3580 amice
1286 3519 1388 3581 inrita

306 3615 496 3694 offerantur,
522 3622 554 3677 et
570 3614 739 3698 permittit,
765 3624 802 3676 ut
818 3615 851 3678 in
868 3635 947 3678 casu
968 3616 1184 3692 necessitatis,
1208 3635 1280 3700 quo
1302 3625 1396 3701 propt

302 3711 479 3801 periculum
501 3712 537 3774 in
559 3733 649 3775 mora
672 3733 697 3774 s.
724 3709 826 3775 Sedes
849 3711 934 3776 adiri
958 3723 1111 3797 nequeat,
1136 3713 1239 3776 etiam
1266 3715 1341 3776 sine
1364 3711 1389 3794 ej

305 3807 440 3873 licentia
471 3807 620 3872 subsidia
650 3811 717 3892 regi
750 3808 972 3874 conferantur.
1027 3807 1134 3874 Simul
1166 3818 1301 3892 minen,
1334 3831 1375 3895 qu

306 3906 370 3970 hac
393 3907 520 3970 ratione
544 3907 698 3971 Pontifex
727 3927 838 3991 regem
869 3905 999 3972 mulciri
1031 3907 1188 3988 studeret,
1220 3909 1255 3972 ei
1290 3911 1389 3972 minat

307 4005 695 4084 excommunicationem,
719 4004 746 4068 si
772 4006 949 4090 pecuniam
973 4026 1032 4089 pro
1057 4003 1151 4070 bellis
1169 4007 1279 4072 sacris
1296 3985 1403 4124 R⁰¹¹¹²i

1402 4127 1403 4162 i

380 4217 400 4283 ¹)
419 4215 556 4281 Bostaris,
575 4215 615 4270 La
633 4216 736 4271 Franee
754 4229 816 4270 sous
835 4215 1066 4286 PhilippeleBet,
1084 4233 1110 4286 p.
1129 4217 1172 4272 at.
