2836 4848
445 427 485 481 De
505 426 641 482 Decretali
660 429 752 484 Norit.
1095 429 1167 494 stt>

55 573 133 637 libus
158 593 282 659 quoque
307 573 341 636 in
366 571 483 635 ordine
506 571 548 634 ad
570 569 756 656 spiritualia
775 571 929 658 judicare
944 581 1061 658 potest.
1110 572 1165 657 At,

55 673 154 758 inquit
179 669 365 754 Barclayus,
398 669 534 747 „babent
557 679 587 731 et
608 691 671 732 rrum
695 669 832 734 lateam
864 669 963 734 simul
987 691 1068 735 vera
1095 691 1166 734 esse

55 791 112 832 non
140 777 283 854 possunt.
337 765 551 851 Responde0:
587 765 736 844 ,Habeat
758 777 789 831 et
809 791 874 832 moa
897 767 1033 832 babeat“
1066 767 1106 831 de
1130 790 1166 831 re

53 867 162 930 eadem
186 865 279 929 simul
305 885 478 928 versasse
503 875 688 949 nequeunt:
719 864 760 929 de
784 849 824 929 re'
843 865 977 931 diversa
1000 864 1083 929 nihil
1108 868 1167 930 im·

53 965 146 1051 pedit,
172 965 346 1050 quominus
362 983 442 1026 vera
465 982 535 1024 esse
557 963 692 1046 possint.
733 961 870 1028 Habent
884 965 1076 1028 coccineum
1100 963 1167 1049 pal-

51 1063 124 1126 lium
148 1073 182 1125 et
204 1081 268 1125 non
297 1058 422 1124 habent
449 1061 643 1124 coccineum
673 1057 822 1145 pallium,
855 1062 955 1127 simul
984 1083 1064 1127 vera
1097 1084 1167 1127 esse

52 1169 226 1246 nequeunt3
252 1158 311 1221 sed
333 1156 435 1222 habet
458 1159 651 1222 coccineum
674 1156 823 1243 pallium,
848 1169 881 1223 et
903 1181 970 1224 non
994 1159 1097 1225 habet
1119 1162 1167 1224 ni·

51 1279 137 1340 grum
163 1254 300 1341 pallium
325 1277 404 1318 vera
428 1253 524 1318 simul
550 1277 620 1318 esse
643 1266 779 1341 queunt.
827 1253 883 1321 Sic
907 1259 1026 1342 igitur:
1062 1257 1168 1322 Habet

50 1379 100 1418 ree
121 1357 157 1418 ia
182 1353 406 1440 temporalibus
422 1354 614 1439 superiorem
631 1354 842 1439 temporalem,
866 1364 908 1437 et,
932 1378 997 1420 mou
1018 1353 1110 1419 babet
1132 1357 1168 1418 r'a

51 1450 268 1537 temporalibus
300 1453 492 1538 mperlorem
524 1451 739 1536 temporalem,
776 1473 857 1516 vara
888 1475 958 1516 esse
988 1463 1167 1539 nequeunt.

50 1548 116 1630 Sed,
149 1549 242 1612 babet
264 1572 323 1612 rear
346 1551 381 1612 ia
405 1548 631 1636 temporalibus
662 1551 855 1636 superiorem
884 1549 1094 1637 spiritualem,
1125 1561 1167 1629 et,

50 1671 103 1708 aaa
125 1647 219 1710 babet
240 1648 276 1710 ia
300 1646 526 1732 temporalibus
549 1648 741 1732 superiorem
757 1648 969 1734 temporalem,
995 1650 1167 1714 verissima

50 1744 137 1808 simul
162 1767 234 1808 esse
259 1755 396 1829 possunt
419 1754 452 1808 et
475 1746 615 1825 sunt.“¹)
670 1746 787 1810 Petrus
811 1746 853 1809 de
877 1747 992 1810 Marca
1023 1745 1169 1810 admittit

50 1843 187 1926 quidem,
200 1845 243 1906 ab
259 1841 453 1906 Innocentio
467 1843 530 1907 sibi
554 1842 654 1906 tribui
671 1843 838 1929 quoddam
850 1843 906 1928 jus
922 1844 1167 1908 interveniendi

50 1942 77 2003 in
98 1939 199 2004 rebus
223 1939 479 2025 temporalibus:
511 1940 576 2018 recl,
602 1940 719 2026 inquit,
746 1946 804 2030 jus
827 1940 911 2006 illud
935 1941 1012 2006 Sedt
1033 1942 1168 2030 Aposto-

49 2037 119 2101 b'rae
142 2038 329 2117 mutuavit,
355 2039 384 2102 si
407 2061 428 2101 a
448 2037 651 2125 principibus
673 2031 816 2124 ipsisde
830 2064 864 2103 rc
882 2041 1029 2126 ambipua
1053 2051 1082 2102 et
1105 2039 1168 2124 ‹tis-

41 2135 115 2216 ,tritt
136 2137 364 2212 consuleretur,
390 2146 446 2199 aut
468 2139 536 2224 ejus
560 2139 735 2200 auctoritas
757 2137 1000 2224 imploraretur;
1023 2138 1168 2223 quemod-

48 2235 163 2296 modum
188 2235 349 2298 acciderat
372 2235 407 2296 lu
431 2255 529 2298 causa
550 2235 633 2320 repis
649 2235 838 2321 Pttttppt.²)
866 2235 1053 2300 Arbitraria
1071 2233 1168 2319 plane

49 2331 279 2416 interpretatio.
325 2331 567 2396 Auctoritatem
592 2331 763 2396 Pontificis
787 2332 1067 2418 independentem
1090 2331 1167 2396 Phi·

47 2428 119 2514 lippi
144 2432 264 2516 petitio
288 2432 454 2515 supponit,
480 2451 542 2493 neo
565 2429 637 2516 ejus
661 2432 814 2494 invitatio
838 2441 1033 2516 potestatem
1057 2429 1168 2493 Ponti·

49 2527 93 2590 tiri
116 2527 321 2608 conferebat,
347 2527 400 2592 vel
424 2549 500 2592 eum
528 2538 565 2593 ut
585 2527 747 2593 arbitrum
772 2531 807 2594 in
830 2528 943 2615 aliqua
968 2550 1068 2592 causa
1093 2550 1167 2593 con·

49 2625 209 2691 stituebat.
269 2626 343 2690 Non
384 2626 547 2710 agebatur
576 2628 665 2690 enim
703 2627 745 2691 de
776 2626 900 2691 arbitro
936 2625 1166 2690 constituendo

50 2723 122 2788 inter
139 2724 227 2789 duas
244 2735 354 2810 partes
377 2723 554 2808 litigantes,
580 2723 638 2788 sed
662 2723 704 2788 de
728 2725 915 2790 exercenda
934 2723 1167 2810 jurisdictione

50 2821 241 2887 voluntaria.

128 2929 181 2992 ta.
210 2927 394 2992 Decretalis
417 2926 521 2992 altera
544 2927 742 3009 Innocentii,
773 2927 814 2992 de
837 2949 903 3014 qua
926 2948 1024 3011 agere
1048 2947 1166 2990 conve·
1198 2986 1325 3027 „mn

50 3027 99 3103 niu
122 3037 172 3090 est
199 3025 255 3090 illa
279 3048 364 3112 quae
388 3027 507 3111 incipit
532 3027 640 3092 Novit.
683 3027 724 3089 In
748 3024 864 3090 eadem
880 3025 1056 3110 principia,
1081 3045 1166 3109 quae
1212 3049 1305 3089 rtortt.

50 3123 184 3202 generali
212 3125 339 3188 ratione
364 3125 397 3188 in
423 3122 590 3188 Decretali
616 3125 676 3188 Per
698 3123 906 3188 uenerabilem
935 3123 1168 3207 exprimuntur

51 3319 119 3384 riter
140 3330 376 3407 proponuntur
398 3318 499 3383 relate
522 3319 566 3384 ad
590 3329 696 3383 cartas
712 3318 873 3405 quasdam
898 3339 1025 3382 causas.
1073 3315 1168 3380 Com·

51 3429 152 3500 petere
187 3417 255 3482 sibi
287 3419 516 3482 auctoritatem
552 3420 697 3503 supremi
725 3417 852 3503 judicis
885 3418 971 3480 inter
1001 3416 1169 3500 principes

53 3519 138 3581 certis
160 3519 199 3581 in
224 3515 357 3580 casibus
380 3514 594 3599 (casualiter),
626 3526 659 3579 et
688 3515 778 3579 unde
807 3513 987 3600 repetenda
1020 3514 1063 3576 sit
1086 3512 1169 3596 ejus·

53 3615 130 3678 modi
152 3615 346 3695 auctoritas,
378 3611 499 3677 clarius
531 3615 632 3677 etiam
661 3615 695 3677 in
719 3611 783 3677 hac
814 3610 982 3676 Decretali
1015 3609 1169 3674 Pontifex

54 3711 173 3776 evolvit.
224 3711 303 3776 lam
332 3733 548 3797 exponamus,
573 3733 639 3798 qua
668 3711 841 3775 occasione
873 3709 955 3773 haec
982 3704 1168 3772 Decretalis

54 3811 130 3876 edita
152 3814 205 3878 sit.
231 3848 276 3858 -
300 3809 465 3892 Vidimus,
490 3833 576 3874 nano
604 3811 688 3875 1203
712 3831 815 3894 grave
840 3807 963 3873 bellum
987 3807 1073 3870 inter
1092 3804 1168 3870 Phi-

61 3965 259 3974 ---.-.--——

116 4061 136 4126 ¹)
154 4061 194 4114 De
207 4063 348 4128 potestate
360 4057 456 4112 summi
467 4057 607 4112 Pontificis
620 4057 648 4112 in
661 4057 741 4112 rebus
755 4055 949 4125 temporalibus
968 4054 1031 4109 eds.
1041 4053 1167 4109 Gulielm.

58 4135 211 4206 Barclaynm.
252 4137 281 4192 C.
302 4137 365 4191 XII.
385 4139 409 4190 2.

117 4219 136 4286 ²)
155 4221 194 4274 De
214 4217 366 4272 Concordia
383 4217 531 4272 Sacerdotii
551 4223 579 4272 et
598 4217 708 4285 Imperii
726 4217 757 4272 L.
777 4215 798 4270 1.
818 4215 846 4269 C.
868 4213 918 4271 111.
