2964 4838
282 443 337 496 442
465 441 591 496 XXXVI.
617 440 659 495 De
677 447 754 495 statu
775 441 912 497 Ecclesiae
931 447 1065 510 vergente
1083 444 1159 499 Sacc.
1179 444 1239 499 XV.

374 585 427 650 45.
461 584 712 650 Alexander
735 583 784 649 VI
808 586 1070 666 (1492-1503).
1096 625 1139 634 -
1165 585 1233 652 Cir.
1252 587 1415 674 Raynuldi

286 683 431 748 Annales
463 707 492 748 a.
527 685 783 748 1492-1503.
823 721 860 732 -
898 684 1085 749 Burcherdi
1118 686 1270 750 Βίανίιιιιι
1303 685 1417 750 Curiae

287 783 378 845 Rom.
403 781 459 844 aab
476 779 664 844 Aleaecadro
688 781 740 858 VI,
765 803 819 868 ap.
835 781 960 844 Eccurd
979 779 1077 868 Copp.
1101 784 1174 846 hist.
1200 785 1241 850 II.
1260 785 1361 848 2017.
1377 821 1417 830 —

288 879 422 962 Ranke,
457 879 598 942 Histoire
629 877 667 942 de
692 877 725 942 la
745 880 894 965 papante
912 880 1062 966 pendunt
1093 880 1137 944 lac
1163 881 1247 946 XVI
1270 893 1299 944 ct
1324 883 1424 946 XVII
1475 967 1476 970 Ἴ

289 977 407 1042 aceles.
1475 994 1476 1034 l

149 1083 248 1126 sm
379 1072 825 1140 ouiitrnnocenuusvm
856 1074 1107 1141 creausus
1139 1076 1293 1142 araas.
1345 1075 1423 1142 ear.
1475 1061 1476 1072 '

151 1147 244 1187 (Μ’
290 1172 418 1238 dinales
443 1173 497 1236 die
520 1173 559 1236 9⁰
584 1172 727 1256 Augusti
752 1172 911 1236 conclave
935 1174 1085 1257 ingressi,
1111 1172 1165 1236 die
1191 1176 1249 1237 11⁰
1273 1175 1421 1260 Augusti

289 1273 323 1335 in
348 1271 543 1335 Pontificem
577 1269 750 1350 elegerunt
773 1269 973 1334 Rodericum
1006 1269 1219 1334 Cardinalem
1251 1272 1422 1358 Burgum,

288 1369 345 1456 qui
369 1366 555 1432 Ateaeaadar
585 1366 634 1430 VI
659 1366 844 1452 appellatus
875 1377 933 1434 est.
982 1367 1083 1433 Haud
1112 1368 1218 1432 felicis
1249 1391 1334 1434 sane
1362 1393 1422 1434 me·

288 1468 412 1531 moriae
436 1468 523 1530 inter
546 1465 726 1529 Pontifices
757 1464 1022 1531 cst-Alexander
1046 1466 1113 1547 VI;
1144 1477 1289 1531 attamen
1316 1468 1422 1532 multa

287 1566 317 1628 ei
342 1564 526 1650 exprobata
550 1585 621 1626 esse
644 1562 803 1628 videntur
825 1565 896 1628 sine
921 1562 1026 1627 solido
1051 1563 1277 1629 fundamento.
1328 1565 1423 1630 Disti-

288 1661 393 1726 cultas
424 1682 606 1748 permagna
638 1659 680 1724 ad
713 1681 793 1724 vera
825 1660 960 1724 afalsis
984 1662 1204 1727 discernenda
1235 1664 1268 1726 in
1294 1685 1337 1726 eo
1364 1667 1419 1726 sita

289 1771 347 1832 est,
373 1760 462 1846 quod
486 1768 696 1822 accusatores
721 1757 905 1823 Alexandri
931 1761 1106 1844 scriptores
1131 1762 1197 1824 siut
1220 1761 1335 1824 minus
1361 1762 1423 1824 fide

290 1858 402 1941 dignI,
438 1859 485 1921 uti
512 1855 742 1921 Guicciardini
776 1866 808 1920 et
830 1854 967 1934 Jovius,
1004 1855 1155 1921 homines
1185 1855 1340 1944 partibus
1370 1859 1416 1922 ad·

293 1957 373 2022 dicti
398 1967 431 2018 et
454 1966 606 2019 auctores
630 1953 778 2018 historici
803 1975 920 2039 parum
944 1953 1069 2020 fideles.
1114 1955 1321 2040 Praecipuus
1347 1977 1414 2018 veru
1477 1928 1478 2016 l

291 2056 433 2140 scriptor
456 2055 512 2139 qui
540 2051 723 2118 Alexandri
749 2053 832 2116 vitia
856 2062 1005 2134 enarrat,
1030 2064 1080 2117 est
1103 2051 1331 2134 Burchardus‚
1364 2054 1410 2138 qui

289 2176 330 2218 ex
361 2153 497 2216 civitate
531 2151 805 2234 Argentoratensi
839 2151 999 2215 oriundus
1033 2151 1094 2215 sub
1119 2151 1314 2216 Innocentio
1341 2149 1416 2215 vm

289 2263 321 2316 et
346 2249 537 2314 Alexandro
562 2249 614 2313 VI
645 2249 806 2332 Magister
838 2250 1121 2313 caeremoniarum
1154 2259 1224 2313 crat
1255 2252 1289 2314 in
1322 2247 1421 2315 Curia

289 2349 455 2428 Romana,
491 2349 615 2434 quiquo
640 2347 791 2410 Diarium
815 2346 1013 2431 conscripsit
1044 2347 1076 2410 ln
1103 2367 1167 2432 quo
1193 2347 1297 2411 inulta
1321 2350 1420 2412 conti·

288 2456 410 2512 nentur
434 2445 531 2509 valde
556 2444 724 2530 probrosa,
749 2465 836 2530 quae
859 2443 902 2507 ab
928 2443 981 2507 illo
999 2447 1070 2508 viro
1096 2445 1199 2510 crudo
1225 2445 1323 2510 modo
1351 2469 1421 2510 ner-

289 2555 414 2610 rantur.
461 2541 527 2608 Sed
552 2564 721 2606 successor
745 2543 817 2628 ejus
841 2541 935 2605 Paris
960 2541 1000 2604 de
1021 2539 1155 2606 Grassis
1182 2543 1222 2606 do
1247 2544 1318 2629 ipso
1344 2543 1422 2607 Bur·

290 2641 414 2707 chardo
448 2641 511 2705 ait:
551 2641 625 2704 Noa
658 2639 758 2704 solum
790 2663 854 2704 noa
886 2641 1057 2717 intimamus,
1094 2641 1151 2703 sed
1185 2665 1286 2727 supra
1318 2663 1425 2704 omues
1478 2651 1479 2656 ’

290 2741 407 2806 bestiae
455 2739 718 2817 bestialisec'muc,
767 2739 1065 2814 inhumanissimus,
1112 2738 1392 2802 invidiosissimus.
1402 2737 1430 2800 'i

289 3015 459 3084 signifialent
478 3013 536 3066 rien
555 3027 589 3065 ou
608 3027 663 3079 peu
684 3012 717 3066 de
739 3012 825 3068 chose.
855 3053 862 3067 ·
883 3055 888 3068 ·
909 3057 914 3070 ·
945 3011 995 3066 Ces
1014 3011 1126 3079 emplois
1144 3018 1170 3066 ιι·
1190 3013 1303 3068 avaient
1321 3029 1432 3068 aucune-

290 3103 370 3150 autre
388 3095 564 3161 importunae,
593 3092 617 3146 si
637 3106 690 3146 non
710 3091 900 3159 d'augnaenter
919 3091 945 3145 la
964 3092 1059 3147 vuleur
1083 3091 1265 3150 desisteretis
1283 3111 1334 3163 par
1352 3097 1427 3162 quet·

290 3193 356 3246 ques
379 3175 479 3245 petites
503 3172 708 3241 prerogativa.
747 3171 788 3226 On
809 3186 843 3225 ne
861 3179 928 3238 peut
953 3171 1021 3226 donc
1040 3171 1251 3228 veritablement
1274 3176 1427 3230 considearr

290 3257 345 3312 ccci
364 3271 415 3324 que
434 3269 538 3308 comme
559 3267 595 3306 uu
616 3257 743 3320 ernprunt
769 3267 816 3305 sur
837 3258 927 3306 rentes
947 3251 1080 3320 viagercs.
1119 3249 1142 3306 Il
1161 3253 1205 3321 n'y
1224 3255 1304 3308 avait
1322 3271 1426 3309 aucune

292 3339 357 3394 ville
377 3353 412 3391 au
433 3336 538 3400 monde,
566 3337 600 3388 ou
621 3333 673 3388 l'on
695 3335 747 3402 pot
775 3333 865 3400 placer
882 3334 905 3387 si
925 3339 1188 3402 avantageusement
1215 3349 1257 3388 ses
1286 3335 1422 3402 capitana.

294 3415 394 3472 L'cliet
418 3415 558 3470 lavorable
581 3415 614 3468 de
637 3429 667 3468 ce
685 3415 803 3481 systeme
821 3413 951 3467 financior
973 3419 1077 3479 permet
1097 3429 1192 3468 encore
1210 3415 1243 3468 de
1261 3429 1298 3467 ne
1312 3429 1361 3482 naa
1380 3417 1425 3468 in-

295 3514 375 3567 poser
393 3498 425 3552 tle
445 3494 582 3550 octavelles
602 3503 688 3549 taxes.
726 3495 813 3548 Entre
833 3501 894 3547 tous
914 3494 951 3548 les
970 3494 1060 3558 Etata
1089 3492 1174 3548 l’Etet
1197 3495 1231 3548 de
1249 3492 1372 3566 l’Eglise.
1398 3505 1425 3546 et

298 3581 382 3634 Rome
401 3583 479 3632 entre
498 3581 589 3628 tontes
608 3575 647 3629 les
667 3574 753 3633 villos,
773 3574 906 3642 payaient
918 3572 990 3626 alors
1004 3572 1042 3626 lea
1055 3573 1115 3641 plus
1129 3573 1234 3642 legeres
1247 3575 1422 3642 impositione

296 3691 328 3702 -
353 3659 423 3712 Mais
442 3664 485 3711 cet
504 3660 564 3708 etat
582 3655 615 3710 de
634 3655 726 3710 choses
745 3670 779 3708 ne
797 3654 909 3722 pouvait
926 3669 955 3707 ss
973 3653 1119 3721 prolonger
1137 3669 1172 3706 au
1197 3654 1259 3708 dela
1283 3655 1322 3710 du
1341 3663 1427 3722 tenu

292 3744 327 3796 ou
347 3737 477 3794 cesserait
496 3735 646 3791 l’excedant
664 3735 711 3788 cles
730 3735 829 3788 scisses
852 3734 885 3788 de
904 3732 996 3786 l’Etat
1032 3732 1107 3788 Leon
1126 3733 1151 3788 X
1170 3749 1205 3790 ue
1223 3736 1351 3790 trouvnit
1368 3737 1423 3803 deii

292 3821 352 3889 plus
371 3821 387 3872 t
407 3816 519 3872 realiser
537 3821 598 3869 tous
617 3831 659 3870 ses
681 3821 828 3882 emprunts.
866 3815 900 3867 Sa
924 3818 996 3868 mort
1019 3813 1109 3868 subite
1134 3813 1218 3868 laissa
1241 3816 1281 3870 les
1309 3817 1427 3870 oannes

292 3903 360 3956 dens
379 3915 416 3954 un
430 3902 490 3954 etat
509 3895 705 3965 d'tpuisemeut
724 3896 769 3962 qui
788 3911 817 3950 se
835 3894 867 3948 tit
886 3896 1025 3949 aisement
1042 3894 1131 3948 sentir
1144 3897 1160 3947 t
1174 3911 1217 3950 ses
1230 3911 1421 3950 successam·

296 3981 417 4038 Histoire
449 3979 481 4033 le
512 3978 540 4032 la
560 3979 683 4045 Papaute
715 3977 835 4044 pendant
865 3975 904 4028 les
929 3974 1009 4028 xvle
1033 3981 1061 4030 et
1080 3973 1175 4028 xv11e
1198 3975 1313 4043 siecles,
1344 3977 1376 4032 T.
1395 3977 1417 4030 ll

372 4153 394 4218 ¹)
413 4149 445 4205 V.
461 4147 585 4202 Diarium
599 4145 706 4200 Paridis
722 4160 764 4213 ap.
781 4143 1101 4212 DollingerAEeitrltgea.
1112 4141 1209 4201 Gesch.
1226 4151 1278 4200 etc.
1296 4145 1328 4200 T.
1343 4146 1390 4200 111.
1404 4163 1426 4214 μ

299 4235 359 4290 370.
373 4261 405 4272 -
421 4231 488 4284 Pars
497 4227 585 4284 Diarii
594 4225 742 4280 Burchardi
751 4226 825 4279 edita
838 4224 893 4278 fuit
907 4241 923 4278 u
935 4223 1072 4278 leibnitio
1083 4239 1107 4280 a.
1117 4223 1201 4291 lesu
1212 4225 1275 4279 dein
1285 4227 1355 4280 illud
1366 4225 1424 4280 tua-
