2902 4848
371 425 411 479 De
430 425 652 480 condemnatione
670 425 772 480 Hassii.
1095 425 1148 478 327

33 571 184 656 deinceps
206 569 333 655 Papam
365 591 435 632 esse
467 569 707 655 recipiendum,
738 569 796 632 sed
828 590 919 633 more
943 567 1146 634 Graecorum

37 667 210 732 vivendum
247 672 308 732 sub
344 667 486 752 propriis
523 666 669 750 legibus3
716 665 929 752 temporales
952 666 1147 732 clericorum

34 767 249 851 possessiones
273 787 343 828 esse
367 765 550 828 contrarias
574 785 598 828 s.
618 762 828 850 Scripturae;
853 763 1006 829 dominos
1024 774 1148 849 tempo·

34 863 109 927 rales
141 863 271 926 auferre
302 883 397 947 posse
429 861 517 925 bona
549 861 784 926 ecclesiasticis
808 861 1022 927 habitualiter
1045 861 1148 927 delin-

32 961 221 1047 quentibus,
245 959 408 1046 praelatos
424 981 490 1024 non
514 981 610 1046 posse
633 961 823 1045 quempiam
846 962 1147 1042 excommunicare,

34 1062 90 1123 nisi
129 1060 222 1146 prius
268 1060 387 1136 sciant,
428 1077 505 1120 eum
542 1079 613 1121 esse
648 1059 973 1123 excommunicatum
1005 1083 1025 1123 a
1056 1059 1129 1123 Deo
1139 1081 1146 1132 ;

33 1157 166 1222 diacono
197 1168 230 1221 et
260 1155 451 1242 presbytero
483 1154 584 1219 licere
608 1154 748 1219 verbum
777 1155 930 1221 divinum
954 1155 1147 1242 praedicare

32 1257 97 1318 sine
122 1255 278 1320 facultate
302 1254 414 1339 Papae
438 1264 471 1317 et
495 1254 741 1338 episcoporum
774 1254 926 1319 dominos
949 1253 1147 1340 temporales

30 1365 60 1415 et
81 1351 323 1417 ecclesiasticos
346 1374 406 1438 per
422 1361 594 1436 peccatum
620 1352 756 1416 mortale
780 1353 934 1417 excidere
958 1375 1017 1416 sua
1042 1352 1146 1437 digni-

31 1462 91 1516 trte
130 1461 162 1516 et
198 1459 374 1537 potestate3
415 1449 527 1535 plebes
562 1471 657 1534 posse
692 1449 734 1514 ad
770 1450 945 1514 arbitrium
982 1451 1146 1534 corrigere

30 1549 179 1613 dominos
212 1547 458 1634 delinquentem
494 1547 687 1612 fundatores
718 1547 883 1613 Ordinum
919 1547 1146 1632 religiosorum

31 1645 87 1710 huc
111 1646 309 1712 fundatione
333 1667 498 1732 peccasse,
524 1667 645 1732 eosque
669 1647 726 1731 qui
744 1647 777 1710 in
790 1645 974 1712 Ordinibus
986 1647 1148 1732 religiosis

30 1749 148 1809 vivunt
178 1768 242 1809 non
274 1767 345 1808 esse
378 1743 419 1807 de
452 1742 611 1828 religione
640 1744 831 1812 christiana.
878 1743 1063 1809 Ecclesiam
1086 1745 1148 1808 Ro·

30 1865 160 1909 marram
194 1845 294 1908 etiam
327 1839 518 1928 appellabat
555 1861 760 1928 synanogam
797 1853 951 1926 satanae,
989 1865 1147 1925 asserens,

31 1941 210 2005 Ecclesiam
237 1961 349 2004 veram
375 1961 445 2003 esse
470 1939 680 2024 complexum
699 1941 880 2026 justorum,
913 1940 1147 2025 indulgentias,

29 2039 223 2103 Sanctorum
249 2039 533 2103 canonisationem
551 2047 584 2102 et
600 2037 736 2120 cultum,
761 2061 871 2103 sacras
895 2039 1067 2123 imagines,
1092 2038 1148 2122 pia

23 2137 163 2222 jejunia,
188 2135 388 2200 coelibatum
413 2146 446 2198 et
469 2134 534 2199 alia
558 2135 784 2223 oppugnabat.
817 2135 1011 2204 Universim
1026 2135 1149 2222 rojecta

29 2235 196 2300 Ecclesiae
220 2245 253 2298 ot
276 2257 316 2299 ss.
343 2233 480 2297 Patrum
505 2235 709 2313 auctoritate,
743 2233 826 2298 nihil
851 2233 1053 2298 eredendum
1077 2255 1148 2297 esse

27 2331 200 2413 statuebat,
217 2331 306 2417 quod
323 2353 388 2395 non
407 2329 495 2394 clare
511 2332 735 2396 contineretur
750 2333 784 2396 in
802 2355 826 2397 s.
841 2331 1021 2417 Scriptura,
1048 2352 1148 2416 quam

27 2433 123 2496 etiam
151 2432 186 2494 in
210 2431 352 2515 patriam
376 2428 525 2514 linguam
550 2428 727 2511 transtulit,
758 2440 796 2493 ut
826 2449 940 2494 omnes
964 2451 1038 2493 eam
1063 2429 1148 2511 (sine

29 2532 109 2592 notis
137 2537 171 2591 et
194 2525 485 2613 explicationibus)
509 2526 667 2612 legerent.

109 2627 167 2690 44.
215 2624 431 2689 Manifestum
455 2633 504 2690 est
529 2623 667 2688 Wiclefi
693 2623 821 2688 haeresi
852 2645 918 2688 non
942 2633 1071 2688 tantum
1095 2643 1147 2708 pe-

26 2725 167 2788 culiares
191 2721 353 2808 quosdam
377 2721 533 2786 articulos
549 2721 625 2787 fidei
641 2723 766 2807 impeti,
791 2721 848 2785 sed
862 2723 966 2806 ipsius
978 2720 1148 2784 Ecclesiae

26 2823 252 2905 fundamenta,
284 2821 564 2902 constitutionem,
596 2818 829 2902 hierarchiam,
863 2829 1068 2904 potestatem,
1101 2820 1147 2883 in·

24 2922 147 3000 stituta,
172 2917 262 3002 leges
278 2917 404 2995 subrui,
430 2919 601 3003 ipsamque
626 2919 816 2982 societatem
834 2917 967 2982 civilem
984 2921 1018 2981 in
1035 2916 1147 2981 discri-

28 3039 97 3083 men
123 3015 248 3080 vocari.
288 3013 513 3080 Nihilominus
536 3017 666 3080 invenit
680 3013 807 3080 Wiclef
827 3019 861 3080 in
877 3014 1002 3096 Anglia
1026 3012 1146 3078 multos

25 3126 213 3197 sectatores,
245 3125 315 3178 tum
339 3136 382 3178 ex
404 3113 557 3178 litteratis
582 3123 614 3176 et
637 3113 857 3198 magnatibus,
883 3123 953 3176 tum
978 3133 1020 3176 ex
1044 3112 1145 3177 borni·

27 3213 121 3278 nibus
156 3212 307 3300 plebejis.
355 3211 409 3274 Ad
434 3211 468 3275 id
494 3213 587 3275 varia
611 3211 832 3277 contulerunt.
881 3209 1033 3297 Speciem
1057 3211 1146 3274 enim

27 3333 100 3394 prae
137 3335 173 3376 se
208 3309 336 3375 ferebat
371 3310 459 3372 vitae
495 3311 689 3392 severioris,
728 3320 761 3373 et
794 3308 913 3391 aulici,
954 3307 1147 3393 praesertim

23 3409 173 3474 loannes
205 3407 274 3471 dux
303 3407 519 3472 Lancastriae
559 3429 633 3471 eum
669 3407 906 3494 protegebant3
943 3415 1039 3490 grata
1070 3405 1147 3468 dein

23 3521 91 3571 erat
123 3507 279 3572 doctrina
303 3505 359 3570 illa
392 3505 433 3569 de
457 3507 719 3590 praeeminentia
742 3507 913 3592 potestatis
936 3503 1046 3568 civilis
1069 3524 1148 3589 praa

26 3614 187 3690 potestate
211 3603 385 3668 Pontificis
416 3613 449 3666 et
479 3604 721 3688 episcoporum,
753 3626 793 3668 ac
824 3603 865 3667 de
896 3601 1100 3687 occupandis
1117 3623 1149 3690 ¹a

25 3713 186 3786 potestate
210 3703 302 3786 regia
326 3699 422 3765 bonis
447 3700 691 3766 ecclesiasticis.
738 3700 883 3765 Facilior
917 3721 1047 3785 quoqne
1078 3711 1149 3762 erat

24 3823 172 3866 errorum
212 3800 407 3886 propagatio
446 3810 581 3883 propter
619 3797 763 3862 schisma
801 3810 876 3884 post
913 3796 1066 3880 Gregorii
1097 3795 1149 3860 XI

27 3910 164 3962 mortem
189 3907 352 3962 exortum.
398 3895 568 3960 Postremo
592 3905 718 3977 tamen,
749 3917 852 3981 quum
886 3895 1016 3959 sectarii
1048 3894 1147 3957 etiam

25 3995 186 4062 tumultus
216 3994 332 4060 civiles
363 3997 565 4074 excitarent,
604 3995 696 4078 regia
727 4015 858 4081 quoque
894 3993 1074 4058 auctoritas
1113 3993 1147 4055 in

27 4091 198 4158 haereseos
244 4091 332 4158 illius
378 4093 652 4178 exstirpationem
700 4091 863 4158 incubuit.
919 4089 1018 4154 Anno
1063 4089 1149 4154 1388

25 4191 212 4285 llialrardus
236 4191 270 4255 Π
293 4213 363 4270 rex,
395 4191 483 4255 edito
515 4189 653 4256 solemni
678 4190 798 4273 edicto,
828 4189 931 4254 libros
962 4197 994 4252 et
1025 4187 1150 4272 scripta
