2832 4844
332 448 373 502 De
392 447 537 502 Ordinibus
555 445 777 501 mendicantibus.
1064 448 1120 499 469

34 595 238 674 minuerentur,
274 600 432 656 tueretur.
491 589 556 655 Sed
592 591 715 676 passim
748 590 906 654 simultati
946 588 988 655 ob
1024 589 1120 654 influ-

32 713 87 754 mm
107 691 228 756 illorum
254 688 431 767 Ordinum,
465 697 497 752 et
520 689 722 774 imprudenti
747 687 856 752 ardori
888 687 1118 774 quorumdam,

32 790 68 874 qui
87 788 205 872 regulas
228 798 262 852 et
274 789 379 852 vitam
397 786 663 852 Mendioantium
688 796 724 850 ut
739 788 971 851 innovationes
995 785 1121 850 alienas

30 885 143 950 aeolida
165 889 289 950 virtute
319 893 352 948 et
381 883 558 969 disciplina
590 884 771 948 christiana
803 884 1032 966 traducebant,
1064 883 1120 948 ad-

30 983 207 1048 scribendum
231 995 289 1066 est,
314 983 402 1069 quod
427 983 625 1068 agitationes
646 983 760 1046 variae
785 983 820 1046 in
843 981 916 1046 illos
940 980 1120 1047 monachos

28 1081 128 1145 saeculo
150 1081 236 1146 XIII
260 1091 395 1144 exortae
419 1083 495 1144 sint.
538 1079 682 1161 Quando
698 1089 809 1144 autem
826 1103 846 1144 a
862 1080 1020 1144 Romanis
1036 1077 1121 1142 Pon-

27 1179 149 1260 b'icibns,
179 1202 201 1244 a
224 1178 432 1265 praesulibus
455 1178 685 1264 prudentibus,
710 1187 743 1242 et
764 1177 807 1243 ab
831 1177 1014 1242 illustribus
1037 1179 1120 1262 ipso·

25 1299 78 1340 mm
97 1277 257 1342 Ordinum
282 1278 373 1358 viris,
399 1278 532 1361 negotia
548 1287 624 1362 apte
649 1277 800 1341 discussa
824 1285 856 1340 et
878 1297 931 1340 res
954 1276 1122 1360 sapienter

26 1371 172 1458 dispositae
204 1375 348 1454 fuerunt,
379 1374 497 1438 turbae
522 1376 604 1439 istae
629 1374 763 1439 sedatae
787 1383 873 1458 sunt,
898 1384 997 1460 atque
1021 1395 1120 1458 appe-

23 1473 78 1550 mit
100 1475 172 1536 satis
196 1483 310 1556 patere
327 1470 526 1536 latissimum
543 1471 714 1556 religionis
731 1471 929 1536 christianae
954 1492 1119 1557 campum,

24 1569 46 1630 in
65 1591 119 1655 quo
141 1570 334 1655 multiplicis
362 1573 493 1655 generis
523 1572 665 1656 operarii
697 1569 826 1634 labores
856 1593 931 1634 euos
961 1569 1119 1656 perficere

23 1671 127 1750 possint.

87 1838 136 1902 99.
148 1836 357 1902 Celebriores
369 1837 503 1901 fuerunt
516 1837 685 1900 mediante
698 1837 829 1902 saeculo
840 1837 924 1902 Xlll
938 1836 1022 1919 lites,
1036 1857 1118 1922 quas
1147 1852 1277 1893 (subornas

22 1931 222 2000 llendicantes
245 1934 392 1998 habuere
423 1955 499 1998 cum
524 1935 750 2000 Universitate
774 1936 963 2000 Parisiensi.
1015 1936 1056 1998 In
1080 1955 1119 1997 ea
1136 1915 1279 1956 “⁸'Am⁰‘⁰'

21 2031 195 2114 amplissima
212 2031 438 2097 Universitatc
459 2031 675 2096 Dominicani
694 2033 767 2118 jam
791 2056 878 2098 anno
897 2035 992 2115 1229,
1017 2033 1119 2096 Fran-

21 2129 116 2192 risreni
138 2153 228 2195 anno
254 2131 337 2194 1231
372 2128 547 2194 cathedras
579 2129 812 2213 obtinuerunt3
846 2134 969 2218 pariter
1000 2141 1032 2194 et
1061 2130 1118 2195 alii

20 2223 134 2292 Ordines
157 2229 313 2312 religiosi,
338 2230 387 2291 uti
402 2229 744 2292 Praemonstratenses
767 2251 855 2294 anno
879 2231 975 2306 1252,
1000 2227 1119 2293 Cister-

22 2325 118 2389 rieuscs
140 2349 231 2392 anno
258 2327 353 2407 1261,
379 2325 617 2390 Cluniaceuses
646 2349 733 2391 anuo
760 2329 856 2411 1269,
889 2350 965 2392 suos
993 2327 1040 2392 ibi
1064 2326 1120 2391 ha-

19 2415 94 2486 buere
116 2425 327 2509 professores.
381 2423 448 2488 Sed
472 2431 586 2487 comma
610 2424 861 2507 Dominioanos,
886 2448 989 2512 quum
1014 2425 1048 2489 hi
1071 2448 1119 2489 re·

19 2515 98 2600 ligiosi
122 2521 289 2608 quaedam
320 2520 496 2585 arbitraria
525 2529 656 2602 statuta,
689 2526 883 2608 praesertim
916 2522 957 2588 do
992 2525 1120 2608 suppri-

17 2619 120 2684 mendis
154 2618 456 2705 praelectionibus,
491 2621 641 2704 recipere
679 2620 820 2700 nollent,
857 2620 1120 2686 vehementiores

18 2730 99 2780 nutus
121 2721 185 2782 orti
211 2727 298 2782 sunt.
344 2716 492 2780 Maxime
521 2715 697 2782 Guilelmus
721 2720 918 2784 eadmero
948 2742 968 2783 a
1001 2718 1120 2783 natalis

14 2812 56 2876 soli
76 2817 195 2902 oppido
221 2815 311 2901 apud
324 2815 495 2900 Sequanos
519 2828 740 2901 nuncupatus,
765 2820 799 2882 in
824 2841 849 2883 s.
864 2817 1036 2882 Facultate
1060 2818 1119 2881 Pa·

15 2911 119 2977 risiensi
150 2915 270 2980 doctor
303 2912 494 2996 theologus,
536 2915 751 2997 gravissimas
784 2927 865 2980 tunc
900 2918 1014 2980 connis
1051 2915 1117 2981 FF.

13 3005 243 3077 Praedicatores
265 3022 365 3097 atque
382 3012 482 3074 etiarn
498 3011 643 3076 Minores
659 3015 821 3078 excitavit
837 3014 965 3096 turbas3
991 3016 1025 3077 in
1041 3036 1119 3078 suas

12 3119 99 3188 partes
110 3111 214 3174 traxit
228 3109 465 3174 Universitatie
480 3109 625 3173 decanos
641 3120 674 3173 et
690 3113 799 3176 varios
814 3113 895 3176 alios
908 3113 1068 3193 doctores,
1086 3121 1119 3176 et

12 3201 232 3272 Dominicanos
244 3229 263 3272 e
274 3209 400 3291 graffio
412 3206 648 3272 Universitatis
662 3207 825 3274 eliminari
839 3211 979 3274 curavit.
995 3209 1118 3274 Totum

12 3301 83 3366 sirus
112 3305 232 3370 effudit
262 3307 297 3370 in
328 3307 489 3370 concione
521 3306 559 3368 de
588 3303 763 3370 Publicoao
795 3319 825 3372 et
856 3309 1049 3390 Phar-isaeo,
1083 3309 1120 3371 in

12 3391 74 3463 libro
96 3403 133 3466 de
151 3402 311 3489 periculis
333 3403 575 3467 comemmorans
599 3413 780 3489 temporum,
809 3414 841 3469 et
864 3407 899 3469 iu
923 3405 1117 3491 quaestione

12 3495 37 3556 de
61 3499 161 3565 saido
196 3501 414 3581 mendicante,·
444 3500 549 3564 multa
583 3502 618 3564 in
649 3500 741 3566 hisee
773 3502 860 3566 dixit
889 3504 1051 3586 injuriosa
1082 3504 1117 3567 in

12 3601 219 3663 auctoritatem
252 3599 321 3666 RR.
345 3598 556 3677 Pontificum,
588 3608 688 3684 etque
713 3600 747 3663 iu
772 3602 875 3664 vitam
908 3611 941 3665 et
972 3599 1116 3686 discipli-

12 3711 69 3757 nam
84 3695 312 3780 religiosorum
328 3696 604 3777 Mendicantium,
622 3700 885 3783 assertionesque
902 3697 1008 3762 edidit
1023 3720 1115 3762 scan-

12 3787 116 3858 delosas
140 3807 173 3859 et
197 3795 348 3880 querelas
379 3796 504 3872 inanes,
536 3806 762 3880 exaggeratas,
792 3795 880 3860 ultra
908 3795 1043 3860 modum
1068 3797 1116 3860 in·

12 3900 91 3972 eptas.
135 3891 354 3957 Innocentius
378 3893 437 3974 IV,
462 3891 656 3955 Alexander
680 3891 728 3956 IV
752 3902 785 3956 et
808 3893 966 3958 Urbanus
983 3893 1031 3958 IV
1056 3891 1116 3959 Or·

12 3983 82 4050 lines
105 3989 335 4055 mendicantes
361 4000 474 4053 contra
498 3992 577 4054 istos
594 3989 735 4053 insultus
759 3992 832 4054 tuiti
858 4001 943 4071 sunt,
967 4014 1007 4055 ao
1031 3989 1116 4056 liber

12 4083 142 4154 liuliclmi
168 4090 295 4153 Romae
327 4090 530 4174 proscriptus
565 4089 636 4154 luit.
693 4089 726 4154 S.
751 4087 899 4154 Thomas
930 4111 1008 4154 vero
1033 4100 1066 4152 et
1089 4111 1114 4153 s.

12 4179 223 4252 bonaventura
245 4187 349 4250 variis
373 4185 534 4272 apologiis
566 4209 698 4250 causam
725 4209 859 4251 suorum
885 4186 1116 4270 religiosorum
