2836 4848
250 459 314 518 ..382
421 457 535 512 XXVII.
555 456 596 510 De
614 455 717 510 haeres.
737 453 907 522 repressione
925 469 957 508 ac
975 453 1008 507 de
1027 453 1223 508 Decretaiibus.

260 601 483 688 depositiones
507 621 638 686 quoque
662 599 863 685 principum,
888 619 931 662 ex
954 598 1055 681 gestis
1079 597 1151 683 ejas
1175 597 1270 662 facile
1292 597 1378 661 colli-

259 702 357 784 gitur.
399 697 572 764 Caeterum
598 696 797 783 simulatque
821 706 950 761 constat
974 695 1015 760 de
1039 695 1095 762 illo
1120 697 1293 782 principio,
1318 697 1378 760 Ra·

259 821 369 862 manos
386 795 552 879 Pontifices
568 801 644 886 jure
667 797 776 860 divino
800 797 893 860 certis
913 797 1019 859 cauam
1041 796 1192 882 inspectis
1215 794 1381 859 causaliter

252 895 511 985 jurisdictionem
554 893 756 979 temporalem
793 915 935 958 caearcere
977 894 1012 956 a'n
1049 894 1228 958 societatem
1263 891 1382 958 civilem

260 994 477 1071 christianam,
506 993 689 1056 accessoria
717 1001 766 1054 est
789 992 949 1076 quaestio,
980 1011 1152 1077 quousque
1183 989 1272 1054 illam
1296 999 1381 1075 pote·

261 1101 378 1156 statem
407 1089 585 1154 Pontifices
617 1087 836 1154 extenderint.
884 1087 1051 1152 Historice
1080 1099 1192 1152 autam
1224 1098 1380 1166 constare,

261 1189 494 1252 Innocentium
517 1187 572 1251 III
595 1185 677 1250 illud
701 1187 905 1272 principium
929 1187 1083 1268 tenuisse,
1108 1207 1173 1272 qao
1198 1186 1383 1249 continetur

262 1286 413 1352 doctrina
452 1285 492 1350 de
521 1293 681 1370 potestate
719 1283 882 1348 indirecta
909 1283 1081 1348 Pontifieis
1118 1287 1153 1348 in
1192 1281 1383 1368 temporalia

262 1384 462 1470 principum,
487 1383 601 1466 negari
625 1403 691 1446 non
716 1403 810 1466 posse
834 1383 1046 1462 censemus.¹)

353 1499 405 1565 81.
446 1497 609 1577 Gosselin,
645 1499 702 1583 qui
727 1505 922 1582 potestatem
947 1496 1132 1560 directicam
1156 1506 1286 1560 tautum
1319 1497 1378 1560 Eo-

264 1596 382 1661 clesiae
407 1599 440 1660 in
466 1596 633 1681 principes
657 1595 890 1680 propugnavit,
925 1593 1087 1658 abstinuit
1118 1593 1160 1656 ab
1186 1592 1241 1658 illa
1265 1593 1384 1657 Decre-

263 1694 320 1758 tali
345 1695 406 1757 Per
425 1691 640 1756 Venerabilem
663 1691 902 1778 expendenda3
927 1694 1004 1773 imo,
1030 1691 1117 1778 qnod
1143 1691 1240 1755 valde
1265 1693 1384 1755 mirum

263 1803 321 1874 est,
346 1791 487 1876 abrupte
512 1813 554 1854 ex
578 1813 617 1854 ea
640 1789 752 1875 aliqua
778 1788 880 1854 verba
904 1811 963 1875 pro
989 1811 1047 1854 suo
1064 1811 1163 1874 scopo
1181 1791 1270 1854 citat.
1298 1791 1385 1854 Dum

264 1892 304 1954 de
327 1899 488 1975 potestate
512 1889 580 1952 RR.
605 1887 802 1952 Pontificum
839 1890 871 1952 in
897 1889 1065 1973 principes
1089 1897 1221 1970 tractat,
1256 1887 1386 1952 disserit

264 1989 305 2052 de
329 1986 529 2074 quibusdam
564 1986 781 2067 documentis,
814 2007 899 2071 quae
930 1986 1039 2050 afferri
1071 1995 1206 2071 possent
1235 2009 1295 2072 pro
1321 2009 1385 2050 sen·

263 2087 366 2150 tentia
390 2085 432 2148 ab
458 2086 528 2170 ipso
552 2085 685 2169 rejecta,
705 2084 781 2168 jure
797 2082 911 2147 divino
927 2083 1086 2148 videlicet
1100 2083 1253 2148 Pontifici
1278 2106 1385 2169 supre-

265 2207 351 2248 mam
377 2183 523 2269 aliquam
548 2183 581 2246 in
606 2183 801 2268 temporalia
830 2183 1019 2268 principum
1050 2193 1245 2268 potestatem
1270 2204 1385 2246 conre-

264 2285 351 2363 niro3
377 2291 409 2345 et
435 2284 519 2346 inter
543 2279 609 2344 alia
625 2283 694 2364 agit
711 2279 752 2344 de
768 2282 981 2365 responsione
997 2281 1184 2344 innocentii
1202 2279 1263 2358 111,
1290 2302 1384 2366 quam

265 2379 357 2444 dedit
380 2382 413 2443 in
441 2377 642 2442 Consistorio
667 2378 805 2442 solemni
829 2376 947 2462 legatis
970 2377 1118 2463 Philippi
1143 2377 1255 2458 Saevi,
1288 2399 1385 2464 qunrn

265 2482 292 2541 is
323 2478 363 2542 do
394 2477 538 2562 Imperio
572 2487 686 2539 contra
726 2475 884 2541 Ottonem
924 2475 973 2540 IV
1012 2475 1199 2560 certaret.²)
1259 2475 1301 2540 ln
1342 2499 1387 2539 ea·

266 2576 340 2639 dem
371 2573 527 2638 Pontifex
567 2573 726 2654 ostendit,
760 2573 990 2638 Sacerdotium
1024 2597 1125 2658 regno
1160 2575 1327 2658 dignitate
1359 2585 1387 2638 et

265 2675 463 2758 antiquitate
487 2672 688 2757 praevalere,
718 2695 758 2736 ao
781 2673 908 2736 firmins
932 2694 1003 2736 esse
1027 2672 1221 2737 stabilitum.
1269 2673 1388 2736 Priari-

262 2771 367 2856 pibus,
392 2770 509 2855 inquit,
544 2770 640 2833 datter
658 2781 803 2854 potestas
833 2774 866 2833 ira
899 2773 1007 2850 terris,
1041 2771 1257 2835 sacerdotibus
1290 2783 1389 2836 amem

260 2879 405 2954 potestas
429 2867 578 2931 tribuitur
601 2871 687 2930 etin
711 2867 823 2933 coelis:
846 2869 914 2932 titis
930 2869 1122 2933 solummodo
1139 2891 1388 2957 eaperecapere.

266 2967 339 3029 istis
362 2967 457 3029 etiam
479 2989 575 3050 snper
598 2970 732 3031 animas.
784 2967 874 3031 Unde
897 2979 1014 3052 quanto
1043 2969 1170 3054 dignior
1193 2969 1306 3031 animer
1329 2991 1386 3031 cor·-

262 3087 352 3149 pore,
378 3074 466 3127 tanto
491 3065 618 3150 dignius
648 3075 694 3127 est
717 3067 813 3128 etiam
836 3065 1044 3128 sacerdotium
1074 3089 1167 3151 qaam
1189 3068 1231 3129 eit
1253 3089 1387 3153 regnam.

268 3159 394 3246 Singuli
411 3183 560 3247 proceres
583 3161 726 3246 singalas
749 3163 864 3226 habeat
882 3165 1079 3249 provinciae,
1114 3175 1144 3227 et
1165 3164 1287 3249 simperti
1311 3187 1389 3247 repas

268 3259 393 3345 singulo
417 3283 534 3347 repam·
559 3260 614 3323 sed
631 3261 750 3340 Petrus,
775 3263 855 3326 sicta
865 3261 1080 3347 placit-adine,
1105 3265 1149 3326 sic
1172 3272 1202 3325 et
1224 3260 1389 3326 latitudine³

264 3359 462 3443 praeeminet
485 3360 651 3435 orticaria,
675 3361 752 3442 quia
774 3361 913 3422 sicariae
937 3371 983 3422 est
1005 3359 1105 3438 itlius,
1130 3363 1217 3448 cajus
1242 3371 1289 3424 est
1314 3371 1390 3422 terra

269 3465 298 3517 et
315 3453 486 3539 plenitudo
511 3459 586 3543 ejus,
613 3455 699 3519 orbis
723 3467 878 3520 terrarum
903 3467 932 3520 et
955 3459 1096 3521 universi
1119 3461 1173 3543 qui
1194 3457 1389 3522 habitantia

270 3575 315 3616 eo.
363 3552 418 3618 Ex
442 3551 615 3638 Scriptura
644 3553 722 3618 dein
746 3554 887 3640 aliisque
918 3557 1123 3640 argumentis
1153 3555 1236 3619 haec
1269 3555 1386 3641 probat.

271 3647 480 3734 Colliguntnr
503 3673 545 3713 ex
569 3650 621 3715 his
645 3654 755 3737 potius
770 3651 938 3738 generalia
955 3655 1120 3740 principia
1143 3654 1331 3718 innocentii
1347 3650 1388 3716 111

270 3748 311 3813 de
329 3747 600 3813 subordinatione
623 3751 717 3832 regni
742 3761 774 3813 et
798 3750 839 3813 de
859 3752 1121 3835 praeeminentia
1137 3751 1329 3830 sacerdotii3
1356 3773 1387 3812 aa

345 4007 366 4072 ¹)
385 4004 427 4058 Ad
438 4006 623 4072 quaestionem
635 4006 711 4060 iilam
723 4007 810 4060 adhue
823 4007 955 4075 imprimis
965 4007 1086 4076 pertinet
1095 4006 1176 4062 Bulla
1185 4005 1320 4060 Bonifaeii
1328 4003 1387 4059 viu

276 4087 361 4141 trram
384 4087 525 4152 Scrutare,
546 4087 578 4140 de
597 4101 651 4152 qua
669 4103 716 4140 suo
734 4086 792 4141 loco
811 4103 931 4155 agemus.

344 4167 367 4232 π)
384 4165 463 4220 Inter
481 4166 636 4220 Decretales
659 4167 812 4221 iunocentii
841 4167 895 4223 Tit.
920 4168 958 4226 11.
996 4167 1071 4236 Quod
1099 4165 1279 4221 sacerdotium
1307 4163 1387 4232 majas
1415 4123 1416 4136 i

271 4246 309 4300 sit
328 4261 421 4314 reguo.
458 4247 509 4314 Ap.
527 4245 619 4300 Balut.
638 4245 667 4300 Τ.
687 4247 702 4298 I
729 4261 754 4314 p.
774 4249 835 4302 547.
