3000 4838
266 463 304 516 28
465 462 570 518 XXIII.
586 461 625 516 De
644 468 720 518 stato
738 463 838 518 Eccles.
857 463 941 533 priori
960 463 1047 518 medio
1065 477 1132 516 saec.
1153 461 1216 516 XII.

267 605 431 691 judicium
470 607 574 671 oritur
608 628 836 692 permagnum,
874 607 998 672 Romae
1029 606 1179 670 eamdem
1204 604 1393 670 confectam

266 726 349 768 esse.
381 702 651 788 Deprehenditur
675 706 708 768 in
733 703 796 768 hoc
820 703 1018 768 documento
1043 702 1130 767 clare
1145 724 1184 767 ea
1207 701 1393 786 tendentia,

269 809 306 870 ut
328 799 399 865 loco
425 801 659 866 dominationis
679 823 799 866 exosae
813 801 1112 887 Longobardorum
1135 809 1168 864 et
1184 797 1393 864 Graecorum

267 901 489 962 constituatur
522 921 679 984 magnum
704 899 820 965 ltaliae
850 921 990 984 regnum
1014 898 1075 963 sub
1096 897 1302 992 puprematia
1326 895 1393 960 Re·

268 998 359 1062 mani
372 995 554 1081 Pontificis,
570 1006 602 1060 et
618 997 780 1084 ejusmodi
795 1019 896 1082 regno
913 996 1151 1082 independenti
1170 994 1395 1060 fundamenta

268 1105 430 1179 parantur
451 1117 510 1181 per
533 1095 708 1159 confictam
731 1094 822 1159 illam
843 1093 1051 1160 Constantini
1075 1093 1286 1158 donationem.
1322 1091 1390 1156 Pri·

269 1191 393 1276 vilegia
423 1213 529 1278 porro,
561 1193 701 1258 honores
725 1203 759 1257 et
781 1201 924 1274 ornatus,
956 1213 1041 1278 quae
1064 1189 1218 1255 Pontifici
1248 1189 1394 1254 clericis-

267 1311 334 1375 que
351 1291 508 1354 Romanis
531 1289 573 1354 ab
586 1290 789 1376 Imperatore
813 1289 1050 1371 conceduntur,
1076 1290 1176 1352 etiarn
1200 1287 1393 1368 ostendunt,

268 1388 395 1452 Romae
419 1386 482 1453 hoc
507 1387 653 1474 diploma
677 1389 863 1454 confectum
888 1409 967 1469 esse,
994 1409 1096 1474 quum
1121 1386 1250 1451 clericis
1273 1386 1395 1451 Roma-

269 1487 322 1550 nis
350 1496 484 1550 ornatus
515 1487 676 1572 ejusmodi
712 1495 745 1551 et
775 1485 916 1550 bonores
944 1486 1123 1570 gratissimi
1153 1485 1303 1566 essent.²)
1350 1483 1395 1548 In

269 1593 363 1648 textu
399 1582 476 1648 dein
512 1582 700 1669 diplomatis
733 1583 837 1648 multa
872 1592 1058 1664 occurrunt,
1092 1604 1183 1677 ,quae
1217 1580 1396 1646 manifeste

268 1682 380 1768 quoad
414 1681 570 1750 formulas
603 1703 645 1746 ex
669 1681 877 1746 documentis
900 1681 1058 1746 Romanis
1082 1679 1303 1746 anterioribus
1327 1679 1395 1743 col·
1495 1689 1496 1706 ¹

270 1779 356 1844 leeta
387 1788 472 1862 sunt,
508 1781 555 1843 ita
582 1789 619 1843 ut
641 1790 809 1866 appareat,
846 1779 1008 1865 ejusmodi
1033 1778 1241 1842 documentis
1265 1777 1396 1842 conier-

270 1899 377 1942 masse
401 1886 569 1942 auctorem
594 1900 687 1942 suam
712 1875 877 1942 scribendi
903 1879 1081 1958 rationem3
1110 1875 1213 1940 verba
1237 1873 1393 1939 technica

269 1995 356 2060 quae
380 1974 504 2039 Romae
532 1978 566 2039 in
597 1997 659 2040 usu
684 1985 778 2039 erant
800 1973 1003 2039 adhibentur
1026 1973 1068 2038 ad
1093 1972 1299 2059 designanda
1322 1994 1394 2036 mu·

271 2094 360 2154 nera,
392 2072 533 2138 honores
557 2082 590 2138 et
612 2074 803 2158 dignitates.
848 2073 960 2138 Dictio
985 2085 1096 2136 autem
1118 2072 1232 2155 latina,
1267 2072 1394 2157 inqua

267 2172 445 2256 graecismi
468 2173 554 2235 varii
578 2174 804 2253 inveniuntur,
828 2171 1005 2256 respondet
1029 2170 1179 2234 idiomati
1203 2168 1317 2250 latino,
1342 2171 1392 2232 uti

271 2267 396 2332 Romae
423 2268 554 2334 saeculo
578 2279 695 2334 octavo
720 2271 754 2333 in
779 2293 840 2334 usu
864 2278 944 2334 erat.
990 2269 1136 2333 Demum
1160 2266 1352 2332 Hadrianus
1377 2267 1395 2330 I

268 2367 350 2430 satis
389 2364 475 2431 clare
508 2367 580 2452 jam
621 2369 822 2432 mentionem
857 2367 936 2432 fecit
963 2365 1147 2431 dona'tioois
1171 2363 1394 2444 Constantini,

268 2485 373 2550 quum
412 2486 464 2550 ep.
500 2465 558 2530 61²
593 2465 681 2530 banc
709 2464 827 2531 Garolo
851 2466 896 2529 M.
932 2466 967 2528 in
1003 2462 1173 2549 exemplar
1205 2483 1394 2548 proponens

268 2561 404 2627 scribit:
439 2564 483 2628 Et
504 2567 586 2628 sicat
610 2566 799 2651 temporibus
823 2564 908 2628 beati
932 2561 1078 2627 Siloeatm'
1101 2562 1241 2626 Romani
1266 2559 1393 2643 Pontifi-

271 2661 317 2724 cio
340 2684 362 2724 a
384 2673 513 2726 sanctae
539 2664 770 2728 recordationis
801 2663 947 2748 piissimo
978 2683 1089 2746 mapno
1113 2661 1307 2745 imperatore
1331 2679 1396 2743 per

270 2764 340 2850 ejas
373 2756 552 2846 largitatem
581 2773 693 2825 sancta
724 2760 787 2824 Dei
819 2808 826 2824 .
853 2809 860 2824 .
886 2809 893 2822 .
929 2760 1076 2823 Romano
1109 2757 1240 2821 ecclesia
1270 2753 1395 2819 eleuata

273 2869 364 2942 atque
388 2856 533 2922 exaltata
557 2871 612 2942 eet,
643 2870 673 2924 et
690 2868 881 2945 potestatem
910 2857 946 2920 io
975 2857 1022 2919 tis
1047 2854 1223 2942 Hesperiae
1243 2852 1395 2940 portibus

271 2953 388 3038 lorpiri
404 2955 554 3039 dignatas
574 2968 637 3036 est;
661 2959 708 3020 ita
732 2953 817 3040 otest)
857 2955 955 3019 Hanc
979 2952 1150 3040 epistolam
1169 2951 1361 3016 Hadrianus
1379 2950 1393 3014 l

272 3075 301 3116 a.
317 3054 379 3116 777
405 3053 447 3118 ad
466 3052 620 3119 Carolnm
634 3054 678 3119 M.
703 3052 813 3135 dedit3
837 3075 875 3117 eo
894 3063 1043 3138 tempore
1067 3051 1205 3138 proinde
1229 3051 1292 3136 ipsi
1310 3047 1395 3114 Ocn-

270 3153 410 3215 stantini
436 3151 582 3238 diploma
605 3153 754 3236 spurium
779 3161 893 3215 notum
918 3158 996 3214 erat.

362 3303 415 3368 36.
464 3304 565 3368 Hisce
588 3301 690 3386 igitur
714 3303 803 3366 nisus
827 3302 1040 3386 argumentis,
1071 3299 1245 3383 Diillinger
1268 3300 1394 3379 statuit,

272 3397 337 3464 illis
374 3403 470 3465 annis
500 3400 735 3466 documentum
773 3401 859 3464 istud
894 3400 1081 3464 confectum
1116 3398 1234 3480 fuisse,
1273 3396 1397 3482 quibus

273 3496 570 3582 Longobardorum
594 3508 739 3585 potestas
763 3497 962 3576 declinabat,
988 3499 1033 3560 ita
1050 3505 1087 3560 ut
1102 3518 1144 3560 ex
1168 3497 1396 3581 suppositione

271 3595 436 3680 ejusmodi
474 3596 661 3662 donationis
691 3607 805 3661 auctor
832 3596 903 3682 jam
937 3595 1081 3659 fructum
1117 3603 1150 3657 et
1184 3591 1396 3657 commodum

272 3716 332 3780 pro
357 3695 587 3761 constituendo
604 3695 848 3780 independente
862 3715 961 3780 regno
979 3691 1095 3757 Italiae
1106 3751 1108 3756 ,
1119 3688 1251 3776 sperare
1275 3703 1396 3776 posset.

274 3790 435 3879 Adeoque
465 3793 543 3858 inde
576 3792 619 3858 ab
649 3815 679 3858 a.
706 3793 780 3888 752,
798 3813 902 3878 usque
925 3791 969 3855 ad
993 3813 1022 3856 a.
1049 3790 1123 3871 777,
1161 3810 1225 3874 quo
1250 3797 1399 3874 tempore

349 4067 369 4138 ¹)
389 4065 444 4122 Cir.
463 4066 606 4136 Dbilinger
624 4067 641 4122 l.
660 4084 682 4123 c.
702 4083 728 4136 p.
748 4067 790 4124 72.

347 4165 369 4238 ²)
389 4165 451 4220 Cod.
471 4165 558 4223 Oarol.
587 4165 628 4221 ed.
654 4164 725 4221 tate
752 4180 793 4234 ep.
812 4167 855 4221 el.
886 4195 920 4204 -
953 4161 1008 4218 Otr.
1027 4160 1112 4215 allata
1139 4165 1301 4228 argumenta
1326 4161 1401 4228 apud

272 4247 394 4301 Grauert
412 4245 428 4300 l.
448 4261 470 4300 c.
488 4245 536 4300 IV.
