2850 4834
316 461 369 517 188
530 461 644 518 ΧΧΧΠ.
664 455 705 516 De
723 460 900 515 Pontificibus
919 461 1061 516 avenione
1080 461 1253 516 commutatis.

316 605 427 691 Atque
450 605 538 669 hanc
562 605 724 670 haeresim
758 615 872 690 postea
897 604 1062 670 Wiclefus
1092 603 1136 669 ab
1160 607 1235 691 ipsis
1258 597 1417 668 mutuavit

315 704 502 790 Permagna
538 703 661 767 damna
693 704 840 766 societati
877 702 1080 767 christianae
1117 702 1235 767 saeculi
1265 703 1350 766 XIV
1380 723 1417 780 eu

314 800 680 865 Pseudominoritarum
705 799 811 864 turbis
836 810 1072 884 provenerunt.
1119 801 1224 864 Erant
1253 801 1337 864 enim
1363 795 1417 886 ipsi,

315 920 454 963 numero
493 898 627 984 plurimi
666 920 706 962 ac
745 919 823 984 prae
863 921 896 962 se
930 898 1083 963 ferebant
1121 897 1268 963 habitum
1298 895 1417 968 Ordinis

314 995 470 1080 religiosi,
488 997 545 1082 qui
561 1017 599 1060 eo
615 995 746 1060 saeculo
760 994 891 1081 populis
908 1006 979 1059 erat
991 995 1090 1060 valde
1101 1008 1257 1082 acceptus
1267 989 1417 1079 magnum-i

314 1115 379 1180 que
402 1094 569 1158 influxum
594 1093 788 1176 exercebat3
813 1114 943 1157 morum
968 1093 1110 1158 conficta
1134 1094 1306 1159 severitate
1330 1089 1417 1154 multia

314 1192 447 1257 tudines
471 1191 673 1270 alliciebant,
709 1213 770 1256 nec
794 1191 943 1255 destituti
968 1203 1063 1256 erant
1086 1193 1168 1256 viris
1191 1192 1322 1276 ingenio
1346 1141 1417 1262 haud

314 1289 473 1354 mediocri
504 1289 674 1375 praeditis.
723 1288 967 1353 Concutiebant
996 1300 1108 1354 autem
1140 1290 1213 1374 ipsa
1238 1291 1359 1352 viscera
1382 1307 1417 1366 soi

315 1388 444 1450 cietatis
467 1386 678 1454 christianae.
726 1385 859 1451 Etenim
885 1399 956 1450 turn
980 1386 1160 1451 theoretice
1185 1387 1342 1451 doctrinis
1366 1373 1417 1450 suii

308 1487 509 1571 principiam
532 1485 733 1549 auctoritatis
757 1483 972 1566 subruebant,
997 1495 1067 1548 tum
1093 1485 1239 1570 practice
1262 1477 1417 1548 schismat*

315 1584 493 1647 constituto
519 1582 767 1647 multitudinem
791 1605 812 1646 a
835 1585 944 1668 capite
962 1582 1134 1646 Ecclesiae
1157 1590 1309 1646 avertere
1333 1578 1409 1644 stude

315 1679 410 1762 bant,
449 1690 741 1767 contemptumque
782 1682 815 1745 in
848 1679 1018 1744 Ecclesiae
1056 1682 1225 1766 principes
1265 1679 1385 1763 conjice

315 1779 426 1864 Atque
450 1800 488 1842 eo
514 1779 638 1864 majora
665 1801 708 1842 cx
732 1778 783 1843 his
807 1777 999 1843 oriebantur
1022 1777 1180 1864 pericula,
1211 1776 1301 1863 quod
1326 1775 1390 1840 Itali

315 1887 347 1940 et
378 1876 579 1941 Germaniae
612 1875 724 1962 populi
758 1875 978 1940 Pontificibus
1011 1877 1186 1940 Avenioue
1218 1872 1409 1938 residentibu

314 1977 425 2039 minus
456 1975 582 2039 addicti
613 1983 646 2037 et
680 1974 791 2038 devoti
823 1984 926 2055 crant,
959 1985 992 2037 et
1022 1973 1211 2038 diffidentia
1234 1970 1403 2059 quadani

315 2073 495 2138 Pontifices
526 2074 661 2136 natione
692 2070 806 2136 Gallos
839 2074 1088 2156 praeoccupati,
1119 2069 1251 2135 facilius
1284 2069 1367 2134 male

314 2172 356 2235 iis
389 2169 578 2236 sentiebant
613 2181 645 2234 ct
678 2173 712 2235 in
737 2169 883 2234 schisma
914 2169 1141 2235 trahebantur.
1199 2169 1355 2233 Accessit
1386 2167 1409 2230 h'

314 2268 473 2333 diuturna
506 2272 591 2332 inter
618 2269 797 2333 Pontifices
832 2277 864 2332 et
895 2267 1106 2332 Ludovicum
1134 2267 1308 2332 Bavarum
1344 2268 1390 2330 luc

315 2387 401 2454 quae
425 2366 722 2431 Pseudominoritis
753 2367 962 2430 occasionem
991 2365 1093 2447 dedit,
1125 2375 1162 2429 ut
1185 2387 1283 2429 suam
1309 2387 1399 2430 causa

315 2467 476 2552 principis
509 2463 597 2529 illius
632 2487 751 2529 causae
783 2465 1031 2549 conjungerent.
1087 2462 1152 2528 Sed
1183 2461 1224 2526 dc
1256 2465 1324 2527 ista
1354 2462 1399 2526 luc

314 2565 402 2628 inter
419 2563 629 2628 Ludovicum
652 2571 752 2646 atque
776 2561 954 2626 Pontifices
972 2561 1043 2647 jam
1069 2560 1165 2624 nobis
1188 2560 1359 2642 agendum
1382 2581 1410 2622 cs

835 3011 918 3072 111.

361 3171 427 3234 De
450 3168 627 3235 dissidio
650 3169 764 3232 anter
787 3167 1006 3250 Pontifices
1028 3164 1343 3232 Avenionenses
1363 3171 1396 3229 et

619 3265 879 3330 Ludovicum
901 3264 1133 3328 Baracum.

404 3453 458 3516 39.
499 3450 648 3515 Infausta
672 3471 731 3535 per
753 3450 889 3533 triginta
913 3449 981 3512 fere
1005 3469 1110 3512 annos
1134 3446 1339 3532 perduravit
1361 3451 1402 3512 int

314 3549 494 3614 Pontifices
523 3547 776 3611 Avenionenses
814 3553 847 3610 et
886 3545 1096 3609 Ludovicum
1130 3545 1307 3610 Bavarum
1346 3547 1395 3610 luc

313 3670 379 3733 qua
410 3669 476 3711 non
508 3647 618 3710 minus
651 3646 735 3710 sacri
760 3643 901 3708 Romani
931 3644 1066 3728 Imperii
1100 3644 1195 3727 vigor
1223 3653 1258 3706 et
1290 3644 1400 3731 splend

312 3745 529 3810 vehementer
552 3745 758 3824 imminutus,
790 3763 889 3827 quam
913 3739 1087 3806 Ecclesiae
1118 3749 1222 3804 status
1250 3745 1413 3808 tristissi·

311 3854 362 3907 est
384 3841 634 3928 perturbatione
657 3841 812 3905 afflictus.
837 3839 1025 3904 Dissidium
1042 3861 1120 3902 vero
1137 3837 1226 3902 istud
1242 3837 1403 3904 diuturna

314 3943 347 4005 in
371 3940 551 4004 Pontifices
567 3941 822 4004 Avenionenses
846 3937 1025 4002 multorum
1049 3945 1119 4000 tum
1143 3957 1350 4002 coaevorum
1375 3949 1404 4001 tu

312 4047 518 4124 posterorum
552 4038 734 4101 concitavit
765 4034 939 4116 invidiam,
969 4056 1031 4098 nec
1060 4035 1158 4120 pauci
1188 4033 1332 4101 fuerunt
1360 4039 1402 4100 int

312 4146 464 4201 auctores
488 4157 593 4221 usque
618 4134 660 4199 ad
686 4134 757 4198 dies
781 4145 919 4212 nostros,
945 4133 1002 4219 qui
1026 4133 1148 4196 amaris
1163 4130 1352 4198 Pontifices
1374 4133 1415 4196 itt

313 4241 557 4319 persequuntur
591 4232 744 4319 querelis,
783 4235 937 4318 ipsosque
977 4228 1181 4294 contendunt
1219 4233 1372 4296 maxime
1406 4233 1411 4244 '
