2828 4842
280 397 334 450 300
548 397 649 455 XXVI.
667 398 709 452 De
727 397 894 452 Pontificatu
913 394 1067 451 iunocentii
1085 394 1135 450 111.

109 540 270 645 ⁰⁶⁸¹¹J¹¹¹²t
371 539 424 604 88.
470 541 609 605 Interim
651 541 722 627 jam
753 539 894 604 Alexius
921 539 1050 626 junior,
1084 537 1172 602 filius
1204 537 1309 602 Isaaci
1335 540 1395 626 lmg

140 615 170 656 ΡΘ
192 615 238 645 ω’
279 639 440 723 perator-is
463 661 483 702 a
505 637 606 702 fratre
630 660 688 703 suo
719 638 838 703 Alexio
868 637 921 702 Ill
953 637 1072 702 throno
1096 645 1129 700 et
1158 635 1263 700 oculis
1286 627 1395 716 orbati,¹

278 757 355 800 cum
380 737 559 820 crucigeris
583 746 705 820 egerat,
736 746 773 801 ut
795 759 871 801 eum
891 736 1053 822 juvarent
1082 734 1125 799 ad
1149 735 1322 820 imperium
1348 756 1386 796 re·

278 835 517 920 cuperaudum.
541 873 584 882 -
610 834 684 914 Quo
708 856 786 899 vero
810 842 991 899 eventuum
1016 835 1116 898 series
1140 832 1259 897 melius
1281 833 1395 917 perspi-¹

278 931 400 1012 ciatur,
439 953 547 1017 pauca
577 931 633 996 hic
662 932 773 996 dicere
798 931 936 1016 juvabit
967 931 1008 994 de
1032 930 1305 1017 Imperatoribus‚
1340 931 1395 1015 qui*

278 1027 409 1093 saeculo
427 1027 624 1094 duodecimo
643 1027 929 1114 Constantinopoli
953 1039 1184 1113 regnaverant.
1215 1027 1395 1114 Imperabat

278 1128 313 1190 in
329 1125 464 1192 Oriente
480 1125 615 1192 Alesios
634 1125 822 1208 Comnanas,
846 1127 979 1214 quaudo
1004 1127 1066 1191 sub
1089 1128 1189 1192 finem
1213 1127 1330 1192 saeculi
1346 1115 1395 1192 xl}

279 1225 391 1288 Latini
422 1217 642 1309 crucesignati
676 1248 805 1290 sacram
841 1227 876 1289 in
900 1225 1122 1290 Palaestinam
1155 1226 1395 1312 expeditionem

279 1332 504 1407 susceperuut,
538 1344 717 1410 eorumque
741 1345 803 1410 ope
826 1322 951 1388 bellum
976 1333 1091 1387 contra
1114 1324 1242 1388 Turcas
1264 1313 1395 1388 feliciter}

258 1423 397 1504 'gessit‚
423 1421 480 1485 scd
505 1430 619 1506 postea
642 1445 662 1485 a
685 1417 964 1485 tamnumerosis
987 1443 1027 1484 ac
1051 1422 1192 1485 fortibus
1208 1422 1395 1500 Latinorum

279 1518 342 1583 sibi
368 1521 497 1597 timeus,
521 1541 577 1583 eos
599 1519 773 1583 fraudibus
798 1531 831 1582 et
849 1518 935 1583 bello
960 1521 1060 1584 etiam
1084 1530 1198 1605 aperto
1223 1513 1395 1604 infestavit}

280 1618 429 1682 Conatur
458 1617 594 1703 quidem
628 1617 729 1682 Anna
754 1615 926 1683 Oomneua
948 1615 1061 1681 Alexii
1092 1615 1170 1698 filia,
1201 1640 1286 1704 quae
1318 1615 1390 1699 stylo

278 1715 428 1800 elegante
463 1715 575 1780 Alexii
613 1715 785 1780 historiam
823 1717 955 1801 scripsit
993 1714 1185 1801 quindecim
1220 1714 1395 1780 Alexaidos]

278 1814 382 1899 libris,
405 1823 532 1900 patrem
556 1813 599 1878 ab
624 1814 688 1878 hac
710 1813 785 1877 labe
809 1835 970 1899 purgare3
994 1813 1052 1878 sed
1072 1813 1150 1877 fidei
1168 1813 1265 1878 valde
1281 1801 1395 1884 dubiae}

279 1922 356 1977 sunt
379 1912 450 1998 ejus
473 1914 688 1994 narrationes,
713 1914 837 1998 quippe
861 1934 946 1997 quae
963 1911 1044 1976 dum
1061 1910 1216 1976 adulatur
1230 1915 1315 1999 patri
1333 1935 1395 1986 suo}

279 2009 450 2074 invehitur
478 2011 513 2074 in
537 2010 684 2092 Latinos,
719 2031 832 2075 eorum
856 2010 1043 2075 sacerdotes
1074 2011 1204 2094 injuriis
1227 2021 1260 2074 et
1283 2009 1395 2074 calum

280 2111 344 2173 niis
374 2106 567 2194 proscindit,
599 2117 632 2172 et
663 2110 895 2194 intempestivo
920 2109 1136 2192 Francorum,
1172 2111 1230 2195 qui
1261 2111 1294 2172 in
1319 2106 1391 2170 bello

279 2227 371 2270 sacro
396 2205 481 2270 bene
505 2216 709 2302 meruerunt,
741 2208 920 2292 vituperio,
955 2208 1203 2271 excusationem
1227 2208 1329 2292 patris
1350 2205 1395 2268 sui}

280 2304 385 2369 fulcit.

370 2402 424 2466 89.
464 2401 618 2466 Excessit
642 2425 659 2465 e
683 2403 771 2464 vivis
795 2401 936 2466 Alexius
961 2401 1151 2468 Comuenus
1180 2405 1234 2468 die
1261 2403 1319 2467 150
1336 2401 1395 2464 Au?

279 2502 368 2586 gusti
391 2503 471 2566 anni
488 2501 583 2582 1118,
609 2521 711 2586 quum
736 2509 822 2564 esset
844 2503 1054 2586 septuaginta
1077 2503 1209 2582 circiter
1231 2520 1391 2576 annorum,

280 2610 313 2664 et
346 2610 522 2687 postquam
553 2600 747 2683 imperasset
777 2597 863 2662 ultra
895 2600 1031 2683 triginta
1062 2609 1187 2685 septem
1216 2621 1330 2664 aunos.
1357 2585 1395 2642 -'

280 2697 448 2764 Successit
470 2699 505 2761 in
529 2695 675 2762 Orientis
699 2697 875 2781 imperium
900 2697 972 2782 ejus
996 2697 1085 2762 filius
1107 2698 1254 2763 Joanoes
1282 2687 1395 2762 Comae-³

279 2819 349 2872 aas,
379 2797 450 2881 jam
474 2817 562 2859 auno
588 2794 671 2858 1091
703 2817 723 2857 a
747 2803 840 2879 patre
864 2796 898 2858 in
921 2797 1015 2879 regui
1040 2805 1224 2860 consortem
1248 2796 1395 2860 adscitus

281 2895 411 2962 Latinis
436 2893 539 2958 multo
563 2894 700 2978 aequior
723 2903 816 2977 patre
840 2894 903 2957 fuit
926 2893 1074 2958 Joannes
1091 2891 1292 2970 comnenus,
1316 2893 1391 2956 etin

282 2992 456 3057 ecclesiam
473 2992 657 3056 Romanam
681 2991 884 3076 propensior,
909 2991 951 3055 ad
977 2992 1072 3078 cujus
1093 2992 1245 3056 instituta
1261 2991 1395 3074 Graecos}

281 3112 439 3155 revocare
476 3092 511 3155 iu
550 3091 636 3153 votis
675 3086 803 3153 habuit.
851 3090 1008 3154 Nondum
1042 3092 1177 3154 omnino
1208 3101 1307 3176 rupta
1335 3096 1395 3152 erat

281 3189 470 3252 communio
495 3189 581 3251 inter
603 3197 778 3272 utramque
803 3187 987 3254 ecclesiam.
1025 3188 1056 3252 A
1080 3187 1178 3253 Petro
1203 3177 1395 3260 Venerabiltf

280 3286 402 3352 abbate
433 3284 661 3366 Cluniaceusi,
701 3286 758 3370 qui
798 3285 839 3349 de
878 3288 1019 3368 negotiis
1058 3286 1291 3351 ecclesiasticis
1326 3299 1395 3368 suae}

283 3382 556 3468 Congregationis
581 3405 657 3447 cum
673 3383 804 3448 Joanne
819 3382 937 3446 litteris
961 3385 1092 3469 scriptis
1115 3387 1192 3470 egit,
1218 3387 1256 3466 is,
1282 3385 1325 3447 uti
1345 3379 1395 3450 att

281 3483 449 3568 principes
466 3480 631 3562 catholici,
654 3483 687 3546 in
705 3481 904 3545 confratrem
922 3491 953 3544 et
970 3485 1241 3568 comparticipem
1258 3483 1389 3546 omnium

282 3579 504 3664 spiritualium
538 3579 775 3644 beneficiorum
801 3578 1076 3662 Congregationis
1101 3577 1329 3645 Cluniacensis
1353 3597 1395 3666 re3

282 3690 398 3763 ceptus
413 3679 485 3742 fuit.
524 3677 578 3741 Ex
600 3676 718 3740 litteris
733 3677 823 3740 Petri
840 3677 1050 3742 Venerabilis
1075 3679 1176 3742 etiam
1201 3687 1395 3762 compertum

281 3774 462 3852 habemus,
495 3774 626 3838 saeculo
658 3774 855 3839 duodecimo
887 3771 1173 3861 Constantinopoli
1206 3785 1240 3840 et
1271 3777 1304 3839 in
1334 3783 1389 3835 totu

282 3871 425 3937 Graecia
456 3870 610 3936 basilicas
645 3871 746 3936 fuisse
783 3881 815 3935 et
846 3874 940 3936 varia
973 3876 1189 3956 monasteria,
1228 3874 1395 3939 latinorum

282 3969 523 4054 Religiosorum
540 3969 661 4057 quibus
677 3969 835 4035 Romanis
852 3971 998 4036 moribus
1016 3984 1049 4036 et
1064 3974 1130 4037 ritu
1152 3972 1255 4038 latino
1281 3959 1395 4036 viveref

282 4067 475 4154 reliquaque
499 4091 593 4132 sacra
617 4068 660 4133 ad
683 4071 766 4133 ritus
788 4066 883 4132 latini
909 4091 1059 4134 normam
1084 4070 1251 4136 celebrare
1274 4067 1395 4156 permit

281 4165 422 4230 tebatur.
456 4164 555 4245 Quod
580 4177 668 4230 certe
691 4187 862 4251 nunquam
887 4170 1114 4252 permisissent
1137 4167 1267 4250 Graeci,
1291 4170 1315 4231 si
1338 4165 1395 4228 La«
