3000 4838
368 425 408 478 De
427 423 581 479 haeresibus
600 431 628 478 et
647 425 845 479 controversiis.
1133 425 1167 477 77

69 581 94 630 ut
109 567 276 632 seductam
301 567 365 631 sibi
389 566 636 632 multitudinem
661 581 864 653 aggregaret,
889 591 975 654 quae
991 579 1059 633 tota
1074 569 1168 634 illum

68 683 199 752 tanquam
234 667 408 730 dominum
442 665 649 730 dominorum
679 666 854 730 individue
878 677 1078 752 sequeretur.
1125 667 1170 731 Et

66 765 209 829 interdurn
235 764 372 852 quidem
405 766 487 828 mira
510 763 685 828 velocitate
709 787 768 850 per
797 764 946 830 diversas
978 766 1168 850 provincias

64 861 227 942 ferebatur3
255 861 422 926 interdum
446 883 524 926 vero
551 861 742 926 morabatur
764 884 841 927 cum
865 864 932 926 suis
956 862 1110 941 omuibus
1133 865 1169 928 iu

62 959 127 1024 locis
147 960 288 1024 desertis
318 969 351 1023 et
380 961 499 1041 inviis,
535 981 679 1046 moxque
705 961 884 1046 instigante
909 959 1040 1025 diabolo
1064 983 1169 1025 erum-

63 1057 145 1142 pebat
171 1060 391 1144 improvisus,
424 1057 636 1122 ecclesiarum
662 1059 808 1122 maxime
831 1081 871 1124 ac
895 1060 1168 1124 monasteriorum

63 1157 225 1221 infestator.
260 1205 267 1220 .
295 1213 300 1222 .
328 1210 333 1222 .
367 1155 554 1220 Videbatur
585 1165 696 1220 autem
726 1179 795 1220 esse
826 1158 914 1221 circa
945 1179 1021 1221 eum
1053 1159 1170 1240 ingens

60 1254 157 1338 gloria,
186 1261 370 1340 apparatus
398 1251 567 1339 fastusque
594 1254 721 1338 regius3
756 1265 789 1318 et
819 1255 875 1340 qui
910 1275 987 1318 eum
1014 1276 1052 1318 eo
1077 1264 1171 1320 erant

61 1349 279 1416 sollicitudinis
303 1350 490 1436 laborisque
514 1361 667 1437 expertes
691 1354 832 1436 pretiose
861 1352 965 1432 indui,
996 1351 1170 1438 splendide

61 1449 169 1534 epulari
192 1457 228 1513 et
253 1451 289 1513 iu
313 1471 443 1513 summa
465 1448 592 1513 laetitia
624 1470 721 1532 agere
747 1448 948 1514 videbantur
971 1452 1006 1514 iu
1030 1460 1169 1532 tantum,

62 1559 90 1610 ut
108 1547 256 1635 plerique
279 1548 336 1633 qui
361 1547 404 1612 ad
428 1546 674 1633 corripiendum
699 1569 774 1611 eum
799 1557 969 1630 venerant,
995 1558 1171 1634 conspecta

62 1645 119 1728 ejus
154 1667 222 1710 non
261 1665 341 1709 vera
372 1645 430 1710 sed
465 1644 673 1732 phantastica
709 1645 814 1729 gloria
849 1649 1169 1730 corrumperentur.“

63 1741 238 1828 Praestigiis
272 1742 471 1808 daemonum
502 1742 659 1808 videlicet
689 1743 761 1828 ejus
791 1743 926 1834 laetum,
966 1765 1005 1806 ac
1036 1742 1172 1808 delicias

63 1838 121 1903 illas
153 1839 336 1905 tribuenda
374 1852 486 1905 censet
518 1839 712 1906 Guilelmus.
770 1840 863 1921 Quae
894 1840 1029 1926 quidem
1060 1843 1172 1927 opinio

62 1941 199 2022 quamvis
224 1941 430 2024 argumentis
454 1939 607 2024 positivis
631 1938 763 2024 probari
787 1947 939 2024 nequeat,
965 1950 1097 2003 nonest
1119 1963 1172 2025 pe·

65 2037 134 2100 uitus
156 2035 357 2122 spernenda,
395 2058 497 2122 quum
528 2059 567 2100 ea
600 2045 706 2100 aetate
729 2047 842 2121 turpes
866 2036 1029 2122 quaedam
1054 2047 1172 2118 sectae,

66 2135 99 2195 nti
114 2133 395 2216 Manichaeorum,
420 2145 639 2220 erumperent,
664 2135 699 2198 iu
723 2156 862 2220 quarum
887 2135 987 2218 gestis
1011 2134 1173 2219 malignos

70 2233 183 2314 spiritus
208 2235 429 2298 intervenisse
452 2232 550 2296 facile
574 2234 809 2298 existimarem.
849 2231 988 2318 Saepius
1011 2254 1031 2296 a
1054 2235 1174 2318 princi·

72 2329 147 2412 pibus
176 2332 271 2395 missi
296 2341 373 2394 sunt
395 2332 452 2416 qui
477 2353 553 2394 eum
577 2342 742 2417 caperent,
776 2353 816 2394 ac
840 2340 1002 2416 postremo
1027 2332 1063 2394 in
1086 2341 1173 2416 pote·

70 2443 165 2492 erstem
186 2427 431 2515 archiepiscopi
450 2427 646 2493 Rhemensis
668 2428 822 2492 redactus
846 2439 894 2492 est
917 2429 987 2512 ipse
1011 2451 1087 2493 cum
1104 2428 1174 2514 pln-

69 2525 143 2589 ribus
175 2526 362 2612 discipulis.
409 2526 555 2612 Populus
592 2525 725 2614 quidem
766 2524 904 2590 stolidus
934 2527 991 2612 qui
1022 2547 1098 2591 eum
1128 2550 1174 2592 se·

68 2622 216 2705 quebatur
256 2623 403 2710 dilapsus
442 2635 501 2690 est.
550 2624 662 2705 Quum
699 2645 786 2688 anno
830 2625 913 2688 1148
949 2624 1099 2707 Eugeuio
1122 2627 1175 2690 ΙΠ

69 2721 202 2802 praeside
228 2721 364 2786 Rhemis
394 2722 542 2807 synodus
568 2721 755 2805 haberetur,
789 2721 886 2786 Eudo
918 2720 1083 2786 adductus
1115 2733 1175 2805 est,

68 2839 222 2905 quumque
246 2820 280 2884 in
305 2823 373 2884 suis
396 2819 521 2884 deliriis
546 2822 746 2906 persisteret,
778 2819 836 2884 sed
867 2820 976 2883 fatuus
1000 2824 1105 2906 magis
1129 2823 1176 2884 vi-

69 2915 185 2982 deretur
209 2940 310 3003 quam
327 2917 522 2999 haereticus,
547 2917 716 2982 custodiae
734 2919 941 3003 mancipatus
962 2918 1034 2998 fuit,
1060 2922 1093 2982 in
1110 2941 1176 3004 qua

70 3011 149 3079 brevi
172 3025 247 3103 post
266 3027 413 3080 mortuus
437 3025 494 3082 est.
527 3015 643 3080 Plures
667 3038 744 3079 vero
770 3039 811 3080 ex
835 3015 906 3100 ejus
931 3015 1101 3101 discipulis
1117 3017 1175 3102 qui

71 3134 175 3198 magua
215 3137 291 3178 cum
322 3114 543 3178 obstinatione
581 3116 616 3178 iu
647 3115 715 3178 suis
748 3111 913 3178 erroribus
946 3112 1174 3197 persistebant,

71 3208 190 3277 brachio
215 3211 376 3276 saeculari
400 3211 513 3276 traditi
537 3221 569 3276 et
592 3211 707 3276 ultimo
732 3210 895 3297 supplicio
924 3211 1033 3274 affecti
1058 3210 1175 3297 suut.¹)

146 3310 198 3374 98.
246 3309 371 3374 Eodem
396 3312 464 3374 lere
487 3319 634 3395 tempore
658 3331 723 3395 quo
747 3307 973 3374 Taucheliuus
1001 3311 1035 3373 in
1059 3308 1174 3392 Belgio

73 3417 98 3466 et
117 3405 209 3470 Eudo
233 3409 267 3472 in
292 3408 465 3472 Britannia
490 3410 607 3473 minori
633 3408 747 3472 turbas
771 3407 973 3488 eneitabuut,
1005 3409 1040 3472 iu
1064 3406 1175 3472 Gallia

76 3503 266 3570 meridionali
303 3505 368 3570 duo
401 3507 457 3571 alii
488 3505 646 3570 haeretici
671 3505 1030 3591 pseudospiritualistae
1068 3506 1174 3570 multi-

75 3600 206 3666 tudinem
230 3602 434 3668 seducebant
457 3615 489 3667 et
513 3614 627 3669 contra
643 3604 765 3669 clerum
791 3613 889 3689 atque
905 3604 1075 3688 episcopos
1098 3625 1173 3668 evo·

76 3697 188 3764 cabant
233 3700 292 3764 Isti
321 3702 456 3766 fuerunt
477 3703 589 3766 Petrus
613 3701 651 3765 de
674 3703 772 3766 Bruia
796 3701 1043 3784 (1104-1124)
1069 3724 1173 3766 sacer·
1204 3713 1285 3754 esua·
1299 3712 1327 3752 d·

77 3793 124 3858 dos
145 3785 382 3884 depositarum
406 3799 562 3863 Hebraeas
586 3798 836 3886 (1116-1148)
868 3799 1028 3863 diaconus
1052 3809 1084 3863 et
1108 3821 1172 3863 mo·
1226 3776 1301 3816 Μ’

78 3893 188 3960 uaelrus
211 3895 440 3963 Cluniaeenais
464 3921 481 3961 e
505 3921 563 3962 suo
589 3899 787 3963 monasterio
816 3897 972 3982 dilapsus.
993 3933 1030 3944 -
1057 3897 1175 3962 Petrus

79 3988 111 4052 dc
126 3992 214 4058 Bruis
236 4017 360 4061 errores
384 4019 460 4061 suos
484 3997 518 4060 iu
542 3998 716 4082 provincia
730 3995 916 4060 Arelatensi
941 3993 1080 4080 aliisque
1105 3995 1175 4058 fini·
1225 4009 1228 4014 “

81 4117 269 4132 “··-··---

141 4199 160 4262 ¹)
177 4198 228 4254 Gir.
246 4200 393 4254 Beronium
411 4199 445 4252 ad
464 4215 487 4252 a.
510 4201 586 4255 1148.
