2916 4842
275 451 362 504 naon
380 449 541 505 Friderioil
559 457 655 505 contra
675 451 856 505 Alexandrum
877 450 926 504 [ΙΙ.
1113 448 1164 500 141

57 597 272 685 conjurationis
285 617 413 659 consors
429 596 607 659 exstitisset.
616 595 640 676 ¹)
676 591 853 658 Gerhohus
867 602 977 657 tamen
1002 613 1090 672 mox,
1115 591 1161 654 nti

57 697 83 757 in
100 693 305 780 praefatione
328 691 469 779 praefati
492 690 568 758 libri
593 691 719 775 scribit,
737 702 908 778 postponam
930 690 1165 754 mendaciorum

56 791 174 855 nehdoe
197 801 309 854 conca
332 793 516 854 cononicam
531 787 716 854 Alexandri
738 787 917 853 electionem
936 787 1084 872 confictae
1099 809 1161 850 coe-

53 901 155 974 peram
178 911 348 962 rarescere,
379 909 574 974 persuasum
598 886 726 970 habuit,
758 885 989 950 Alexandrum
1012 884 1064 948 111
1094 907 1165 950 esse

53 987 225 1072 legitimum
250 987 387 1071 Papam,
412 996 542 1050 etcum
567 985 762 1053 Eberhardo
793 984 1043 1070 archiepiscopo
1068 982 1164 1049 Salis·

55 1085 198 1170 burgensi
222 1086 259 1149 in
276 1084 460 1149 Germania
484 1085 555 1170 ejus
577 1093 688 1170 partos
713 1094 902 1148 constanter
924 1082 1028 1146 tuitus
1051 1093 1110 1146 est.

129 1183 183 1248 46.
208 1181 310 1262 Quod
333 1204 412 1246 vero
436 1182 479 1246 ad
504 1184 766 1270 conjurationem
791 1181 881 1246 illam
906 1191 1042 1267 spectat,
1066 1181 1166 1267 plane

53 1279 264 1361 inhumanat,
288 1278 434 1365 aliquam
458 1280 620 1367 ejusmodi
646 1282 907 1367 conjurationem
932 1277 1164 1344 Cardinalium

52 1381 160 1444 iactam
184 1379 298 1444 fuisse.
345 1377 522 1443 Pontifices
546 1390 656 1442 autem
684 1378 819 1443 foedera
850 1379 963 1441 iniisse
988 1399 1064 1441 cum
1087 1399 1166 1462 rege

52 1477 167 1562 Siculo,
202 1499 243 1541 ac
274 1476 353 1541 dein
387 1478 487 1540 etiam
522 1500 597 1541 cum
630 1475 943 1570 Mediolanensibus,
976 1476 1057 1562 ipsis
1081 1478 1165 1542 vitio

54 1579 122 1640 verti
146 1575 274 1661 nequit.
321 1574 399 1639 Jam
424 1574 580 1656 vidimus,
610 1575 776 1639 immerito
801 1573 974 1638 Hadriano
1003 1597 1023 1638 a
1047 1573 1164 1640 Fride-

54 1677 106 1738 rico
136 1673 377 1758 exprobratum
410 1671 528 1758 fuisse,
563 1672 652 1759 quod
685 1674 905 1738 conventione
941 1694 1015 1736 cum
1052 1671 1165 1737 Siculo

52 1771 134 1854 iacta,
166 1769 347 1834 violaverit
373 1779 507 1855 pactum
533 1768 747 1835 Constantine
779 1771 821 1836 ab
853 1770 1055 1856 Imperatore
1087 1791 1164 1835 cum

51 1869 192 1954 Eugenio
217 1868 268 1932 111
293 1869 423 1932 initum.
470 1868 609 1932 Pactum
633 1890 712 1933 vero
742 1867 876 1955 aliquod
907 1888 983 1932 cum
1007 1867 1163 1933 Mediola-

51 1968 198 2033 nensibus
211 1967 312 2031 inivit
326 1963 519 2029 Hadrianus
535 1965 594 2048 1V,
619 1976 781 2052 quantum
805 1989 847 2030 ex
863 1965 1028 2030 chronicis
1052 1965 1162 2051 colligi

51 2079 154 2151 potest,
180 2063 312 2130 nonnisi
330 2084 445 2127 versus
463 2085 610 2128 mensem
627 2065 817 2149 Augustum
840 2065 919 2128 anni
939 2063 1034 2144 1159,
1059 2085 1162 2148 quum

52 2177 126 2229 netu
150 2165 179 2228 F
181 2161 315 2227 riderici
339 2160 477 2224 Romam
500 2161 697 2246 reliquisset.
747 2162 992 2247 Imperatores
1015 2171 1165 2247 tempore

53 2253 282 2340 longobardis,
306 2279 418 2322 eorum
440 2259 572 2344 juribus
597 2259 809 2342 conculcatis,
835 2260 959 2345 justam
985 2258 1062 2324 belli
1088 2282 1162 2324 cau-

52 2375 107 2418 am
131 2351 345 2440 praebuerat,
377 2378 513 2442 seseque
545 2358 712 2422 infensum
743 2357 897 2422 Pontifici
929 2368 961 2422 et
992 2356 1164 2423 Ecclesiae

52 2453 237 2536 ostenderet,
274 2455 320 2517 ita
355 2464 391 2517 ut
424 2455 580 2520 Pontifex
616 2455 714 2520 saluti
748 2466 780 2520 et
813 2455 960 2520 libertati
990 2455 1164 2522 Ecclesiae

52 2551 215 2632 providere
249 2549 395 2617 deberet.
448 2553 498 2616 Ea
530 2552 571 2618 de
603 2576 639 2617 re
670 2555 704 2619 in
739 2553 890 2619 Chronico
930 2555 969 2618 de
1000 2556 1093 2620 rebus
1127 2558 1163 2622 in

52 2649 138 2712 dolio
167 2651 266 2734 pestis
295 2649 437 2732 legitur:
468 2647 532 2714 Sed
554 2652 680 2714 intemm
713 2650 788 2714 dnm
817 2651 1013 2717 obsideretur
1040 2651 1161 2737 Cremo,

52 2747 298 2812 Mediolanenses
329 2771 397 2810 eam
427 2747 652 2812 Briaeiensibns
686 2759 715 2812 et
738 2748 934 2813 Placentinis
959 2755 1162 2839 jnraverunt,

52 2847 194 2910 mittentes
226 2845 449 2910 omboaeotores
480 2847 524 2909 od
546 2845 728 2911 domanam
752 2847 875 2932 Popont
907 2850 1052 2934 quierat
1075 2851 1167 2936 operi

52 2943 231 3031 Anoprsiom,
259 2944 459 3008 concordium
478 2943 640 3030 sociantes
664 2968 732 3008 onos
755 2968 810 3009 eo:
846 2943 938 3020 Quod
961 2945 1076 3010 scinde
1098 2970 1167 3012 non

49 3045 274 3125 poeiscerentur
297 3041 345 3106 cel
367 3041 570 3106 concordiam
584 3043 735 3129 foces-ent
766 3041 908 3129 aliquem
931 3067 998 3107 cum
1021 3045 1162 3130 Impere-

52 3149 106 3202 tore
128 3141 294 3204 Friderico
319 3139 433 3225 absque
457 3139 588 3203 licentio
611 3139 732 3204 domini
752 3141 862 3227 Papae
885 3140 935 3205 oei
957 3145 1024 3231 epita
1047 3165 1163 3207 succes·

54 3238 130 3301 soris.
160 3239 204 3302 Et
229 3238 374 3301 dominns
396 3238 490 3324 Papo
514 3260 529 3300 e
553 3259 698 3302 converso
722 3239 806 3303 idem
829 3241 970 3303 convenit
994 3250 1038 3303 et:
1071 3238 1167 3313 Quod

53 3357 132 3420 nsque
156 3335 201 3400 od
224 3335 283 3398 XL
305 3335 373 3400 dies
395 3337 675 3400 excommunicaret
697 3337 922 3424 Imperatorem
928 3361 940 3418 ,·
971 3361 1036 3400 non
1059 3349 1166 3402 tamen

49 3435 215 3517 juramento
230 3433 384 3516 fisanooit.
431 3433 559 3498 Accidit
589 3445 703 3513 ostem,
736 3447 772 3499 at
803 3435 895 3521 infra
921 3445 1072 3500 statutam
1103 3445 1159 3501 ter·

54 3531 155 3594 ninum
177 3531 324 3595 mainus
347 3532 392 3595 ed
413 3554 543 3618 superos
557 3531 774 3618 convolavit.¹)
798 3571 841 3580 —
865 3532 1095 3598 Alexandrum
1108 3533 1162 3604 HI

56 3647 157 3692 manns
191 3627 323 3692 dedisse
353 3628 585 3714 Longobardis
620 3628 766 3714 proiecto
801 3630 998 3717 reprehendi
1036 3633 1160 3716 nequit,

56 3745 143 3808 quum
161 3727 251 3813 juste
268 3737 382 3792 contra
397 3727 558 3792 Fridsrici
583 3727 843 3793 dominationem
858 3728 1067 3792 arbitrariam
1090 3737 1163 3792 tum

119 3973 139 4042 ¹)
155 3973 186 4028 V.
205 3975 263 4031 Seb.
284 3975 452 4046 Tengnagel
477 3975 579 4030 Vetera
596 3979 771 4030 monumenta
795 3980 889 4028 contra
907 3975 1091 4030 schismaticos
1109 3919 1162 4032 ito.

58 4055 147 4118 atla
180 4055 346 4126 Ingolstadii
364 4072 388 4110 a.
409 4055 486 4111 1612.
510 4085 544 4096 ·-
570 4057 611 4110 De
628 4056 737 4124 scriptis
757 4055 875 4110 Gerhohi
900 4054 948 4109 cfr.
968 4055 1165 4122 wattenbach,

58 4131 236 4192 Dencchlsnds
255 4135 521 4204 Gesohichtsquellen
541 4135 577 4191 11.
597 4137 657 4192 23⁷.

118 4233 138 4304 ¹)
153 4237 202 4306 ap.
216 4233 382 4300 warenna
401 4233 438 4287 11.
457 4235 518 4289 ast.

1207 589 1307 631 Accaus·
1321 589 1323 596 ’

1173 652 1338 695 donatulus.
1438 675 1439 686 r
