2916 4842
307 461 358 515 134
465 459 565 513 XXIV.
586 459 626 514 De
644 458 762 515 dissidiis
781 458 911 513 Frideriei
930 459 944 512 I
963 475 1023 514 curn
1042 459 1075 514 R.
1094 459 1280 517 Pontificibus.

304 603 488 668 Rainaldus
512 601 728 668 cancellarius
751 603 872 667 audaci
903 602 1113 695 festinatione
1138 603 1257 682 effecit,
1289 611 1325 666 ut
1349 625 1419 666 mox

305 723 411 766 novus
435 704 593 788 antipapa
616 702 879 766 constitueretur.
926 699 1080 766 Secunda
1113 699 1167 764 die
1191 709 1265 785 post
1289 712 1418 765 mortem

304 799 449 864 Victoris
467 799 521 863 'IV
545 798 747 864 schismatici
777 801 834 884 qui
858 799 970 864 Lucae
999 799 1148 880 aderant,
1180 797 1337 863 videlieet
1360 799 1419 863 duo

305 894 509 976 Cardinales,
533 896 658 983 aliquot
673 898 819 983 episcopi
845 896 918 961 Itali
943 908 976 961 et
999 897 1169 976 Germani,
1195 905 1228 961 et
1242 897 1421 982 praefectus

306 996 397 1060 urbis
421 996 555 1077 Romae,
586 995 779 1059 electionem
812 996 969 1062 fecerunt.
1019 995 1131 1075 Quum
1155 994 1322 1059 Henricns
1347 995 1419 1059 Leo-

306 1093 430 1158 diensis
461 1095 636 1180 episcopus
666 1091 897 1157 schismaticus
928 1093 1125 1178 dignitatem
1157 1092 1363 1178 pontificiam
1394 1095 1419 1156 ei

304 1189 449 1254 oblatam
473 1190 679 1270 declinasset,
705 1189 827 1254 electus
851 1202 900 1254 est
923 1189 1034 1255 Guido
1060 1189 1258 1272 Cardinalis,
1283 1193 1340 1276 qui
1365 1189 1420 1254 sub

305 1289 438 1352 nomine
462 1289 627 1353 Paschalis
650 1289 707 1353 ΙΙΙ
730 1289 773 1354 ab
804 1289 949 1353 Henrico
982 1297 1192 1354 consecratus
1221 1298 1280 1352 est.
1329 1289 1421 1352 Hunc

304 1406 383 1449 mox
406 1388 551 1472 suscepit
566 1385 757 1461 Fridericus
772 1386 799 1468 I,
825 1386 883 1451 sed
900 1408 997 1471 aegre
1015 1397 1144 1451 tantum
1160 1397 1289 1472 partem
1304 1389 1419 1472 episeo-

303 1505 420 1568 porum
444 1483 488 1548 ad
511 1484 583 1570 ejus
599 1483 823 1549 obedientiam
839 1485 1005 1551 adducere
1027 1487 1142 1571 potuit,
1168 1485 1320 1570 variique
1336 1507 1420 1570 prse-

303 1579 399 1662 sules,
425 1583 472 1645 uti
491 1581 663 1647 Conradus
678 1582 894 1667 Megnntinus
909 1583 1188 1668 archiepiscopus,
1214 1582 1421 1667 Imperatoris

192 1715 195 1722 «
303 1681 517 1765 propinquus,
551 1680 743 1745 Alexandro
775 1680 828 1745 Ill
858 1703 892 1745 se
920 1681 1116 1767 junxerunt.
1164 1681 1315 1744 lntrusus
1349 1691 1421 1744 tunc

303 1785 352 1839 est
382 1778 417 1840 in
447 1777 559 1842 sedem
583 1779 829 1864 Mogentinam,
866 1779 970 1865 ejecte
1002 1779 1155 1844 Conrado
1165 1831 1173 1862 ,
1206 1777 1420 1856 Christianus,

306 1874 358 1936 vir
382 1874 539 1959 indignus
567 1886 600 1941 et
623 1876 785 1962 voluptati
815 1877 961 1959 deditus,
993 1877 1051 1941 sed
1081 1878 1129 1941 rei
1162 1875 1314 1940 militaris
1344 1879 1420 1962 peri·

302 1971 458 2037 tissimus.

134 2167 295 2206 ,mmmm
394 2117 447 2180 37.
479 2117 672 2181 Factionem
703 2126 813 2181 autem
848 2116 1093 2181 schismaticam
1124 2116 1256 2180 firmare
1289 2127 1420 2181 conatus

153 2229 272 2280 ndstra
306 2223 355 2276 est
379 2214 582 2296 Friderieus,
613 2237 651 2277 ee
676 2214 730 2279 vel
753 2216 860 2300 magis
884 2213 973 2301 quod
1004 2225 1159 2300 speraret,
1191 2213 1362 2298 Angliam,
1390 2216 1420 2277 in

305 2333 371 2396 qua
395 2311 484 2376 lucta
507 2314 727 2396 interregem
753 2323 826 2376 ets.
842 2310 1005 2376 Themam
1024 2309 1298 2376 Cantuariensem
1323 2311 1420 2376 archi·

305 2411 496 2495 episcopum
513 2420 627 2474 exorta
643 2405 722 2492 erat,
738 2410 780 2474 ab
796 2408 988 2476 Alexandro
1004 2408 1207 2473 defecturam
1225 2432 1306 2474 esse.
1338 2411 1420 2474 Hinc

302 2507 486 2592 Imperator
516 2530 629 2572 mense
653 2508 742 2594 Majo
767 2510 846 2572 anni
873 2507 958 2571 1165
989 2509 1123 2570 comitia
1146 2505 1283 2592 Imperii
1309 2507 1422 2572 habuit

308 2605 510 2692 Wireeburpi,
535 2605 656 2692 quibus
679 2605 858 2670 adfuerunt
871 2607 955 2669 varii
975 2606 1142 2690 principes
1157 2616 1189 2669 et
1204 2605 1421 2690 quadraginta

302 2705 460 2789 episcopi.
506 2702 637 2768 Ibidem
656 2704 874 2790 jurejurando
896 2706 967 2791 ipse
983 2703 1169 2790 spopondit,
1195 2727 1229 2768 se
1254 2727 1419 2790 nunquam

304 2799 490 2888 ¹Rolandum
516 2800 760 2884 (Alexandrum
784 2803 847 2886 Ill)
879 2813 1118 2888 suscepturum,
1143 2802 1202 2866 sed
1227 2805 1259 2866 in
1285 2802 1419 2868 Pascha-

302 2896 343 2962 lis
367 2898 419 2961 III
443 2898 633 2964 obedientia
656 2909 942 2986 perseveraturum
967 2921 1047 2965 esse.
1082 2899 1176 2964 Idem
1196 2901 1419 2986 juramentum

189 3047 194 3055 .
301 2999 513 3082 praescripsit
536 2996 727 3083 proceribus
751 2999 886 3084 imperii
910 3009 943 3063 et
965 2997 1174 3084 praesulibus
1190 2999 1245 3083 qui
1264 3020 1420 3062 convene-

301 3105 385 3170 rant,
410 3106 443 3159 et
466 3094 664 3160 reluctantes
688 3098 787 3160 minis
810 3096 850 3160 ad
870 3095 904 3160 id
929 3096 1165 3182 praestandum
1182 3098 1306 3179 aedgit3
1333 3095 1419 3161 illud·

301 3213 365 3278 que
388 3191 486 3278 paule
512 3202 584 3279 pest
606 3206 760 3258 exactum
792 3215 925 3280 quoque
948 3192 1011 3257 tuit
1034 3217 1054 3258 a
1078 3192 1264 3280 dignitariis
1287 3193 1418 3280 Imperii

303 3301 335 3354 et
368 3290 553 3374 Ecclesiae,
593 3293 648 3378 qui
690 3294 869 3356 conventui
909 3290 998 3356 haud
1029 3291 1216 3357 adfuerant.
1271 3292 1318 3358 Ut
1346 3311 1418 3354 vcro

303 3385 547 3452 multitudinem
573 3390 616 3454 ad
641 3390 784 3456 schisma
807 3390 964 3472 alliceret,
997 3390 1113 3454 eodem
1137 3412 1224 3454 anno
1249 3412 1291 3454 ex
1316 3403 1417 3456 aucto-

302 3487 399 3549 ritate
423 3486 594 3552 Paschalis
611 3488 671 3570 III,
697 3499 869 3574 praesente
892 3489 1105 3574 Imperatore,
1130 3510 1189 3574 per
1212 3489 1417 3563 Rainaldum,

304 3584 360 3669 qui
385 3595 466 3647 tunc
490 3585 823 3670 (29⁰Dec.a.1165)
848 3597 1058 3652 consecratus
1081 3585 1189 3650 iuerat
1204 3586 1416 3673 archiepisco·

301 3703 363 3767 pus
388 3679 603 3766 Coloniensis,
636 3685 838 3771 Aquisgrani
868 3695 1002 3773 peraeta
1035 3695 1084 3749 est
1106 3682 1246 3748 clevatio
1271 3695 1304 3748 et
1328 3705 1416 3748 eane·

300 3781 419 3844 nisatio
445 3777 553 3846 Caroli
579 3783 634 3863 M,
659 3806 758 3870 quem
780 3806 900 3870 magna
918 3783 1129 3848 veneratione
1144 3779 1346 3848 Germaniae
1368 3803 1416 3866 pe-

299 3876 369 3963 puli
388 3878 590 3962 jamdudum
614 3881 907 3968 prosequebantur.
1141 3873 1144 3886 ’

392 4030 443 4093 38.
469 4029 606 4095 Interim
631 4032 740 4117 plures
756 4033 872 4099 Italiae
896 4033 1049 4096 civitates
1073 4040 1187 4096 centra
1203 4033 1415 4100 Friderieum.

218 4111 263 4140 ἠ’
302 4127 359 4211 qui
378 4126 456 4211 jura
472 4149 584 4194 earum
601 4131 775 4196 arbitrarie
790 4129 1007 4197 conculcabat
1021 4139 1053 4192 et
1068 4151 1127 4214 per
1141 4130 1322 4216 praefectos
1346 4151 1414 4194 suos

304 4223 374 4288 dire
397 4223 498 4288 Italos
522 4227 676 4312 vexabat,
707 4230 824 4295 foedus
854 4231 999 4294 inierant
1028 4239 1143 4292 contra
1174 4227 1412 4314 Imperatorem.
