<?xml version="1.0" encoding="UTF-8"?>
<!DOCTYPE html PUBLIC "-//W3C//DTD XHTML 1.0 Transitional//EN"
    "http://www.w3.org/TR/xhtml1/DTD/xhtml1-transitional.dtd">
<html xmlns="http://www.w3.org/1999/xhtml" xml:lang="en" lang="en">
 <head>
  <title>
</title>
<meta http-equiv="Content-Type" content="text/html;charset=utf-8" />
  <meta name='ocr-system' content='tesseract 3.04.00' />
  <meta name='ocr-capabilities' content='ocr_page ocr_carea ocr_par ocr_line ocrx_word'/>
</head>
<body>
  <div class='ocr_page' id='page_1' title='image "./dissertationess00junggoog_0206.png"; bbox 0 0 2858 4834; ppageno 0'>
   <div class='ocr_carea' id='block_1_1' title="bbox 383 414 1130 467">
    <p class='ocr_par' dir='ltr' id='par_1_1' title="bbox 383 414 1130 467">
     <span class='ocr_line' id='line_1_1' title="bbox 383 414 1130 467; baseline -0.003 -1"><span class='ocrx_word' id='word_1_1' title='bbox 383 414 421 466; x_wconf 81' lang='lat' dir='ltr'><em>lte</em></span> <span class='ocrx_word' id='word_1_2' title='bbox 441 415 529 466; x_wconf 86' lang='lat' dir='ltr'><em>luctae</em></span> <span class='ocrx_word' id='word_1_3' title='bbox 548 414 758 467; x_wconf 82' lang='lat' dir='ltr'>continuatione.</span> <span class='ocrx_word' id='word_1_4' title='bbox 1084 415 1130 465; x_wconf 83' lang='lat' dir='ltr'><em>lat</em></span> 
     </span>
    </p>
   </div>
   <div class='ocr_carea' id='block_1_2' title="bbox 8 553 1134 3267">
    <p class='ocr_par' dir='ltr' id='par_1_2' title="bbox 8 553 1134 3267">
     <span class='ocr_line' id='line_1_2' title="bbox 44 553 1133 650; baseline 0 -30"><span class='ocrx_word' id='word_1_5' title='bbox 44 561 145 644; x_wconf 77' lang='lat' dir='ltr'><em>liquia</em></span> <span class='ocrx_word' id='word_1_6' title='bbox 169 571 280 622; x_wconf 86' lang='lat' dir='ltr'><em>certum</em></span> <span class='ocrx_word' id='word_1_7' title='bbox 305 570 360 634; x_wconf 88' lang='lat' dir='ltr'><em>cst,</em></span> <span class='ocrx_word' id='word_1_8' title='bbox 386 581 470 642; x_wconf 75' lang='lat' dir='ltr'><em>repes</em></span> <span class='ocrx_word' id='word_1_9' title='bbox 488 567 684 650; x_wconf 37' lang='lat' dir='ltr'><em>potestatem.</em></span> <span class='ocrx_word' id='word_1_10' title='bbox 699 579 789 620; x_wconf 80' lang='lat' dir='ltr'><em>anant-</em></span> <span class='ocrx_word' id='word_1_11' title='bbox 813 557 953 642; x_wconf 88' lang='lat' dir='ltr'><em>accipere</em></span> <span class='ocrx_word' id='word_1_12' title='bbox 978 553 1133 620; x_wconf 88' lang='lat' dir='ltr'><em>abEccle-</em></span> 
     </span>
     <span class='ocr_line' id='line_1_3' title="bbox 41 652 1134 742; baseline -0.004 -22"><span class='ocrx_word' id='word_1_13' title='bbox 41 661 83 734; x_wconf 76' lang='lat' dir='ltr'><em>ab,</em></span> <span class='ocrx_word' id='word_1_14' title='bbox 103 681 160 719; x_wconf 88' lang='lat' dir='ltr'><em>non</em></span> <span class='ocrx_word' id='word_1_15' title='bbox 184 658 283 742; x_wconf 86' lang='lat' dir='ltr'><em>ipsam</em></span> <span class='ocrx_word' id='word_1_16' title='bbox 308 655 349 718; x_wconf 85' lang='lat' dir='ltr'><em>ab</em></span> <span class='ocrx_word' id='word_1_17' title='bbox 374 653 451 732; x_wconf 83' lang='lat' dir='ltr'><em>illis,</em></span> <span class='ocrx_word' id='word_1_18' title='bbox 475 653 531 718; x_wconf 78' lang='lat' dir='ltr'><em>sed</em></span> <span class='ocrx_word' id='word_1_19' title='bbox 554 679 574 717; x_wconf 90' lang='lat' dir='ltr'><em>a</em></span> <span class='ocrx_word' id='word_1_20' title='bbox 602 652 734 733; x_wconf 70' lang='lat' dir='ltr'><em>Christe,</em></span> <span class='ocrx_word' id='word_1_21' title='bbox 759 665 794 718; x_wconf 90' lang='lat' dir='ltr'><em>nt</em></span> <span class='ocrx_word' id='word_1_22' title='bbox 816 652 906 717; x_wconf 85' lang='lat' dir='ltr'><em>salua</em></span> <span class='ocrx_word' id='word_1_23' title='bbox 927 677 1006 740; x_wconf 89' lang='lat' dir='ltr'><em>pace</em></span> <span class='ocrx_word' id='word_1_24' title='bbox 1030 664 1134 717; x_wconf 88' lang='lat' dir='ltr'><em>vestra</em></span> 
     </span>
     <span class='ocr_line' id='line_1_4' title="bbox 40 751 1131 840; baseline 0.003 -29"><span class='ocrx_word' id='word_1_25' title='bbox 40 755 137 840; x_wconf 60' lang='lat' dir='ltr'><em>Caper,</em></span> <span class='ocrx_word' id='word_1_26' title='bbox 168 778 227 817; x_wconf 87' lang='lat' dir='ltr'><em>noa</em></span> <span class='ocrx_word' id='word_1_27' title='bbox 258 754 380 816; x_wconf 83' lang='lat' dir='ltr'><em>habetis</em></span> <span class='ocrx_word' id='word_1_28' title='bbox 410 753 567 839; x_wconf 86' lang='lat' dir='ltr'><em>episcopis</em></span> <span class='ocrx_word' id='word_1_29' title='bbox 585 755 784 838; x_wconf 84' lang='lat' dir='ltr'><em>praecipere.</em></span> <span class='ocrx_word' id='word_1_30' title='bbox 816 751 975 815; x_wconf 85' lang='lat' dir='ltr'><em>absoluere</em></span> <span class='ocrx_word' id='word_1_31' title='bbox 999 752 1131 837; x_wconf 76' lang='lat' dir='ltr'><em>aliquem</em></span> 
     </span>
     <span class='ocr_line' id='line_1_5' title="bbox 40 849 1133 926; baseline -0.002 -12"><span class='ocrx_word' id='word_1_32' title='bbox 40 853 73 915; x_wconf 81' lang='lat' dir='ltr'><em>nl</em></span> <span class='ocrx_word' id='word_1_33' title='bbox 96 854 365 926; x_wconf 66' lang='lat' dir='ltr'><em>excommunicare,</em></span> <span class='ocrx_word' id='word_1_34' title='bbox 407 851 529 914; x_wconf 76' lang='lat' dir='ltr'><strong><em>trahere</em></strong></span> <span class='ocrx_word' id='word_1_35' title='bbox 561 850 659 914; x_wconf 88' lang='lat' dir='ltr'><em>laicos</em></span> <span class='ocrx_word' id='word_1_36' title='bbox 690 851 733 913; x_wconf 84' lang='lat' dir='ltr'><em>ad</em></span> <span class='ocrx_word' id='word_1_37' title='bbox 763 849 945 913; x_wconf 71' lang='lat' dir='ltr'><em>saecularia</em></span> <span class='ocrx_word' id='word_1_38' title='bbox 974 850 1133 923; x_wconf 75' lang='lat' dir='ltr'><em>scamina,</em></span> 
     </span>
     <span class='ocr_line' id='line_1_6' title="bbox 33 947 1133 1034; baseline 0 -24"><span class='ocrx_word' id='word_1_39' title='bbox 33 951 156 1032; x_wconf 31' lang='lat' dir='ltr'><em>‚laetifera</em></span> <span class='ocrx_word' id='word_1_40' title='bbox 193 953 230 1014; x_wconf 84' lang='lat' dir='ltr'><em>de</em></span> <span class='ocrx_word' id='word_1_41' title='bbox 259 949 397 1012; x_wconf 86' lang='lat' dir='ltr'><em>ecclesiis</em></span> <span class='ocrx_word' id='word_1_42' title='bbox 431 947 477 1010; x_wconf 86' lang='lat' dir='ltr'><em>nel</em></span> <span class='ocrx_word' id='word_1_43' title='bbox 505 949 650 1022; x_wconf 82' lang='lat' dir='ltr'><em>decimis,</em></span> <span class='ocrx_word' id='word_1_44' title='bbox 689 947 877 1012; x_wconf 82' lang='lat' dir='ltr'><em>interdicere</em></span> <span class='ocrx_word' id='word_1_45' title='bbox 911 949 1067 1034; x_wconf 84' lang='lat' dir='ltr'><em>episcopis</em></span> <span class='ocrx_word' id='word_1_46' title='bbox 1096 971 1133 1010; x_wconf 81' lang='lat' dir='ltr'><em>ne</em></span> 
     </span>
     <span class='ocr_line' id='line_1_7' title="bbox 38 1043 1132 1135; baseline 0.001 -27"><span class='ocrx_word' id='word_1_47' title='bbox 38 1060 147 1112; x_wconf 70' lang='lat' dir='ltr'><em>tractent</em></span> <span class='ocrx_word' id='word_1_48' title='bbox 168 1071 280 1112; x_wconf 80' lang='lat' dir='ltr'><em>causas</em></span> <span class='ocrx_word' id='word_1_49' title='bbox 304 1048 342 1110; x_wconf 88' lang='lat' dir='ltr'><em>cle</em></span> <span class='ocrx_word' id='word_1_50' title='bbox 359 1048 604 1133; x_wconf 63' lang='lat' dir='ltr'><em>transmeamus</em></span> <span class='ocrx_word' id='word_1_51' title='bbox 620 1045 704 1128; x_wconf 83' lang='lat' dir='ltr'><em>fidei</em></span> <span class='ocrx_word' id='word_1_52' title='bbox 718 1043 767 1110; x_wconf 91' lang='lat' dir='ltr'><em>vel</em></span> <span class='ocrx_word' id='word_1_53' title='bbox 775 1048 963 1135; x_wconf 83' lang='lat' dir='ltr'><em>juramenti,</em></span> <span class='ocrx_word' id='word_1_54' title='bbox 989 1059 1018 1109; x_wconf 88' lang='lat' dir='ltr'><em>et</em></span> <span class='ocrx_word' id='word_1_55' title='bbox 1034 1046 1132 1110; x_wconf 82' lang='lat' dir='ltr'><em>multa</em></span> 
     </span>
     <span class='ocr_line' id='line_1_8' title="bbox 36 1144 1134 1230; baseline 0 -24"><span class='ocrx_word' id='word_1_56' title='bbox 36 1149 137 1208; x_wconf 79' lang='lat' dir='ltr'><em>ialam</em></span> <span class='ocrx_word' id='word_1_57' title='bbox 161 1146 292 1223; x_wconf 81' lang='lat' dir='ltr'><em>moelem,</em></span> <span class='ocrx_word' id='word_1_58' title='bbox 317 1167 397 1230; x_wconf 79' lang='lat' dir='ltr'><em>qnae</em></span> <span class='ocrx_word' id='word_1_59' title='bbox 421 1146 542 1230; x_wconf 86' lang='lat' dir='ltr'><em>scripta</em></span> <span class='ocrx_word' id='word_1_60' title='bbox 566 1155 639 1206; x_wconf 77' lang='lat' dir='ltr'><em>sterit</em></span> <span class='ocrx_word' id='word_1_61' title='bbox 653 1144 989 1208; x_wconf 86' lang='lat' dir='ltr'><em>interconsuetnclines</em></span> <span class='ocrx_word' id='word_1_62' title='bbox 1013 1155 1134 1207; x_wconf 83' lang='lat' dir='ltr'><em>cestros</em></span> 
     </span>
     <span class='ocr_line' id='line_1_9' title="bbox 36 1239 1133 1328; baseline -0.002 -22"><span class='ocrx_word' id='word_1_63' title='bbox 36 1269 95 1328; x_wconf 49' lang='lat' dir='ltr'><em>erra</em></span> <span class='ocrx_word' id='word_1_64' title='bbox 115 1247 217 1308; x_wconf 74' lang='lat' dir='ltr'><em>elicitis</em></span> <span class='ocrx_word' id='word_1_65' title='bbox 242 1244 388 1322; x_wconf 55' lang='lat' dir='ltr'><em>esseest)</em></span> <span class='ocrx_word' id='word_1_66' title='bbox 422 1241 475 1304; x_wconf 77' lang='lat' dir='ltr'><em>Ad</em></span> <span class='ocrx_word' id='word_1_67' title='bbox 498 1241 686 1319; x_wconf 76' lang='lat' dir='ltr'><em>sacerdotes,</em></span> <span class='ocrx_word' id='word_1_68' title='bbox 720 1265 778 1304; x_wconf 79' lang='lat' dir='ltr'><em>rea</em></span> <span class='ocrx_word' id='word_1_69' title='bbox 806 1239 1017 1318; x_wconf 82' lang='lat' dir='ltr'><em>dilectissime,</em></span> <span class='ocrx_word' id='word_1_70' title='bbox 1050 1263 1133 1318; x_wconf 69' lang='lat' dir='ltr'><em>reos,</em></span> 
     </span>
     <span class='ocr_line' id='line_1_10' title="bbox 37 1337 1132 1426; baseline -0.001 -22"><span class='ocrx_word' id='word_1_71' title='bbox 37 1342 112 1406; x_wconf 74' lang='lat' dir='ltr'><em>alsit</em></span> <span class='ocrx_word' id='word_1_72' title='bbox 133 1343 219 1406; x_wconf 84' lang='lat' dir='ltr'><em>Deos</em></span> <span class='ocrx_word' id='word_1_73' title='bbox 249 1365 328 1426; x_wconf 80' lang='lat' dir='ltr'><em>qnae</em></span> <span class='ocrx_word' id='word_1_74' title='bbox 350 1337 508 1402; x_wconf 84' lang='lat' dir='ltr'><em>Ecclesiae</em></span> <span class='ocrx_word' id='word_1_75' title='bbox 533 1362 607 1402; x_wconf 84' lang='lat' dir='ltr'><em>suae</em></span> <span class='ocrx_word' id='word_1_76' title='bbox 640 1349 713 1401; x_wconf 87' lang='lat' dir='ltr'><em>sant</em></span> <span class='ocrx_word' id='word_1_77' title='bbox 736 1339 936 1425; x_wconf 80' lang='lat' dir='ltr'><em>disponenda</em></span> <span class='ocrx_word' id='word_1_78' title='bbox 961 1341 1132 1424; x_wconf 84' lang='lat' dir='ltr'><em>pert-inere,</em></span> 
     </span>
     <span class='ocr_line' id='line_1_11' title="bbox 37 1435 1133 1526; baseline -0.005 -24"><span class='ocrx_word' id='word_1_79' title='bbox 37 1465 80 1504; x_wconf 80' lang='lat' dir='ltr'><em>eon</em></span> <span class='ocrx_word' id='word_1_80' title='bbox 102 1441 143 1504; x_wconf 83' lang='lat' dir='ltr'><em>ad</em></span> <span class='ocrx_word' id='word_1_81' title='bbox 159 1449 333 1526; x_wconf 82' lang='lat' dir='ltr'><em>potestates</em></span> <span class='ocrx_word' id='word_1_82' title='bbox 362 1435 489 1500; x_wconf 79' lang='lat' dir='ltr'><em>soecrrli.</em></span> <span class='ocrx_word' id='word_1_83' title='bbox 542 1435 629 1509; x_wconf 80' lang='lat' dir='ltr'><em>eras</em></span> <span class='ocrx_word' id='word_1_84' title='bbox 666 1438 695 1498; x_wconf 89' lang='lat' dir='ltr'><em>si</em></span> <span class='ocrx_word' id='word_1_85' title='bbox 718 1437 833 1518; x_wconf 82' lang='lat' dir='ltr'><em>fideles</em></span> <span class='ocrx_word' id='word_1_86' title='bbox 865 1438 942 1509; x_wconf 85' lang='lat' dir='ltr'><em>sint,</em></span> <span class='ocrx_word' id='word_1_87' title='bbox 974 1437 1133 1501; x_wconf 75' lang='lat' dir='ltr'><em>Ecclesiae</em></span> 
     </span>
     <span class='ocr_line' id='line_1_12' title="bbox 35 1533 1134 1622; baseline 0.003 -26"><span class='ocrx_word' id='word_1_88' title='bbox 35 1563 90 1600; x_wconf 68' lang='lat' dir='ltr'><em>eoae</em></span> <span class='ocrx_word' id='word_1_89' title='bbox 111 1536 324 1602; x_wconf 74' lang='lat' dir='ltr'><em>saaerdotibus</em></span> <span class='ocrx_word' id='word_1_90' title='bbox 347 1534 446 1597; x_wconf 76' lang='lat' dir='ltr'><em>croluit</em></span> <span class='ocrx_word' id='word_1_91' title='bbox 470 1555 534 1597; x_wconf 89' lang='lat' dir='ltr'><em>esse</em></span> <span class='ocrx_word' id='word_1_92' title='bbox 560 1538 723 1622; x_wconf 86' lang='lat' dir='ltr'><em>subjectas.</em></span> <span class='ocrx_word' id='word_1_93' title='bbox 751 1559 789 1597; x_wconf 85' lang='lat'><em>.·.</em></span> <span class='ocrx_word' id='word_1_94' title='bbox 817 1584 823 1597; x_wconf 94' lang='lat'><strong>.</strong></span> <span class='ocrx_word' id='word_1_95' title='bbox 853 1533 1029 1599; x_wconf 76' lang='lat' dir='ltr'><em>Christiani</em></span> <span class='ocrx_word' id='word_1_96' title='bbox 1048 1560 1134 1621; x_wconf 75' lang='lat' dir='ltr'><em>repes</em></span> 
     </span>
     <span class='ocr_line' id='line_1_13' title="bbox 38 1630 1130 1717; baseline -0.003 -19"><span class='ocrx_word' id='word_1_97' title='bbox 38 1637 139 1700; x_wconf 70' lang='lat' dir='ltr'><em>callere</em></span> <span class='ocrx_word' id='word_1_98' title='bbox 164 1637 276 1700; x_wconf 84' lang='lat' dir='ltr'><em>debent</em></span> <span class='ocrx_word' id='word_1_99' title='bbox 293 1635 489 1696; x_wconf 72' lang='lat' dir='ltr'><em>executiones</em></span> <span class='ocrx_word' id='word_1_100' title='bbox 504 1655 579 1695; x_wconf 85' lang='lat' dir='ltr'><em>snus</em></span> <span class='ocrx_word' id='word_1_101' title='bbox 596 1632 814 1696; x_wconf 88' lang='lat' dir='ltr'><em>ecclesiasticis</em></span> <span class='ocrx_word' id='word_1_102' title='bbox 829 1630 1045 1717; x_wconf 72' lang='lat' dir='ltr'><em>praesidibus,</em></span> <span class='ocrx_word' id='word_1_103' title='bbox 1069 1658 1130 1697; x_wconf 89' lang='lat' dir='ltr'><em>non</em></span> 
     </span>
     <span class='ocr_line' id='line_1_14' title="bbox 35 1729 1134 1819; baseline 0 -23"><span class='ocrx_word' id='word_1_104' title='bbox 35 1735 184 1819; x_wconf 78' lang='lat' dir='ltr'><em>praeferre.</em></span> <span class='ocrx_word' id='word_1_105' title='bbox 210 1783 217 1796; x_wconf 92' lang='lat'>.</span> <span class='ocrx_word' id='word_1_106' title='bbox 244 1782 251 1795; x_wconf 94' lang='lat'>.</span> <span class='ocrx_word' id='word_1_107' title='bbox 278 1783 286 1797; x_wconf 89' lang='lat'><strong>.</strong></span> <span class='ocrx_word' id='word_1_108' title='bbox 311 1729 469 1817; x_wconf 76' lang='lat' dir='ltr'><em>Scriptum</em></span> <span class='ocrx_word' id='word_1_109' title='bbox 493 1732 608 1816; x_wconf 75' lang='lat' dir='ltr'><em>atrippe</em></span> <span class='ocrx_word' id='word_1_110' title='bbox 622 1739 676 1806; x_wconf 83' lang='lat' dir='ltr'><em>est,</em></span> <span class='ocrx_word' id='word_1_111' title='bbox 692 1753 852 1816; x_wconf 85' lang='lat' dir='ltr'><em>nunqnam</em></span> <span class='ocrx_word' id='word_1_112' title='bbox 865 1729 902 1793; x_wconf 86' lang='lat' dir='ltr'><em>de</em></span> <span class='ocrx_word' id='word_1_113' title='bbox 920 1732 1134 1796; x_wconf 79' lang='lat' dir='ltr'><em>sacerdotibus</em></span> 
     </span>
     <span class='ocr_line' id='line_1_15' title="bbox 36 1826 1130 1919; baseline -0.005 -25"><span class='ocrx_word' id='word_1_114' title='bbox 36 1835 83 1894; x_wconf 80' lang='lat' dir='ltr'><em>risi</em></span> <span class='ocrx_word' id='word_1_115' title='bbox 94 1833 261 1896; x_wconf 83' lang='lat' dir='ltr'><em>Ecclesiam</em></span> <span class='ocrx_word' id='word_1_116' title='bbox 286 1829 435 1919; x_wconf 79' lang='lat' dir='ltr'><em>judicare</em></span> <span class='ocrx_word' id='word_1_117' title='bbox 469 1829 590 1904; x_wconf 81' lang='lat' dir='ltr'><em>debere,</em></span> <span class='ocrx_word' id='word_1_118' title='bbox 623 1853 679 1892; x_wconf 88' lang='lat' dir='ltr'><em>nec</em></span> <span class='ocrx_word' id='word_1_119' title='bbox 709 1852 772 1892; x_wconf 90' lang='lat' dir='ltr'><em>esse</em></span> <span class='ocrx_word' id='word_1_120' title='bbox 796 1829 1002 1891; x_wconf 78' lang='lat' dir='ltr'><em>bantanarnm</em></span> <span class='ocrx_word' id='word_1_121' title='bbox 1034 1826 1130 1914; x_wconf 76' lang='lat' dir='ltr'><em>lepam</em></span> 
     </span>
     <span class='ocr_line' id='line_1_16' title="bbox 33 1926 1131 2014; baseline 0 -24"><span class='ocrx_word' id='word_1_122' title='bbox 33 1929 60 1990; x_wconf 61' lang='lat' dir='ltr'><em>ab</em></span> <span class='ocrx_word' id='word_1_123' title='bbox 80 1929 297 2014; x_wconf 83' lang='lat' dir='ltr'><em>tnlibnsferre</em></span> <span class='ocrx_word' id='word_1_124' title='bbox 321 1929 516 1990; x_wconf 76' lang='lat' dir='ltr'><em>seutentiam.</em></span> <span class='ocrx_word' id='word_1_125' title='bbox 569 1926 704 2012; x_wconf 86' lang='lat' dir='ltr'><em>Obseqni</em></span> <span class='ocrx_word' id='word_1_126' title='bbox 733 1926 841 1990; x_wconf 79' lang='lat' dir='ltr'><em>debere</em></span> <span class='ocrx_word' id='word_1_127' title='bbox 867 1927 1033 2012; x_wconf 80' lang='lat' dir='ltr'><em>principes</em></span> <span class='ocrx_word' id='word_1_128' title='bbox 1057 1928 1131 1990; x_wconf 79' lang='lat' dir='ltr'><em>cini-</em></span> 
     </span>
     <span class='ocr_line' id='line_1_17' title="bbox 35 2023 1132 2110; baseline -0.002 -24"><span class='ocrx_word' id='word_1_129' title='bbox 35 2029 132 2090; x_wconf 73' lang='lat' dir='ltr'><em>rtianos</em></span> <span class='ocrx_word' id='word_1_130' title='bbox 161 2031 291 2091; x_wconf 84' lang='lat' dir='ltr'><em>statutis</em></span> <span class='ocrx_word' id='word_1_131' title='bbox 306 2023 476 2101; x_wconf 81' lang='lat' dir='ltr'><em>Ecclesiae,</em></span> <span class='ocrx_word' id='word_1_132' title='bbox 516 2048 579 2087; x_wconf 89' lang='lat' dir='ltr'><em>non</em></span> <span class='ocrx_word' id='word_1_133' title='bbox 610 2047 699 2088; x_wconf 84' lang='lat' dir='ltr'><em>suam</em></span> <span class='ocrx_word' id='word_1_134' title='bbox 727 2035 916 2110; x_wconf 87' lang='lat' dir='ltr'><em>potestatem</em></span> <span class='ocrx_word' id='word_1_135' title='bbox 933 2048 1132 2110; x_wconf 82' lang='lat' dir='ltr'><em>praeponere</em></span> 
     </span>
     <span class='ocr_line' id='line_1_18' title="bbox 35 2121 1132 2212; baseline -0.003 -26"><span class='ocrx_word' id='word_1_136' title='bbox 35 2127 177 2212; x_wconf 58' lang='lat' dir='ltr'><em>episcopis,</em></span> <span class='ocrx_word' id='word_1_137' title='bbox 192 2136 289 2210; x_wconf 85' lang='lat' dir='ltr'><em>caput</em></span> <span class='ocrx_word' id='word_1_138' title='bbox 298 2125 466 2209; x_wconf 77' lang='lat' dir='ltr'><em>principes</em></span> <span class='ocrx_word' id='word_1_139' title='bbox 481 2121 621 2198; x_wconf 80' lang='lat' dir='ltr'><em>subdere,</em></span> <span class='ocrx_word' id='word_1_140' title='bbox 647 2145 709 2184; x_wconf 90' lang='lat' dir='ltr'><em>nen</em></span> <span class='ocrx_word' id='word_1_141' title='bbox 726 2122 763 2184; x_wconf 85' lang='lat' dir='ltr'><em>de</em></span> <span class='ocrx_word' id='word_1_142' title='bbox 782 2124 938 2208; x_wconf 88' lang='lat' dir='ltr'><em>episcopis</em></span> <span class='ocrx_word' id='word_1_143' title='bbox 941 2121 1101 2210; x_wconf 83' lang='lat' dir='ltr'><em>judicare.</em></span> <span class='ocrx_word' id='word_1_144' title='bbox 1109 2125 1132 2204; x_wconf 65' lang='grc'><em>2)</em></span> 
     </span>
     <span class='ocr_line' id='line_1_19' title="bbox 37 2219 1131 2305; baseline -0.002 -21"><span class='ocrx_word' id='word_1_145' title='bbox 37 2221 153 2286; x_wconf 78' lang='lat' dir='ltr'><em>Possunt</em></span> <span class='ocrx_word' id='word_1_146' title='bbox 183 2233 295 2286; x_wconf 84' lang='lat' dir='ltr'><em>tamen</em></span> <span class='ocrx_word' id='word_1_147' title='bbox 322 2220 403 2284; x_wconf 87' lang='lat' dir='ltr'><em>haec</em></span> <span class='ocrx_word' id='word_1_148' title='bbox 428 2219 526 2304; x_wconf 88' lang='lat' dir='ltr'><em>plane</em></span> <span class='ocrx_word' id='word_1_149' title='bbox 551 2241 694 2305; x_wconf 83' lang='lat' dir='ltr'><em>congrue</em></span> <span class='ocrx_word' id='word_1_150' title='bbox 724 2219 764 2283; x_wconf 91' lang='lat' dir='ltr'><em>de</em></span> <span class='ocrx_word' id='word_1_151' title='bbox 789 2221 1048 2304; x_wconf 76' lang='lat' dir='ltr'><em>praeeminentia</em></span> <span class='ocrx_word' id='word_1_152' title='bbox 1072 2219 1131 2283; x_wconf 83' lang='lat' dir='ltr'><em>Ec-</em></span> 
     </span>
     <span class='ocr_line' id='line_1_20' title="bbox 8 2310 1131 2403; baseline 0.001 -22"><span class='ocrx_word' id='word_1_153' title='bbox 8 2351 9 2354; x_wconf 38' lang='lat'><em>*</em></span> <span class='ocrx_word' id='word_1_154' title='bbox 35 2317 132 2384; x_wconf 79' lang='lat' dir='ltr'><em>clesiae</em></span> <span class='ocrx_word' id='word_1_155' title='bbox 155 2332 188 2384; x_wconf 89' lang='lat' dir='ltr'><em>et</em></span> <span class='ocrx_word' id='word_1_156' title='bbox 211 2319 252 2382; x_wconf 89' lang='lat' dir='ltr'><em>de</em></span> <span class='ocrx_word' id='word_1_157' title='bbox 278 2310 549 2383; x_wconf 81' lang='lat' dir='ltr'><em>subordinatione</em></span> <span class='ocrx_word' id='word_1_158' title='bbox 573 2320 744 2402; x_wconf 85' lang='lat' dir='ltr'><em>potestatis</em></span> <span class='ocrx_word' id='word_1_159' title='bbox 762 2317 871 2382; x_wconf 90' lang='lat' dir='ltr'><em>civilis</em></span> <span class='ocrx_word' id='word_1_160' title='bbox 881 2318 980 2403; x_wconf 86' lang='lat' dir='ltr'><em>juxta</em></span> <span class='ocrx_word' id='word_1_161' title='bbox 1005 2328 1131 2382; x_wconf 86' lang='lat' dir='ltr'><em>senten-</em></span> 
     </span>
     <span class='ocr_line' id='line_1_21' title="bbox 36 2413 1132 2500; baseline 0.002 -24"><span class='ocrx_word' id='word_1_162' title='bbox 36 2419 96 2479; x_wconf 86' lang='lat' dir='ltr'><em>tian</em></span> <span class='ocrx_word' id='word_1_163' title='bbox 120 2417 309 2481; x_wconf 85' lang='lat' dir='ltr'><em>Bellarrnini</em></span> <span class='ocrx_word' id='word_1_164' title='bbox 335 2415 506 2500; x_wconf 87' lang='lat' dir='ltr'><em>explicari.</em></span> <span class='ocrx_word' id='word_1_165' title='bbox 538 2414 598 2478; x_wconf 89' lang='lat' dir='ltr'><em>Illa</em></span> <span class='ocrx_word' id='word_1_166' title='bbox 624 2413 726 2477; x_wconf 88' lang='lat' dir='ltr'><em>verba</em></span> <span class='ocrx_word' id='word_1_167' title='bbox 750 2415 988 2494; x_wconf 87' lang='lat' dir='ltr'><em>tantummodo,</em></span> <span class='ocrx_word' id='word_1_168' title='bbox 1017 2426 1132 2478; x_wconf 88' lang='lat' dir='ltr'><em>certum</em></span> 
     </span>
     <span class='ocr_line' id='line_1_22' title="bbox 35 2511 1132 2602; baseline 0 -26"><span class='ocrx_word' id='word_1_169' title='bbox 35 2527 74 2580; x_wconf 73' lang='lat' dir='ltr'><em>et,</em></span> <span class='ocrx_word' id='word_1_170' title='bbox 103 2541 184 2601; x_wconf 75' lang='lat' dir='ltr'><em>repes</em></span> <span class='ocrx_word' id='word_1_171' title='bbox 203 2525 391 2602; x_wconf 85' lang='lat' dir='ltr'><em>potestatem</em></span> <span class='ocrx_word' id='word_1_172' title='bbox 415 2537 503 2577; x_wconf 77' lang='lat' dir='ltr'><em>mam</em></span> <span class='ocrx_word' id='word_1_173' title='bbox 528 2517 667 2599; x_wconf 84' lang='lat' dir='ltr'><em>accipere</em></span> <span class='ocrx_word' id='word_1_174' title='bbox 693 2513 732 2577; x_wconf 91' lang='lat' dir='ltr'><em>ab</em></span> <span class='ocrx_word' id='word_1_175' title='bbox 756 2511 909 2590; x_wconf 85' lang='lat' dir='ltr'><em>Ecclesia,</em></span> <span class='ocrx_word' id='word_1_176' title='bbox 943 2535 1006 2574; x_wconf 87' lang='lat' dir='ltr'><em>non</em></span> <span class='ocrx_word' id='word_1_177' title='bbox 1029 2514 1132 2598; x_wconf 87' lang='lat' dir='ltr'><em>ipsa-m</em></span> 
     </span>
     <span class='ocr_line' id='line_1_23' title="bbox 37 2610 1133 2692; baseline 0.012 -31"><span class='ocrx_word' id='word_1_178' title='bbox 37 2611 153 2692; x_wconf 59' lang='lat' dir='ltr'><em>..tillia</em></span> <span class='ocrx_word' id='word_1_179' title='bbox 186 2613 242 2676; x_wconf 85' lang='lat' dir='ltr'><em>secl</em></span> <span class='ocrx_word' id='word_1_180' title='bbox 266 2637 285 2674; x_wconf 90' lang='lat' dir='ltr'><em>a</em></span> <span class='ocrx_word' id='word_1_181' title='bbox 314 2611 449 2688; x_wconf 83' lang='lat' dir='ltr'><em>Cbristo,</em></span> <span class='ocrx_word' id='word_1_182' title='bbox 482 2612 614 2675; x_wconf 88' lang='lat' dir='ltr'><em>duriora</em></span> <span class='ocrx_word' id='word_1_183' title='bbox 640 2611 805 2675; x_wconf 88' lang='lat' dir='ltr'><em>videntur.</em></span> <span class='ocrx_word' id='word_1_184' title='bbox 841 2610 906 2675; x_wconf 86' lang='lat' dir='ltr'><em>Sed</em></span> <span class='ocrx_word' id='word_1_185' title='bbox 931 2613 1046 2674; x_wconf 87' lang='lat' dir='ltr'><em>merito</em></span> <span class='ocrx_word' id='word_1_186' title='bbox 1070 2612 1133 2675; x_wconf 85' lang='lat' dir='ltr'><em>ista</em></span> 
     </span>
     <span class='ocr_line' id='line_1_24' title="bbox 36 2709 1133 2793; baseline 0 -21"><span class='ocrx_word' id='word_1_187' title='bbox 36 2733 83 2773; x_wconf 88' lang='lat' dir='ltr'><em>non</em></span> <span class='ocrx_word' id='word_1_188' title='bbox 110 2713 254 2775; x_wconf 86' lang='lat' dir='ltr'><em>absolute</em></span> <span class='ocrx_word' id='word_1_189' title='bbox 290 2709 450 2774; x_wconf 88' lang='lat' dir='ltr'><em>sumenda</em></span> <span class='ocrx_word' id='word_1_190' title='bbox 490 2731 676 2790; x_wconf 81' lang='lat' dir='ltr'><em>censemus,</em></span> <span class='ocrx_word' id='word_1_191' title='bbox 709 2731 825 2772; x_wconf 89' lang='lat' dir='ltr'><em>verum</em></span> <span class='ocrx_word' id='word_1_192' title='bbox 858 2709 1024 2772; x_wconf 85' lang='lat' dir='ltr'><em>secandam</em></span> <span class='ocrx_word' id='word_1_193' title='bbox 1058 2709 1133 2793; x_wconf 78' lang='lat' dir='ltr'><em>qnid</em></span> 
     </span>
     <span class='ocr_line' id='line_1_25' title="bbox 36 2806 1131 2894; baseline 0.005 -26"><span class='ocrx_word' id='word_1_194' title='bbox 36 2807 65 2870; x_wconf 77' lang='lat' dir='ltr'><em>«ie</em></span> <span class='ocrx_word' id='word_1_195' title='bbox 85 2819 235 2894; x_wconf 81' lang='lat' dir='ltr'><em>potestate</em></span> <span class='ocrx_word' id='word_1_196' title='bbox 252 2811 342 2890; x_wconf 82' lang='lat' dir='ltr'><em>regia</em></span> <span class='ocrx_word' id='word_1_197' title='bbox 358 2807 566 2893; x_wconf 87' lang='lat' dir='ltr'><em>exponenda,</em></span> <span class='ocrx_word' id='word_1_198' title='bbox 590 2819 753 2893; x_wconf 88' lang='lat' dir='ltr'><em>quatenns</em></span> <span class='ocrx_word' id='word_1_199' title='bbox 769 2829 863 2870; x_wconf 85' lang='lat' dir='ltr'><em>sacra</em></span> <span class='ocrx_word' id='word_1_200' title='bbox 887 2807 958 2891; x_wconf 88' lang='lat' dir='ltr'><em>ejus</em></span> <span class='ocrx_word' id='word_1_201' title='bbox 976 2806 1131 2890; x_wconf 68' lang='lat' dir='ltr'><em>dignitas</em></span> 
     </span>
     <span class='ocr_line' id='line_1_26' title="bbox 37 2904 1133 2994; baseline 0.003 -29"><span class='ocrx_word' id='word_1_202' title='bbox 37 2905 159 2993; x_wconf 85' lang='lat' dir='ltr'><em>illudque</em></span> <span class='ocrx_word' id='word_1_203' title='bbox 198 2907 286 2994; x_wconf 92' lang='lat' dir='ltr'><em>quod</em></span> <span class='ocrx_word' id='word_1_204' title='bbox 327 2906 492 2991; x_wconf 84' lang='lat' dir='ltr'><em>principes</em></span> <span class='ocrx_word' id='word_1_205' title='bbox 531 2904 642 2968; x_wconf 87' lang='lat' dir='ltr'><em>medio</em></span> <span class='ocrx_word' id='word_1_206' title='bbox 682 2927 764 2968; x_wconf 88' lang='lat' dir='ltr'><em>aevo</em></span> <span class='ocrx_word' id='word_1_207' title='bbox 801 2907 978 2990; x_wconf 84' lang='lat' dir='ltr'><em>praecipue</em></span> <span class='ocrx_word' id='word_1_208' title='bbox 1003 2904 1133 2989; x_wconf 88' lang='lat' dir='ltr'><em>populis</em></span> 
     </span>
     <span class='ocr_line' id='line_1_27' title="bbox 37 3000 1130 3088; baseline 0.002 -22"><span class='ocrx_word' id='word_1_209' title='bbox 37 3005 172 3069; x_wconf 72' lang='lat' dir='ltr'><em>reiciebat</em></span> <span class='ocrx_word' id='word_1_210' title='bbox 202 3003 402 3068; x_wconf 86' lang='lat' dir='ltr'><em>reverendos</em></span> <span class='ocrx_word' id='word_1_211' title='bbox 434 3024 613 3088; x_wconf 87' lang='lat' dir='ltr'><em>eorumque</em></span> <span class='ocrx_word' id='word_1_212' title='bbox 646 3024 747 3085; x_wconf 86' lang='lat' dir='ltr'><em>regna</em></span> <span class='ocrx_word' id='word_1_213' title='bbox 771 3000 943 3088; x_wconf 79' lang='lat' dir='ltr'><em>¹imprimis</em></span> <span class='ocrx_word' id='word_1_214' title='bbox 967 3002 1130 3068; x_wconf 85' lang='lat' dir='ltr'><em>tuebatur.</em></span> 
     </span>
     <span class='ocr_line' id='line_1_28' title="bbox 37 3099 1130 3190; baseline 0.001 -28"><span class='ocrx_word' id='word_1_215' title='bbox 37 3101 66 3162; x_wconf 81' lang='lat' dir='ltr'><em>ab</em></span> <span class='ocrx_word' id='word_1_216' title='bbox 86 3103 225 3168; x_wconf 84' lang='lat' dir='ltr'><em>Ecclesia</em></span> <span class='ocrx_word' id='word_1_217' title='bbox 250 3125 310 3190; x_wconf 88' lang='lat' dir='ltr'><em>per</em></span> <span class='ocrx_word' id='word_1_218' title='bbox 332 3104 522 3166; x_wconf 87' lang='lat' dir='ltr'><em>unctionem</em></span> <span class='ocrx_word' id='word_1_219' title='bbox 547 3121 675 3165; x_wconf 86' lang='lat' dir='ltr'><em>sacrem</em></span> <span class='ocrx_word' id='word_1_220' title='bbox 700 3110 732 3163; x_wconf 90' lang='lat' dir='ltr'><em>et</em></span> <span class='ocrx_word' id='word_1_221' title='bbox 748 3103 992 3164; x_wconf 84' lang='lat' dir='ltr'><em>coronationem</em></span> <span class='ocrx_word' id='word_1_222' title='bbox 1018 3099 1130 3164; x_wconf 87' lang='lat' dir='ltr'><em>solem·</em></span> 
     </span>
     <span class='ocr_line' id='line_1_29' title="bbox 37 3200 327 3267; baseline 0.031 -9"><span class='ocrx_word' id='word_1_223' title='bbox 37 3219 93 3262; x_wconf 85' lang='lat' dir='ltr'><em>nen</em></span> <span class='ocrx_word' id='word_1_224' title='bbox 114 3200 327 3267; x_wconf 86' lang='lat' dir='ltr'><em>tribuebatur.</em></span> 
     </span>
    </p>
   </div>
   <div class='ocr_carea' id='block_1_3' title="bbox 38 3313 1301 3794">
    <p class='ocr_par' dir='ltr' id='par_1_3' title="bbox 38 3313 1301 3794">
     <span class='ocr_line' id='line_1_30' title="bbox 105 3313 1301 3401; baseline 0.004 -22"><span class='ocrx_word' id='word_1_225' title='bbox 105 3317 152 3382; x_wconf 70' lang='lat'><em>37.</em></span> <span class='ocrx_word' id='word_1_226' title='bbox 198 3317 346 3382; x_wconf 87' lang='lat' dir='ltr'><em>Joannes</em></span> <span class='ocrx_word' id='word_1_227' title='bbox 369 3313 619 3380; x_wconf 76' lang='lat' dir='ltr'><em>sarisberiensis</em></span> <span class='ocrx_word' id='word_1_228' title='bbox 643 3316 765 3380; x_wconf 86' lang='lat' dir='ltr'><em>citatur</em></span> <span class='ocrx_word' id='word_1_229' title='bbox 787 3339 806 3380; x_wconf 90' lang='lat' dir='ltr'><em>a</em></span> <span class='ocrx_word' id='word_1_230' title='bbox 830 3315 981 3381; x_wconf 87' lang='lat' dir='ltr'><em>Gosselin</em></span> <span class='ocrx_word' id='word_1_231' title='bbox 1007 3325 1043 3379; x_wconf 88' lang='lat' dir='ltr'><em>nt</em></span> <span class='ocrx_word' id='word_1_232' title='bbox 1066 3319 1126 3401; x_wconf 90' lang='lat' dir='ltr'><em>pri·</em></span> <span class='ocrx_word' id='word_1_233' title='bbox 1139 3344 1301 3385; x_wconf 63' lang='lat' dir='ltr'><em>annectere.</em></span> 
     </span>
     <span class='ocr_line' id='line_1_31' title="bbox 38 3406 1293 3508; baseline 0.005 -36"><span class='ocrx_word' id='word_1_234' title='bbox 38 3427 230 3494; x_wconf 78' lang='lat' dir='ltr'><em>massucior,</em></span> <span class='ocrx_word' id='word_1_235' title='bbox 263 3416 320 3500; x_wconf 89' lang='lat' dir='ltr'><em>qni</em></span> <span class='ocrx_word' id='word_1_236' title='bbox 345 3423 537 3499; x_wconf 84' lang='lat' dir='ltr'><em>potestatem</em></span> <span class='ocrx_word' id='word_1_237' title='bbox 568 3413 727 3478; x_wconf 88' lang='lat' dir='ltr'><em>directam</em></span> <span class='ocrx_word' id='word_1_238' title='bbox 751 3413 920 3478; x_wconf 86' lang='lat' dir='ltr'><em>Ecclesiae</em></span> <span class='ocrx_word' id='word_1_239' title='bbox 954 3415 987 3477; x_wconf 93' lang='lat' dir='ltr'><em>in</em></span> <span class='ocrx_word' id='word_1_240' title='bbox 1012 3436 1063 3477; x_wconf 89' lang='lat' dir='ltr'><em>res</em></span> <span class='ocrx_word' id='word_1_241' title='bbox 1086 3406 1293 3508; x_wconf 53' lang='lat' dir='ltr'><em>ci·⁸⁸‘¹⁸·¹&#39;⁸‘¹⁸¹¹&#39;</em></span> 
     </span>
     <span class='ocr_line' id='line_1_32' title="bbox 39 3507 1128 3598; baseline 0.005 -28"><span class='ocrx_word' id='word_1_242' title='bbox 39 3507 101 3572; x_wconf 71' lang='lat' dir='ltr'><em>siles</em></span> <span class='ocrx_word' id='word_1_243' title='bbox 122 3511 307 3594; x_wconf 83' lang='lat' dir='ltr'><em>docuerit,³)</em></span> <span class='ocrx_word' id='word_1_244' title='bbox 340 3524 373 3576; x_wconf 86' lang='lat' dir='ltr'><em>et</em></span> <span class='ocrx_word' id='word_1_245' title='bbox 403 3511 538 3597; x_wconf 89' lang='lat' dir='ltr'><em>qnidam</em></span> <span class='ocrx_word' id='word_1_246' title='bbox 562 3513 633 3597; x_wconf 89' lang='lat' dir='ltr'><em>ejus</em></span> <span class='ocrx_word' id='word_1_247' title='bbox 662 3523 772 3576; x_wconf 86' lang='lat' dir='ltr'><em>textus</em></span> <span class='ocrx_word' id='word_1_248' title='bbox 796 3535 853 3598; x_wconf 89' lang='lat' dir='ltr'><em>pro</em></span> <span class='ocrx_word' id='word_1_249' title='bbox 878 3512 941 3575; x_wconf 88' lang='lat' dir='ltr'><em>hac</em></span> <span class='ocrx_word' id='word_1_250' title='bbox 965 3513 1128 3575; x_wconf 88' lang='lat' dir='ltr'><em>sententia</em></span> 
     </span>
     <span class='ocr_line' id='line_1_33' title="bbox 39 3607 1128 3696; baseline 0.006 -29"><span class='ocrx_word' id='word_1_251' title='bbox 39 3607 122 3671; x_wconf 75' lang='lat' dir='ltr'><em>afferri</em></span> <span class='ocrx_word' id='word_1_252' title='bbox 151 3621 296 3696; x_wconf 88' lang='lat' dir='ltr'><em>possunt.</em></span> <span class='ocrx_word' id='word_1_253' title='bbox 343 3609 394 3674; x_wconf 89' lang='lat' dir='ltr'><em>Ita</em></span> <span class='ocrx_word' id='word_1_254' title='bbox 425 3612 459 3674; x_wconf 94' lang='lat' dir='ltr'><em>in</em></span> <span class='ocrx_word' id='word_1_255' title='bbox 491 3610 697 3695; x_wconf 86' lang='lat' dir='ltr'><em>Polycratico</em></span> <span class='ocrx_word' id='word_1_256' title='bbox 730 3609 767 3678; x_wconf 73' lang='lat' dir='ltr'><em>L,</em></span> <span class='ocrx_word' id='word_1_257' title='bbox 800 3611 859 3675; x_wconf 90' lang='lat' dir='ltr'><em>IV.</em></span> <span class='ocrx_word' id='word_1_258' title='bbox 894 3633 921 3675; x_wconf 91' lang='lat' dir='ltr'><em>c.</em></span> <span class='ocrx_word' id='word_1_259' title='bbox 955 3613 975 3674; x_wconf 90' lang='lat'>3</span> <span class='ocrx_word' id='word_1_260' title='bbox 1015 3609 1128 3674; x_wconf 87' lang='lat' dir='ltr'><em>docet:</em></span> 
     </span>
     <span class='ocr_line' id='line_1_34' title="bbox 43 3699 1129 3794; baseline -0.002 -20"><span class='ocrx_word' id='word_1_261' title='bbox 43 3699 111 3774; x_wconf 66' lang='lat' dir='ltr'><em>Quoi</em></span> <span class='ocrx_word' id='word_1_262' title='bbox 127 3711 275 3794; x_wconf 75' lang='lat' dir='ltr'><em>princeps</em></span> <span class='ocrx_word' id='word_1_263' title='bbox 301 3709 441 3772; x_wconf 86' lang='lat' dir='ltr'><em>minister</em></span> <span class='ocrx_word' id='word_1_264' title='bbox 465 3719 511 3770; x_wconf 89' lang='lat' dir='ltr'><em>est</em></span> <span class='ocrx_word' id='word_1_265' title='bbox 533 3709 729 3773; x_wconf 81' lang='lat' dir='ltr'><em>sacerdotnm</em></span> <span class='ocrx_word' id='word_1_266' title='bbox 744 3720 775 3773; x_wconf 92' lang='lat' dir='ltr'><em>et</em></span> <span class='ocrx_word' id='word_1_267' title='bbox 791 3711 893 3772; x_wconf 80' lang='lat' dir='ltr'><em>mittar</em></span> <span class='ocrx_word' id='word_1_268' title='bbox 916 3711 978 3788; x_wconf 88' lang='lat' dir='ltr'><em>eis;</em></span> <span class='ocrx_word' id='word_1_269' title='bbox 1004 3717 1036 3771; x_wconf 89' lang='lat' dir='ltr'><em>et</em></span> <span class='ocrx_word' id='word_1_270' title='bbox 1052 3710 1129 3772; x_wconf 89' lang='lat' dir='ltr'><em>scri·</em></span> 
     </span>
    </p>
   </div>
   <div class='ocr_carea' id='block_1_4' title="bbox 41 3795 1130 3892">
    <p class='ocr_par' dir='ltr' id='par_1_4' title="bbox 41 3795 1130 3892">
     <span class='ocr_line' id='line_1_35' title="bbox 41 3795 1130 3892; baseline 0.006 -31"><span class='ocrx_word' id='word_1_271' title='bbox 41 3795 75 3861; x_wconf 85' lang='lat' dir='ltr'><em>bit</em></span> <span class='ocrx_word' id='word_1_272' title='bbox 93 3804 168 3869; x_wconf 84' lang='lat' dir='ltr'><em>inter</em></span> <span class='ocrx_word' id='word_1_273' title='bbox 189 3805 273 3872; x_wconf 84' lang='lat' dir='ltr'><em>alia:</em></span> <span class='ocrx_word' id='word_1_274' title='bbox 298 3805 391 3870; x_wconf 87' lang='lat' dir='ltr'><em>Hanc</em></span> <span class='ocrx_word' id='word_1_275' title='bbox 414 3828 486 3890; x_wconf 73' lang='lat' dir='ltr'><em>erpo</em></span> <span class='ocrx_word' id='word_1_276' title='bbox 509 3805 651 3892; x_wconf 68' lang='lat' dir='ltr'><em>cladium</em></span> <span class='ocrx_word' id='word_1_277' title='bbox 665 3807 703 3870; x_wconf 86' lang='lat' dir='ltr'><em>de</em></span> <span class='ocrx_word' id='word_1_278' title='bbox 719 3831 815 3871; x_wconf 86' lang='lat' dir='ltr'><em>mana</em></span> <span class='ocrx_word' id='word_1_279' title='bbox 831 3807 988 3870; x_wconf 84' lang='lat' dir='ltr'><em>Ecclesiae</em></span> <span class='ocrx_word' id='word_1_280' title='bbox 1014 3807 1130 3892; x_wconf 88' lang='lat' dir='ltr'><em>accipit</em></span> 
     </span>
    </p>
   </div>
   <div class='ocr_carea' id='block_1_5' title="bbox 1213 3469 1240 3510">
    <p class='ocr_par' dir='ltr' id='par_1_5' title="bbox 1213 3469 1240 3510">
     <span class='ocr_line' id='line_1_36' title="bbox 1213 3469 1240 3510; baseline 0.074 -2"><span class='ocrx_word' id='word_1_281' title='bbox 1213 3469 1240 3510; x_wconf 82' lang='lat' dir='ltr'><em>ts.</em></span> 
     </span>
    </p>
   </div>
   <div class='ocr_carea' id='block_1_6' title="bbox 58 3953 219 3968">
    <p class='ocr_par' dir='ltr' id='par_1_6' title="bbox 58 3953 219 3968">
     <span class='ocr_line' id='line_1_37' title="bbox 58 3953 219 3968; baseline 0.006 -1"><span class='ocrx_word' id='word_1_282' title='bbox 58 3953 63 3958; x_wconf 90' lang='lat'>¹</span> <span class='ocrx_word' id='word_1_283' title='bbox 79 3957 219 3968; x_wconf 41' lang='lat'><em>·-—*-—-</em></span> 
     </span>
    </p>
   </div>
   <div class='ocr_carea' id='block_1_7' title="bbox 94 4033 1016 4266">
    <p class='ocr_par' dir='ltr' id='par_1_7' title="bbox 94 4033 1016 4266">
     <span class='ocr_line' id='line_1_38' title="bbox 96 4033 353 4103; baseline 0 -14"><span class='ocrx_word' id='word_1_284' title='bbox 96 4033 113 4098; x_wconf 77' lang='lat' dir='ltr'><em>¹J</em></span> <span class='ocrx_word' id='word_1_285' title='bbox 128 4035 205 4100; x_wconf 75' lang='lat' dir='ltr'><em>(iilos,</em></span> <span class='ocrx_word' id='word_1_286' title='bbox 224 4037 274 4103; x_wconf 76' lang='lat' dir='ltr'><em>ap.</em></span> <span class='ocrx_word' id='word_1_287' title='bbox 296 4035 353 4090; x_wconf 82' lang='lat' dir='ltr'><em>tta.</em></span> 
     </span>
     <span class='ocr_line' id='line_1_39' title="bbox 94 4111 334 4184; baseline 0.004 -14"><span class='ocrx_word' id='word_1_288' title='bbox 94 4111 334 4184; x_wconf 58' lang='lat' dir='ltr'><em>bfflwm</em></span> 
     </span>
     <span class='ocr_line' id='line_1_40' title="bbox 97 4191 1016 4266; baseline 0.001 -18"><span class='ocrx_word' id='word_1_289' title='bbox 97 4191 113 4258; x_wconf 55' lang='grc' dir='ltr'><em>ἢ</em></span> <span class='ocrx_word' id='word_1_290' title='bbox 130 4195 241 4250; x_wconf 84' lang='lat' dir='ltr'><em>Ponroir</em></span> <span class='ocrx_word' id='word_1_291' title='bbox 259 4197 295 4250; x_wconf 83' lang='lat' dir='ltr'><em>dn</em></span> <span class='ocrx_word' id='word_1_292' title='bbox 315 4195 388 4264; x_wconf 83' lang='lat' dir='ltr'><em>Papa</em></span> <span class='ocrx_word' id='word_1_293' title='bbox 406 4194 481 4252; x_wconf 86' lang='lat' dir='ltr'><em>Tam.</em></span> <span class='ocrx_word' id='word_1_294' title='bbox 502 4196 538 4252; x_wconf 93' lang='lat'><em>11.</em></span> <span class='ocrx_word' id='word_1_295' title='bbox 558 4213 582 4266; x_wconf 85' lang='lat' dir='ltr'><em>p.</em></span> <span class='ocrx_word' id='word_1_296' title='bbox 605 4197 664 4252; x_wconf 79' lang='lat'><strong>131.</strong></span> <span class='ocrx_word' id='word_1_297' title='bbox 684 4197 724 4252; x_wconf 72' lang='lat' dir='ltr'><em>en</em></span> <span class='ocrx_word' id='word_1_298' title='bbox 745 4197 777 4250; x_wconf 84' lang='lat' dir='ltr'><em>de</em></span> <span class='ocrx_word' id='word_1_299' title='bbox 796 4195 920 4252; x_wconf 85' lang='lat' dir='ltr'><em>Lourain</em></span> <span class='ocrx_word' id='word_1_300' title='bbox 940 4195 1016 4251; x_wconf 79' lang='lat'>1845.</span> 
     </span>
    </p>
   </div>
   <div class='ocr_carea' id='block_1_8' title="bbox 0 0 1439 4834">
    <p class='ocr_par' dir='ltr' id='par_1_8' title="bbox 0 0 1439 4834">
     <span class='ocr_line' id='line_1_41' title="bbox 0 0 1439 4834; baseline 0 0"><span class='ocrx_word' id='word_1_301' title='bbox 0 0 1439 4834; x_wconf 95' lang='lat' dir='ltr'><em> </em></span> 
     </span>
    </p>
   </div>
  </div>
 </body>
</html>
