2832 4844
415 477 518 532 Blattio
536 475 669 531 Bonifatii
688 475 764 532 vn1.
1104 477 1138 531 11

28 621 184 686 studuisse
215 620 306 685 huuc
336 622 444 684 virum
475 622 614 684 caeteris
646 627 868 704 praestantem
899 618 1074 700 honorare,
1108 630 1141 685 et

28 721 91 806 ejus
113 719 177 784 sibi
207 717 386 784 conciliare
416 716 694 783 benevolentiam.
745 716 908 781 Videmus
938 719 1038 800 euim,
1068 717 1140 802 ejus

28 816 254 882 consobrinum
286 817 452 882 Joauuem
484 814 671 880 Gattanum
705 837 726 879 a
750 813 938 880 Caelestino
968 815 1002 878 iu
1027 812 1142 879 Cardi-

27 913 127 978 uulem
158 925 313 978 evectum
342 914 459 994 fuisse3
492 934 553 977 uec
577 923 627 977 est
656 933 716 977 aur
745 911 949 993 dubitemus,
981 913 1014 975 lu
1039 913 1142 976 variis

26 1012 118 1076 rebus
141 1011 359 1092 Bonifatium,
391 1010 619 1075 doctissimum
652 1011 688 1076 in
714 1011 791 1097 jure
825 1011 995 1092 canonico,
1030 1009 1141 1075 Coele·

25 1112 104 1174 sduo
128 1109 296 1184 adstitisse
319 1120 352 1173 et
375 1110 409 1174 iu
434 1107 635 1195 quibusdam
652 1107 894 1190 occasionibus,
918 1131 960 1173 ue
984 1111 1020 1174 in
1042 1108 1141 1195 pluri-

26 1207 82 1272 bus
105 1209 295 1294 improvide
317 1218 440 1292 egeret,
465 1208 565 1288 etiam
590 1206 814 1292 impedivisse.
821 1207 843 1287 ¹)

111 1307 161 1370 12.
190 1305 289 1386 Quod
303 1305 549 1372 abdicationem
565 1314 693 1391 spectat
709 1303 898 1386 Caelestini,
922 1303 1047 1368 Villani
1072 1306 1197 1401 qui·co
1159 1297 1232 1402 Ὗ

1234 1299 1308 1340 ovtrst

1247 1362 1309 1402 tad

25 1402 128 1488 dem⁸)
152 1415 187 1467 et
213 1403 338 1468 Dentes
362 1402 566 1489 Alighisri,³)
598 1401 759 1468 Gibelliui
783 1402 949 1471 Bonifatio
974 1401 1104 1468 valde
1096 1425 1143 1466 rn-
1175 1362 1258 1464 aluid·
1247 1366 1302 1464 ira

26 1501 113 1581 feusi,
147 1500 239 1566 huuc
270 1513 438 1596 accusant,
472 1501 560 1587 quod
592 1500 635 1564 ad
659 1501 812 1565 eamdem
836 1498 1059 1564 Caelestinum
1090 1502 1143 1564 sti·
1201 1497 1254 1526 ¹²⁰³

27 1599 209 1678 ululaverit,
242 1598 398 1685 idemque
430 1598 562 1663 Plotina
594 1620 726 1686 quoque
749 1601 783 1663 in
807 1598 887 1661 Vita
910 1595 1144 1662 CaelestiuiV

25 1696 286 1778 usserit3sed's1
302 1707 453 1762 auctmea
468 1699 641 1782 aequiores
657 1697 898 1782 scriptoresque
912 1717 1021 1760 rerum
1045 1705 1146 1762 testes

26 1747 237 1875 consulimus,
272 1794 307 1859 id
343 1815 552 1882 nequaquam
589 1804 737 1879 apparet.
796 1793 923 1858 Auctor
958 1815 1146 1879 anonymus

26 1892 117 1956 l'ime
141 1915 168 1959 s.
188 1891 367 1958 Caelestini
388 1891 513 1972 scribit,
539 1893 647 1976 ipsum
666 1890 891 1956 Caelestinum
915 1900 1062 1978 tempore
1078 1893 1145 1958 Ad-

25 2001 140 2056 ventus
165 1993 201 2054 iu
227 2013 288 2055 sua
310 1988 428 2054 cellula
452 1991 600 2076 coepisse
631 1991 769 2075 capitose
792 1989 831 2054 da
855 2011 947 2053 oum
970 1991 1054 2076 quod
1070 2013 1147 2077 por-

25 2088 119 2167 tabat,
153 2099 186 2151 et
208 2088 361 2173 quomodo
384 2090 491 2174 possit
520 2087 604 2152 illud
633 2087 770 2174 objicere
803 2086 917 2171 absque
940 2087 1086 2174 periculo
1118 2099 1148 2152 et

24 2186 205 2250 Massa
229 2187 356 2250 animae
380 2209 465 2250 suae.
514 2184 724 2248 Ptolomaeus
747 2205 826 2248 vero
851 2184 1012 2250 Lucensis
1036 2185 1146 2266 refert,

25 2283 62 2348 ab
94 2283 228 2371 aliquot
264 2282 516 2363 Cardiualibus,
550 2301 653 2368 quum
677 2280 850 2368 Neapolim
879 2293 1040 2368 pergeret,
1071 2305 1145 2348 eum

26 2381 230 2446 stImulatnm
254 2381 365 2448 fuisse.
418 2381 544 2444 Vadeas
567 2379 645 2444 illuc
667 2379 798 2443 multum
821 2380 1002 2444 stiatulatur
1024 2380 1064 2445 ab
1089 2380 1147 2446 ali·

25 2481 133 2563 quibus
162 2479 403 2558 Cardiaolibus,
433 2479 518 2564 quod
535 2489 665 2566 papatu
688 2478 788 2556 cedat,
821 2487 854 2541 et
881 2478 1019 2543 inferius
1047 2480 1147 2545 etiam

26 2598 62 2642 tc.
79 2577 151 2664 33),
178 2577 349 2642 Dominum
371 2577 575 2641 Benedictum
593 2601 668 2640 'casm
691 2577 813 2663 aliquot
841 2574 1077 2658 cardinalibus,
1101 2601 1148 2643 re-

28 2678 103 2760 petit
129 2674 320 2742 Caelestino
345 2676 486 2740 suasisse
510 2686 547 2739 ut
570 2673 679 2739 allicio
704 2673 810 2738 cedat.
863 2673 1011 2740 Iacobus
1035 2673 1148 2740 Cardi-

28 2774 106 2838 nalis
124 2773 170 2840 de
188 2772 447 2860 Stephaueschis
470 2773 601 2838 inducit
624 2774 657 2837 iu
675 2793 734 2837 suo
749 2781 901 2858 poe'metc
925 2771 963 2836 de
986 2775 1149 2838 renuatia-

27 2875 104 2936 tiune
134 2869 311 2937 Costauat
332 2871 537 2937 Bonifatium
563 2869 811 2936 dissuadentem
835 2869 987 2936 Pontifici
1015 2869 1149 2936 abdica·

26 2971 164 3052 tionem3
191 2971 290 3034 etiam
316 2969 479 3054 Aegidius
503 2967 666 3034 Columna
683 2967 723 3035 Ο.
740 2969 789 3050 Ρ.,
814 2967 997 3056 discipulus
1020 2992 1035 3032 s
1062 2968 1149 3032 Tho·

27 3089 94 3132 mue
118 3079 154 3132 et
180 3069 355 3154 episcopus
370 3069 588 3132 Bituriceusis
613 3069 662 3150 (in
685 3064 769 3130 libro
794 3068 833 3130 de
850 3067 1022 3131 renuntiat.
1040 3067 1150 3154 Papae

26 3188 51 3230 c.
75 3167 134 3250 23)
162 3165 264 3230 dicit:
296 3167 402 3231 Potest
434 3190 474 3230 esc
500 3163 649 3254 pluribus
679 3165 780 3230 adduc
809 3166 983 3231 uiuentibus
1011 3189 1149 3252 compro

27 3263 102 3344 tari,
139 3265 304 3329 doraiuum
334 3265 536 3351 Bonifatium
566 3265 648 3329 VIII
677 3317 683 3331 .
710 3313 717 3329 .
744 3317 751 3331 .
779 3266 979 3350 persuasisse
1012 3265 1151 3328 Domi-no

27 3373 94 3428 tuuc
121 3359 314 3442 Caelestino,
345 3363 429 3450 quod
451 3385 515 3426 aaa
538 3363 746 3441 affluentioret,
777 3363 853 3448 quia
876 3361 1055 3449 sufficiebat
1081 3359 1150 3428 Col·

27 3459 112 3546 lspio,
137 3460 228 3547 prod
248 3483 360 3525 nomeu
383 3482 459 3526 suae
484 3457 673 3525 Sanctitatis
695 3461 896 3524 invocaretur
917 3483 1012 3546 super
1035 3482 1075 3524 se.
1107 3459 1152 3524 Et

26 3561 96 3643 quia
121 3561 223 3622 etiam
242 3559 390 3646 pluribus
406 3557 609 3623 audientibus
631 3559 686 3622 isac
701 3558 830 3644 suatum
844 3555 927 3644 fuit,
951 3557 1022 3622 ideo
1046 3558 1081 3620 iu
1103 3579 1150 3620 re·

28 3659 229 3721 nuntiatione
256 3681 320 3722 suaa
349 3657 479 3735 fueraut
501 3653 580 3722 illue
604 3654 800 3733 dolositates,
831 3679 888 3720 aec
910 3653 971 3719 illu
993 3655 1151 3720 machina·

98 3941 117 4011 ¹)
137 3939 209 3995 lude
227 3955 245 3993 a
262 3939 316 3994 fue
333 3941 433 3996 mensis
446 3939 570 3996 Octobris
589 3938 761 3994 Caelestinus
778 3937 994 3993 concitationes
1013 3937 1152 4007 ejusmodi,

29 4035 93 4085 uuas
111 4021 194 4075 varis
212 4020 382 4074 innovabant
401 4027 430 4074 et
447 4020 632 4088 imprudenter
644 4017 872 4084 determinabant,
891 4019 1007 4088 amplius
1024 4033 1078 4074 uon
1098 4018 1152 4073 edi·

30 4101 95 4156 disse
113 4101 268 4158 luveuitur.
304 4101 337 4154 V.
357 4101 531 4170 Damberger,
550 4100 582 4156 Τ.
601 4099 663 4153 XII.

96 4183 120 4255 ²)
141 4180 278 4236 Iluratori
297 4180 323 4236 S.
343 4181 375 4237 R.
395 4181 417 4235 Ι.
436 4181 468 4237 Τ.
488 4180 563 4237 XIII.
584 4197 609 4249 p.
628 4180 691 4236 347.
712 4179 744 4236 L.
763 4177 837 4232 VIII.
858 4193 879 4234 u
899 4181 917 4232 6

97 4263 120 4335 ’)
139 4261 263 4327 Inferna,
282 4260 369 4316 Canto
388 4260 462 4316 xlx,
