2836 4848
295 461 349 514 432
488 461 617 516 XXVIII.
637 462 677 515 De
695 467 771 516 statu
790 461 930 515 societatis
949 461 1042 516 christ.
1061 477 1130 516 saec
1150 463 1228 518 mn.

295 604 445 669 adhibito
464 603 690 670 Cardinalium
717 605 863 686 consilio,
889 605 1032 689 Imperio
1052 606 1123 689 jam
1141 607 1266 673 dudum
1282 614 1411 674 vacanti

295 704 471 788 providere
503 703 633 784 debere,
668 715 704 766 ut
734 703 885 768 Ecclesia
916 703 1116 768 advocatum
1146 718 1179 768 et
1202 719 1412 790 protectorem

293 800 438 868 haberet.
464 803 636 886 Principes
649 802 783 866 demum
796 803 929 866 comitia
945 802 1165 886 celebravere,
1182 819 1214 868 ct
1224 805 1277 868 die
1290 809 1348 869 ‘29⁸¹
1360 806 1411 870 Se·

139 889 654 990 “⁹331ssOEpremerisannilam
679 900 721 964 ab
747 902 787 964 iis
812 902 845 964 in
869 921 980 982 regem
1002 901 1226 966 Romanorum
1251 905 1319 989 (sen
1336 903 1412 968 Ger-

142 1015 269 1060 burcenus.
297 1001 441 1078 maniae)
474 997 597 1062 clectus
621 1007 669 1060 est
694 997 880 1084 liudolphus
911 1019 1020 1062 comes
1051 998 1333 1084 Habsburgensis,
1367 1007 1414 1066 vir

296 1098 493 1180 exiguarum
518 1096 651 1182 quidem
676 1117 788 1180 opum,
815 1096 872 1159 sed
897 1099 1081 1180 ingentium
1098 1099 1295 1179 animorum,
1317 1111 1413 1186 atquc

291 1197 431 1280 justitia,
456 1196 588 1279 pietate,
622 1192 741 1258 bellica
767 1195 889 1258 virtute
914 1196 1054 1280 insignis
1078 1205 1111 1258 et
1134 1217 1200 1258 non
1225 1199 1332 1282 impar
1358 1201 1413 1260 lm-

295 1295 397 1379 perio,
445 1294 647 1378 Aquisgrani
673 1292 727 1355 die
758 1293 818 1356 24⁰
842 1291 997 1358 Octobris
1028 1305 1203 1356 coronatus
1226 1294 1298 1374 fuit,
1331 1319 1412 1358 eum-

295 1413 359 1477 que
391 1401 427 1454 ut
459 1413 569 1475 regem
601 1389 981 1454 Germano-Romanum
1013 1392 1151 1474 agnovit
1182 1391 1414 1476 GregoriusX

294 1511 381 1554 anno
411 1490 503 1567 1274,
529 1500 561 1551 et
584 1489 751 1570 invitavit,
777 1499 813 1550 ut
829 1489 967 1552 Romam
993 1491 1122 1553 veniret
1145 1490 1187 1554 ad
1211 1493 1410 1576 imperialem

295 1609 449 1652 eoronam
475 1585 732 1671 suscipiendam.

383 1686 437 1749 52.
473 1685 586 1748 Altero
612 1706 699 1747 anno
727 1685 811 1747 1275
837 1683 996 1747 Pontifex
1020 1685 1218 1749 Lausannae
1244 1709 1322 1750 cum
1349 1711 1414 1766 rege

295 1783 461 1858 convenit,
486 1782 543 1846 ubi
562 1784 589 1846 is
608 1782 800 1866 juramenta
825 1791 981 1844 consucta
998 1803 1055 1866 pro
1074 1783 1197 1846 tuenda
1213 1784 1369 1849 Ecclesia
1391 1805 1415 1846 c:

295 1880 532 1945 conservandis
551 1879 685 1962 juribus
710 1879 806 1943 Sedis
830 1879 1042 1964 Apostolicae
1066 1885 1238 1964 praestitit,
1264 1905 1366 1948 cruce
1389 1909 1416 1948 sc

294 1980 440 2061 signavit
463 1977 505 2041 ad
521 1978 767 2062 suscipiendam
784 1976 1030 2062 expeditionem
1057 1979 1089 2042 in
1115 1989 1235 2042 terram
1261 1995 1415 2046 sanctam.

294 2099 333 2140 ac
365 2078 524 2160 promisit,
557 2097 591 2138 se
616 2075 717 2138 altero
748 2097 835 2138 anno
868 2075 1004 2138 Romam
1030 2087 1207 2140 venturum
1233 2100 1317 2146 esse.
1358 2079 1414 2144 Sal

294 2175 399 2238 turbIs
424 2173 662 2258 multiplicibus
686 2195 725 2236 ac
750 2175 890 2256 negotiis
914 2175 1070 2237 continuo
1096 2177 1129 2238 in
1150 2174 1339 2242 Germania
1363 2180 1416 2242 liu·

296 2271 437 2356 delphus
469 2271 621 2335 detentus
654 2283 712 2335 est.
767 2271 830 2334 lies
855 2269 1005 2355 publicas
1038 2271 1161 2336 ibidem
1193 2295 1321 2359 magna
1354 2299 1416 2362 pru-

296 2371 408 2434 dentia
431 2393 470 2434 ac
495 2370 617 2433 virtute
640 2371 800 2450 restituit,
826 2371 980 2433 Austriae
1005 2370 1162 2434 ducatum
1187 2371 1256 2437 filio
1282 2397 1345 2440 suo
1363 2377 1415 2438 Ru·

296 2468 428 2554 dolpbo,
452 2490 492 2531 ae
516 2477 589 2552 post
612 2467 710 2553 hujus
735 2478 871 2531 mortem
897 2467 990 2531 alteri
1015 2467 1082 2532 lilio
1107 2468 1245 2534 Alberto
1272 2475 1416 2538 contulit.

297 2579 329 2630 et
352 2569 398 2630 ita
421 2566 638 2629 fundamenta
665 2567 748 2650 jecit
780 2565 882 2628 futuri
915 2565 1099 2649 splendoris
1129 2567 1249 2633 domus
1276 2573 1417 2636 Austrin-

296 2687 364 2728 cae.
401 2663 635 2728 Princivallem
654 2664 680 2726 F
681 2662 799 2726 liscum
818 2663 1042 2744 Genuensem,
1060 2665 1299 2732 cancellarium
1319 2693 1417 2736 suum.

297 2764 387 2825 misit
410 2765 443 2824 in
460 2741 588 2824 Italiam
615 2781 690 2824 cum
707 2763 833 2824 vicaria
852 2771 1021 2845 potestate,
1046 2785 1085 2826 ac
1102 2765 1275 2830 variarum
1293 2769 1417 2832 urbium

296 2862 398 2934 cives,
411 2881 513 2945 quum
528 2858 655 2922 videret
667 2881 721 2922 eos
734 2859 774 2922 ad
787 2861 982 2922 strictiorem
993 2859 1250 2945 dependentiam
1262 2864 1309 2928 ab
1324 2865 1417 2954 impe

296 2967 403 3021 ratore
418 2979 515 3042 aegre
532 2959 681 3020 revocari
698 2979 803 3042 posse,
825 2958 1018 3040 praesertIm
1035 2957 1276 3044 BononienscS,
1296 2965 1417 3030 Florem

296 3058 392 3136 tinos,
417 3055 595 3136 Lucenses,
609 3056 735 3138 ingenti
752 3065 868 3117 exacto
886 3056 958 3118 auri
977 3055 1133 3140 pondere,
1150 3070 1318 3142 perpetus
1334 3062 1417 3136 liberi

297 3163 363 3217 tate
387 3153 535 3217 donavit.
589 3153 640 3216 Ita
665 3152 800 3238 quidem
827 3154 961 3236 Imperii
993 3154 1044 3216 vis
1069 3155 1102 3218 In
1127 3153 1222 3220 ltalia
1258 3145 1417 3224 diminut*

297 3261 362 3332 est,
386 3261 530 3315 attamen
557 3251 705 3316 Honorio
729 3251 778 3314 IV
813 3253 875 3314 ista
898 3250 1054 3316 alienatio
1082 3255 1208 3336 jurium
1244 3254 1341 3322 haud
1366 3259 1416 3321 dis·

297 3349 424 3434 plicuit,
449 3371 551 3434 quum
575 3373 614 3413 ea
637 3350 764 3413 ratione
788 3349 1013 3414 ecclesiastice
1037 3349 1118 3414 ditio
1142 3355 1295 3417 securior
1319 3355 1416 3419 futura

296 3457 392 3528 esset,
425 3447 505 3512 dum
536 3450 719 3533 Imperator
751 3449 902 3512 civitates
932 3447 1053 3512 liberas
1084 3471 1151 3513 non
1182 3467 1336 3532 vexaret,
1367 3473 1416 3516 neu

297 3548 414 3613 Italiae
439 3545 569 3632 populis
594 3546 752 3610 molestus
776 3557 872 3610 esset.

386 3647 439 3712 53.
466 3645 559 3710 Obiit
582 3644 778 3730 Redolphus
801 3666 889 3708 anno
917 3645 1012 3724 1291,
1038 3644 1092 3708 die
1120 3645 1301 3728 15⁰Ju1ii,
1327 3669 1416 3734 quum

298 3745 509 3830 septuaginta
541 3745 640 3808 trium
672 3752 757 3806 esset
781 3765 954 3808 annorum.
1011 3742 1123 3806 Altero
1148 3765 1235 3806 anno
1264 3769 1287 3810 a
1312 3747 1416 3832 prIncic

299 3844 406 3930 pibus,
432 3844 487 3928 qui
513 3845 580 3906 suis
604 3841 787 3906 commodis
812 3840 980 3904 inhiantes
998 3863 1109 3925 regem
1126 3863 1168 3906 ex
1183 3840 1309 3910 eadem
1334 3846 1416 3908 domu

299 3941 457 4006 nolebant
487 3940 618 4025 eligere,
652 3961 692 4002 ne
726 3940 864 4003 nimiam
898 3937 1035 4002 baberet
1058 3942 1091 4002 in
1121 3942 1208 4024 ipsos
1232 3943 1407 4024 potentiam

299 4061 385 4105 neve
410 4059 530 4102 corona
555 4037 777 4102 haereditaria
794 4037 896 4116 lieret,
922 4049 1120 4102 creaverunt
1143 4039 1177 4101 in
1200 4059 1390 4106 successore

299 4137 480 4222 Adolpltum
502 4137 769 4200 Nassoviensem.
817 4135 850 4199 ls
874 4133 1070 4199 fortitudine
1102 4135 1235 4222 quidem
1266 4135 1414 4224 personsl‘

300 4233 495 4316 excellebat,
521 4233 578 4298 sed
600 4256 726 4319 pauper
750 4244 820 4298 erat
844 4232 962 4319 opibus
987 4256 1047 4298 nec
1072 4256 1110 4298 ea
1134 4231 1319 4319 prudentia
1342 4253 1415 4322 prce
