2902 4848
276 446 328 499 396
401 446 513 500 XXXV.
533 447 573 500 De
592 445 692 499 Concil.
711 445 861 499 Basileeusi
881 461 913 498 ae
931 445 964 499 de
983 445 1089 512 syuodo
1109 446 1276 500 Florentius.

275 589 610 675 repraesentantibus.
643 625 687 637 -
718 588 901 674 Aethiopes
924 611 1055 675 quoque
1086 611 1144 654 seu
1169 589 1326 674 Abyssini
1347 611 1391 652 eo·

275 687 353 752 dem
376 698 525 772 tempore
549 689 706 752 unionem
731 685 978 752 cumEcclesia
993 687 1145 752 Romana
1167 699 1392 752 restaurarunt.

276 783 453 870 Colligitur
475 795 587 850 autem
612 807 654 850 ex
678 785 896 868 documentis,
921 793 991 849 tum
1012 783 1269 850 Constantinum
1293 805 1392 868 regem

277 883 537 967 Abyssinorum,
573 894 644 947 tum
668 881 851 967 Aethiopes
882 885 940 969 qui
965 882 1207 967 Hierosolymis
1239 880 1395 968 degebant

275 1001 485 1067 quorumque
509 983 718 1066 praepositus
741 991 812 1044 erat
828 979 1031 1045 Nicodamus
1054 981 1169 1062 abhas,
1194 981 1319 1064 legatos
1340 979 1394 1043 hec

275 1077 377 1142 dere
407 1078 450 1142 ad
474 1077 664 1162 Eugenium
689 1079 828 1142 misisse.
876 1077 928 1142 llll
952 1077 1113 1162 Abyssiui
1144 1081 1272 1165 pariter
1297 1098 1395 1142 errore

275 1176 570 1262 Monophyeitisuii
609 1176 723 1240 insecti
756 1187 867 1256 erant3
904 1187 1070 1240 caeterum
1102 1180 1287 1242 maximam
1316 1195 1395 1238 reve

275 1276 418 1339 rentiam
443 1277 477 1339 in
494 1273 613 1338 Sedem
631 1273 857 1360 Apostolieam
883 1274 1090 1360 profitentur.
1129 1275 1304 1359 Eugenins
1319 1275 1397 1336 viros

274 1371 403 1458 aliquot
427 1375 549 1458 peritos
579 1371 696 1458 elegit,
732 1374 789 1457 qui
815 1393 892 1436 cum
916 1371 1033 1456 legatis
1056 1371 1122 1438 illis
1152 1373 1342 1438 conferrent
1362 1370 1396 1434 de

277 1470 317 1533 iis
341 1470 507 1552 articulis,
540 1472 574 1534 in
599 1468 722 1556 quibus
746 1489 822 1534 cum
846 1469 999 1534 Ecclesia
1023 1471 1172 1534 Romana
1197 1492 1267 1534 non
1291 1489 1397 1533 conve·

275 1566 424 1634 niebant.
471 1567 604 1632 Deinde
628 1568 809 1632 Decretum
834 1589 892 1654 pro
916 1569 1134 1632 instructione
1158 1577 1263 1654 atque
1287 1569 1397 1632 unione

274 1663 506 1730 Jacobitarum
532 1688 588 1729 seu
613 1664 815 1750 Aethiopum
841 1664 942 1746 dedit,
967 1666 1057 1750 quod
1080 1687 1173 1730 sacro
1198 1666 1397 1752 approbante

277 1761 427 1828 Concilio
452 1764 506 1828 die
529 1765 568 1827 4⁰
584 1762 760 1828 Februarii
784 1786 814 1827 s.
835 1764 917 1826 1441
946 1765 978 1827 11
1004 1763 1140 1848 publica
1163 1766 1315 1828 sessione
1336 1783 1397 1848 pio

277 1860 461 1945 mulgetum
485 1872 544 1926 est.
591 1862 716 1947 Incipit
738 1872 850 1925 autem
879 1860 1013 1927 Caotote
1029 1861 1177 1945 Domino,
1203 1873 1238 1926 et
1262 1865 1398 1926 continet

276 1958 517 2023 consessionem
542 1959 621 2024 fidei
645 1958 843 2040 catholicae,
869 1957 1218 2024 canonem'librorum
1244 1961 1290 2025 V.
1314 1971 1346 2023 st
1365 1958 1394 2021 h'.

274 2056 491 2138 Testamenti,
516 2059 744 2143 acceptionem
768 2055 993 2124 Consiliorum
1018 2079 1103 2143 quas
1127 2079 1147 2121 a
1170 2057 1328 2122 Romana
1350 2055 1393 2120 ee·

275 2154 378 2220 clesia
402 2165 439 2219 nt
461 2158 677 2222 oecumenica
694 2155 860 2220 habentur
883 2154 1125 2241 haeresumque
1145 2156 1393 2222 damnationem.
1445 2189 1446 2242 p

275 2251 382 2318 Simul
414 2255 445 2316 ei
468 2254 585 2318 addita
615 2264 693 2318 sunt
715 2255 861 2318 Decreta
891 2255 1025 2320 unionis
1055 2253 1264 2318 Graecorum
1296 2266 1329 2318 et
1351 2253 1396 2316 Ar·

276 2354 491 2433 suenorum.¹)
539 2351 634 2434 Quae
666 2355 779 2416 omnia
802 2352 956 2417 Andreas
986 2352 1114 2436 legatus
1137 2351 1286 2418 Ioannis
1309 2351 1396 2416 Petri·

275 2448 413 2532 archae,
448 2461 480 2512 et
503 2449 604 2534 legati
630 2449 841 2514 Constantini
864 2451 952 2535 regis
976 2450 1221 2535 Abyssinorum
1249 2473 1291 2514 ac
1315 2451 1396 2516 Nico·

276 2546 366 2611 demi
397 2547 529 2613 abbatie
559 2569 618 2612 suo
653 2569 855 2632 suorumque
879 2551 1014 2612 nomine
1037 2548 1229 2612 solemniter
1260 2557 1396 2634 accepts·

276 2655 408 2710 verunt.

136 2767 166 2796 no
185 2768 211 2796 u·
241 2768 265 2795 ο·
366 2743 419 2808 61.
456 2742 569 2806 Altero
593 2764 681 2807 anno
709 2744 794 2806 1442
820 2743 992 2828 Eugenins
1017 2743 1206 2810 Concilium
1241 2741 1398 2807 transtulit

108 2829 435 2921 '¹¹⁸”„'‚⁸¹¹⁸‘ttomsm,
472 2843 566 2904 utin
591 2849 704 2905 centro
730 2840 819 2905 orbis
844 2841 1015 2907 christiani
1046 2841 1218 2906 efficacius
1242 2840 1398 2906 Bssileen·

276 2941 362 3004 sium
388 2891 564 3003 cohatibus
592 2938 779 3003 audacibus
809 2952 918 3025 posset
939 2943 1111 3022 resistere,
1147 2940 1270 3004 melius
1293 2959 1398 3025 paceni

276 3037 413 3101 ditionis
445 3035 690 3100 ecclesiasticae
714 3046 813 3122 atquc
837 3035 954 3102 Italiae
986 3049 1189 3122 procuraret,
1223 3049 1258 3102 11
1291 3037 1397 3149 majori

275 3157 350 3198 cum
377 3133 613 3198 commoditate
637 3136 737 3200 etiam
763 3133 903 3198 oliorum
930 3135 1070 3200 01111111
1093 3134 1296 3200 1111111111111
1321 3135 1397 3199 oao-
1443 3173 1444 3178 1

273 3255 345 3296 111111
361 3232 517 3297 efficeret.
556 3231 697 3297 Romam
717 3232 858 3296 advenit
871 3232 1004 3297 Abdala
1016 3233 1292 3321 archiepiscopos
1309 3221 1444 3298 Edesl

274 3352 384 3412 senus,
410 3321 466 3416 hui
491 3329 535 3393 ab
558 3331 690 3414 Ignatio
714 3329 909 3394 Patriarcha
932 3329 1090 3415 Syrorum
1116 3332 1150 3395 in
1167 3331 1398 3417 Mesopotamia

275 3429 416 3494 Romam
440 3427 585 3510 legatus,
617 3449 678 3492 suo
699 3438 733 3491 et
755 3427 969 3492 Patriarcbae
993 3432 1160 3515 totiusque
1183 3431 1331 3494 nationis
1352 3447 1397 3490 no

276 3527 366 3590 mine
388 3549 409 3590 1
433 3524 595 3589 Pontifice
628 3523 814 3589 humillime
838 3535 871 3588 st
895 3525 1109 3590 devotissime
1139 3527 1235 3612 petiit
1256 3525 1396 3610 regulam

275 3623 365 3703 fidei,
390 3645 489 3708 quam
511 3623 663 3687 Romana
687 3622 859 3707 profitetur
882 3622 1045 3688 Ecclesia
1091 3625 1264 3709 Eugenins
1288 3645 1307 3688 e
1330 3621 1397 3686 Car·

275 3721 445 3786 dinalibus
462 3731 496 3786 et
512 3719 668 3807 praelatis
678 3719 820 3786 Concrlu
836 3721 1011 3806 deputavit
1034 3725 1091 3809 qui
1110 3745 1184 3788 1111
1199 3721 1309 3805 Syriis
1331 3741 1395 3784 con·

275 3820 407 3900 ferrent,
433 3819 536 3905 hique
560 3829 762 3904 repererunt,
787 3841 843 3883 eos
867 3841 932 3884 uon
957 3831 1048 3885 recte
1070 3823 1193 3886 sentire
1217 3820 1257 3884 de
1278 3841 1396 3905 proces·

274 3919 368 4006 sione
392 3917 536 4003 Spiritus
560 3918 684 3998 sancti,
715 3937 756 3980 ac
780 3917 821 3981 de
846 3916 977 3982 duabus
1001 3920 1146 4000 naturis,
1176 3916 1396 3983 voluntatibus

275 4029 309 4080 et
332 4015 581 4102 operationibus
605 4015 639 4077 in
659 4012 791 4078 Christo
809 4015 966 4079 Domino.
1007 4013 1218 4102 Quapropter
1240 4037 1300 4101 pro
1325 4014 1397 4100 ipsis
1441 4069 1442 4094 3

353 4227 373 4298 ¹)
394 4227 485 4280 Labbe
505 4225 583 4282 XIII.
606 4227 682 4281 120⁴.
