2868 4844
412 467 518 522 Electio
540 467 640 521 Urbani
660 466 706 520 VI.
1083 467 1138 520 243

24 623 202 700 exspectare
225 611 380 696 reliquos,
416 610 475 674 sed
500 609 587 675 illico
612 621 645 673 et
669 608 872 696 ubicumque
896 610 1029 692 vellent,
1061 611 1134 675 loco

23 711 62 776 ad
85 712 212 798 majoris
236 711 339 796 partis
362 708 538 773 arbitrium
571 709 760 788 constituto,
792 706 835 772 ad
859 711 938 772 novi
962 709 1136 774 Pontificis

27 811 214 873 creationem
244 806 423 892 procedere
462 815 611 892 possent,
651 807 745 890 isque
782 805 950 889 legitimus
979 807 1137 872 Pontifex

24 919 114 988 esset,
155 909 210 971 cui
241 905 347 990 major
386 927 462 990 pars
496 913 649 968 votorum
684 905 962 988 suffragaretur.¹)
1017 905 1138 969 Paucis

24 1006 133 1070 diebus
155 1017 239 1092 post,
264 1003 319 1067 die
342 1004 403 1066 27⁰
427 1003 550 1078 Martii,
577 1011 726 1066 mortuns
750 1011 799 1065 est
822 1001 1013 1086 Gregorius.
1061 1000 1138 1066 Car-

24 1104 142 1168 dinales
164 1115 277 1168 autem
301 1102 404 1166 satius
428 1100 585 1180 habuere,
611 1098 700 1165 haud
725 1101 772 1163 uti
795 1099 951 1164 facultate
968 1102 1048 1186 ipsis
1064 1121 1139 1166 con-

22 1223 117 1282 cessa
140 1201 198 1266 sed
222 1200 406 1264 seeundum
430 1201 604 1284 antiquam
628 1197 777 1282 regulam
793 1199 929 1281 Romae,
954 1199 1011 1264 ubi
1030 1200 1140 1265 Ponti·

23 1300 74 1362 lex
103 1299 286 1364 decesserat
316 1296 446 1383 eligere
470 1317 704 1362 successorem.
751 1297 931 1382 Postquam
962 1299 1064 1382 igitur
1097 1319 1141 1360 ex

24 1419 107 1460 more
129 1395 289 1482 Gregorio
321 1417 443 1461 novem
468 1396 598 1460 dierum
631 1394 863 1479 persolverunt
892 1396 1050 1482 exequie,
1084 1395 1139 1459 die

25 1497 57 1556 il
79 1493 202 1581 Aprilis
228 1495 366 1578 ingressi
390 1486 660 1584 sunt200nclave
691 1493 725 1556 in
749 1490 873 1577 palatio
899 1493 1076 1572 Vaticano,
1108 1503 1141 1555 et

16 1593 83 1676 jam
112 1594 262 1678 sequenti
287 1592 341 1656 die
365 1589 537 1675 elegerunt
568 1591 601 1652 in
628 1589 823 1656 Pontificem
847 1590 1139 1660 Bartholomaemn

22 1691 218 1774 aPrignauo
241 1688 538 1774 (Neapolitanum),
563 1686 852 1774 archiepiscopum
868 1689 1058 1771 Baronsem,
1083 1691 1140 1776 qui

25 1787 168 1852 Urbanas
198 1787 246 1851 Vr
272 1785 377 1850 voluit
400 1785 578 1873 appellari3
612 1785 684 1870 ejus
706 1797 817 1850 tamen
843 1786 1036 1852 electionem
1062 1809 1142 1853 non·

23 1889 82 1950 nisi
106 1887 158 1950 die
174 1886 212 1949 9⁰
229 1885 354 1971 Aprilis
378 1882 646 1970 publicaverunt.
680 1884 830 1964 Romani,
857 1887 913 1970 qui
931 1884 1141 1966 verebantur,

21 2006 59 2046 ne
89 1985 115 2046 si
150 1981 248 2047 homo
272 1980 389 2047 Gallus
420 1980 606 2064 eligeretur,
642 1981 761 2045 iterum
793 1982 905 2046 sedem
938 1985 970 2046 in
997 1981 1141 2048 Galliam

21 2081 173 2164 deferret,
207 2080 409 2146 clamoribus
441 2091 473 2142 et
503 2080 603 2143 minis
638 2102 658 2142 a
689 2079 925 2144 Curdinalibus
955 2081 1141 2146 Romanum

20 2179 213 2244 Pontificem
249 2188 485 2265 poposcerant,
524 2175 578 2240 vel
615 2177 730 2242 saltem
767 2178 906 2260 Italum;
947 2179 1143 2243 Cardinalcs

20 2278 126 2357 veriti,
151 2299 193 2342 ne
218 2278 269 2342 vis
293 2275 384 2340 illata
408 2277 488 2361 ipsis
512 2275 692 2360 videretur,
717 2297 784 2340 non
796 2275 994 2358 Romanum,
1019 2276 1141 2360 Italum

19 2388 128 2439 tamen
153 2375 244 2439 hunc
268 2373 447 2458 clegerunt.
469 2373 533 2462 ¹Ac
556 2371 638 2437 festo
663 2373 837 2439 Paschatis
862 2374 916 2439 die
942 2374 1001 2437 18⁰
1016 2372 1144 2459 Aprilis

21 2471 215 2537 Pontificem
239 2470 377 2536 solemni
401 2473 469 2535 ritu
493 2470 772 2536 inthronizarunt.

103 2583 137 2647 ὁ.
177 2583 232 2644 De
257 2578 392 2645 Urbano
417 2581 504 2644 inter
527 2578 592 2643 alia
616 2579 699 2644 haec
723 2580 825 2645 habet
848 2580 1078 2645 Theodoricus
1102 2578 1143 2643 de
1169 2609 1256 2650 urmes
1271 2607 1305 2662 sp

18 2679 132 2744 Niem:
175 2679 275 2762 „Fuit
304 2679 457 2764 egregius
492 2677 699 2742 decretorum
738 2677 863 2758 doctor,
906 2699 1035 2744 necnon
1067 2688 1145 2742 ante
1186 2670 1285 2711 ΜΨ·

19 2789 177 2864 papatum
209 2775 307 2841 homo
342 2773 478 2840 humilis
510 2785 543 2839 et
575 2775 716 2840 devotus
754 2787 787 2840 et
824 2775 995 2841 retrahens
1027 2797 1145 2841 manus

19 2899 91 2939 sues
116 2873 162 2939 ab
187 2877 277 2940 omui
303 2895 450 2954 munere,
475 2875 631 2938 inimicus
653 2884 686 2937 et
708 2885 898 2960 persecutor
917 2876 1145 2954 simonianam,

17 2974 142 3039 zelator
172 2973 333 3037 castitatis
365 2984 397 3034 ct
424 2973 585 3057 justitiae,
620 2971 678 3036 sed
710 2975 810 3038 nimis
839 2995 918 3038 suae
950 2972 1147 3058 prudentiae

20 3069 193 3136 innitendo
223 3080 256 3134 et
285 3069 425 3134 credens
449 3067 677 3133 adulatoribus
701 3067 842 3134 libenter
873 3093 969 3135 aures
992 3069 1147 3156 praebuit

19 3171 105 3254 ipsis,
142 3169 334 3255 frequenter
365 3177 398 3231 et
428 3166 568 3233 sollicite
601 3170 635 3233 iu
666 3168 783 3233 eodem
811 3169 893 3234 Jure
925 3180 958 3234 ct
987 3172 1021 3235 in
1053 3191 1148 3234 sacra

20 3269 142 3352 pagina
166 3267 266 3330 etiam
292 3265 438 3330 studens.
485 3265 661 3350 Ingenium
687 3318 695 3333 .
720 3316 728 3331 .
755 3317 762 3332 .
787 3268 939 3332 socordia
962 3279 1147 3354 torpescere

18 3363 251 3447 nominabat,
285 3366 374 3427 viros
405 3362 567 3427 litteratos
598 3375 630 3428 et
658 3363 762 3429 bonos
792 3367 921 3430 sincere
954 3366 1081 3448 dilexit,
1115 3375 1149 3429 et

18 3485 73 3548 pro
98 3485 200 3550 posse
229 3461 370 3550 adjuvit,
407 3483 471 3527 non
508 3463 695 3549 impediens
728 3485 763 3528 se
787 3464 829 3529 de
854 3466 994 3548 negotiis
1018 3462 1147 3529 alienis.

20 3561 60 3625 Et
81 3561 227 3646 singulis
251 3560 370 3625 diebus
394 3559 474 3624 dum
490 3563 636 3648 corporis
653 3565 811 3648 sospitate
825 3561 995 3648 gaudebat
1012 3562 1148 3626 missam

17 3659 105 3745 legit,
141 3671 176 3726 et
209 3660 308 3724 etiam
333 3657 429 3744 plura
453 3659 564 3724 officia
588 3662 622 3725 in
648 3658 751 3726 Curia
773 3663 933 3741 exercuit,
960 3711 967 3724 .
992 3708 1000 3723 .
1026 3709 1034 3723 .
1059 3668 1149 3724 ante·

18 3781 116 3844 quam
154 3757 198 3822 ad
227 3757 375 3822 officium
407 3755 517 3821 locum
553 3760 698 3822 tenentis
731 3756 958 3823 Cancellariae
990 3759 1023 3822 in
1057 3757 1149 3822 Urbe

20 3857 99 3921 foret
122 3865 327 3940 assumptus.
375 3854 457 3918 Erat
480 3854 593 3920 brevis
621 3865 767 3920 staturae
802 3867 834 3920 et
865 3858 999 3942 spissus,
1031 3853 1150 3919 coloris

18 3953 113 4019 lividi
139 3953 214 4016 sive
238 3952 332 4034 fusci,
358 3963 391 4016 et
414 3955 652 4038 sexagenarius
677 3952 731 4018 vel
756 3957 845 4019 circa
869 3955 948 4018 dum
965 3951 1151 4038 eligebatur

19 4055 52 4117 in
75 4053 219 4138 Papam.
257 4049 447 4136 'Nunquam
471 4051 535 4116 fuit
556 4051 631 4116 talis
654 4063 714 4117 aut
737 4063 858 4136 tantus,
884 4051 972 4139 quod
997 4053 1068 4136 ipse
1090 4073 1152 4137 per

88 4259 108 4326 ¹)
128 4253 268 4322 Baynsld.
288 4269 311 4314 a,
337 4254 414 4315 1378,
434 4270 460 4314 n,
481 4257 506 4311 2.

936 4348 990 4400 16*
