2868 4844
309 448 361 501 242
541 445 672 500 XXXIII.
697 447 737 498 De
756 462 854 518 magno
873 445 1027 500 Occidentis
1046 446 1200 502 schismate.

309 589 497 654 schismatis
520 589 562 654 de
585 591 648 652 ista
672 612 706 652 re
730 602 797 652 tam
822 589 941 652 multos
971 592 1110 676 scriptos
1134 591 1235 656 fuisse
1257 603 1401 658 tractum.

311 699 368 770 „ut
391 695 523 751 centum
550 687 666 751 cameli
692 697 822 774 portare
846 708 912 752 non
938 699 1073 772 possent
1096 689 1294 757 volumina.“
1426 731 1427 738 κ

399 783 535 849 Consuli
559 807 657 870 porro
682 797 820 871 possunt
835 785 1029 869 Raynaldus
1043 787 1191 852 Auucles
1206 813 1235 852 a.
1251 791 1330 854 1318
1340 813 1408 874 epp:
1426 797 1427 810 ¹

309 885 389 968 Pagi
424 884 625 948 Breviorium
665 895 821 968 gestorum
862 885 934 947 uu.
975 885 1183 967 Pontificum
1221 885 1408 972 Christophc.

310 984 453 1046 Histoire
484 984 521 1046 de
549 983 583 1046 Io
608 985 755 1068 popautt
779 983 926 1068 peuda-ret
948 981 976 1045 le
1000 983 1086 1047 XIV
1103 985 1207 1064 siecle,
1241 987 1323 1050 Tora
1346 986 1427 1048 uss*

309 1081 440 1162 Hefele,
485 1080 584 1144 Ueber
607 1080 658 1144 die
682 1081 876 1163 Eutsteisuap
904 1081 963 1142 der
987 1103 1117 1166 procrea
1146 1079 1427 1147 abeudldudiscdcui

311 1178 612 1264 Xircheuepoltuap,
646 1178 793 1263 Beitrr'tpe
823 1201 880 1240 cur
902 1179 943 1242 X.
972 1177 1010 1242 G.
1038 1181 1063 1242 I.
1086 1181 1154 1245 326
1177 1205 1255 1268 sqq„
1285 1194 1313 1246 et
1337 1181 1411 1246 Ceut

313 1275 421 1341 GescIt.
446 1277 496 1342 VI.
521 1276 553 1363 β.
582 1280 644 1340 712
669 1301 732 1362 sqq.
743 1301 755 1357 ;
779 1278 953 1357 Reumout,
982 1277 1091 1342 Grecis.
1109 1279 1167 1342 der
1180 1281 1277 1346 Scede
1292 1285 1366 1346 Rom
1381 1279 1427 1342 u*

310 1378 396 1440 1005
420 1399 504 1460 sqq.;
542 1375 656 1450 Balau,
693 1375 803 1440 Storc'u
825 1375 958 1439 d'Italia
983 1377 1016 1440 L.
1042 1377 1191 1442 XXXIII
1209 1401 1295 1466 sqq.,·
1323 1379 1413 1442 Bauer

309 1473 341 1538 S.
366 1474 397 1540 J.
431 1475 501 1537 Dus
535 1496 639 1559 prosse
672 1474 796 1537 obaudi.
828 1473 977 1538 ScIsIsmo.
1027 1477 1202 1555 (stimmeu
1235 1499 1295 1542 aus
1326 1477 1413 1540 Maris

309 1570 423 1635 Laach
457 1572 552 1636 1878.
586 1571 646 1657 1.);
687 1571 947 1655 Hcrgeuriither,
988 1574 1029 1637 K.
1059 1572 1097 1636 G.
1136 1575 1172 1638 T.
1202 1577 1245 1639 II.
1281 1577 1348 1640 Per.
1378 1573 1412 1634 ti

313 1668 345 1734 C.
371 1672 397 1734 I.
422 1694 458 1750 e.‚
487 1671 571 1734 Tora.
598 1671 658 1734 III.
682 1691 713 1755 p.
739 1672 806 1734 346
830 1693 894 1756 sqq.
919 1670 983 1750 (ed.
1006 1676 1035 1735 1.
1035 1671 1064 1754 )',
1090 1671 1147 1738 ubi
1172 1675 1258 1738 varii
1284 1687 1414 1737 auctores

310 1770 463 1835 citantur.
504 1768 571 1832 Cir.
589 1771 688 1833 etiem
702 1767 878 1832 Chevalier
892 1769 1204 1856 lito-Bittiopraptie
1228 1773 1271 1836 sd
1297 1774 1412 1836 nominc

309 1867 476 1930 variorum
502 1866 602 1952 hujus
626 1868 743 1930 aetatis
767 1866 978 1930 Pontificum.

855 2129 890 2192 1.

363 2271 427 2333 De
450 2272 644 2335 electione
675 2269 832 2334 Urdorst
861 2269 925 2333 VI
945 2275 983 2331 et
1005 2276 1103 2335 ortu
1126 2272 1377 2337 scammatis.

399 2449 430 2512 4.
479 2448 668 2532 Antequam
694 2444 873 2528 Gregorius
898 2445 949 2510 XI
981 2457 1173 2528 moreretur,
1210 2449 1281 2533 ipse
1308 2451 1419 2512 timens.

311 2569 352 2610 ne
386 2555 460 2630 post
491 2544 619 2608 obitum
652 2544 722 2627 ejus
747 2543 850 2608 dilata
867 2542 1037 2608 Pontificis
1060 2542 1223 2609 electione
1247 2544 1420 2610 detrimenti

310 2643 391 2728 quid
416 2653 549 2728 caperet
566 2641 726 2720 Ecclesia,
752 2639 995 2706 Constitutione
1020 2641 1110 2706 edita
1126 2643 1209 2706 xlv
1235 2641 1309 2708 Cal.
1334 2641 1423 2728 April.

310 2765 339 2806 a.
356 2741 441 2806 1378
466 2741 638 2824 derogavit
662 2763 704 2804 ex
721 2751 814 2825 parte
830 2740 954 2802 severis
970 2739 1112 2804 decretis
1128 2740 1422 2808 Praedecessoruu.

310 2849 343 2903 et
366 2849 403 2903 nt
427 2837 581 2924 expedite
606 2839 676 2902 fieri
702 2849 810 2923 posset
839 2836 954 2902 eiectio
980 2839 1059 2902 novi
1082 2838 1255 2904 Pontificio
1280 2839 1416 2906 Cardine

309 2937 397 3002 libus
421 2937 624 3022 largissimus
649 2957 706 3023 pro
733 2937 796 3000 ista
811 2937 886 3000 vice
903 2934 995 3000 dedit
1010 2935 1228 3018 factumest)
1254 2939 1424 3023 Praecipue

311 3036 347 3100 id
371 3037 585 3100 constitutum
611 3047 668 3116 est,
703 3044 749 3113 ut,
778 3035 805 3098 si
830 3046 907 3098 ante
932 3054 1080 3098 mensem
1104 3033 1338 3119 Septembrem
1363 3036 1424 3100 Gre-

310 3137 423 3219 gorius
447 3134 562 3212 cbiret‚
588 3132 783 3199 Cardinalcs
801 3133 924 3196 Romae
949 3143 1139 3217 praesentes
1162 3155 1230 3198 non
1247 3146 1425 3200 tenerentur

311 3283 483 3292 m--w—
505 3283 525 3288 ι-

387 3350 406 3417 ¹)
426 3348 544 3412 „Narrat
563 3347 685 3401 ioannes
704 3345 850 3400 Gereonius
870 3346 897 3400 in
916 3353 1038 3400 tractatu
1063 3347 1096 3400 de
1114 3346 1321 3404 examinatione
1345 3349 1425 3402 dcem·

312 3445 406 3484 nauum
422 3431 451 3486 P.
466 3429 502 3482 11.
523 3428 652 3484 consider.
672 3429 705 3492 3.,
726 3426 889 3496 Gregorium
902 3427 942 3480 XI
960 3427 1077 3493 pesitum
1096 3427 1125 3480 iu
1137 3427 1276 3492 extremis,
1297 3427 1422 3484 habentes

310 3513 341 3568 in
361 3509 486 3564 manibus
505 3523 610 3562 saeuum
625 3506 727 3560 Christi
746 3521 849 3573 corpus,
869 3512 1051 3574 protestatum
1072 3521 1129 3560 esse
1148 3521 1237 3560 coram
1256 3507 1388 3570 omnibns
1404 3518 1424 3554 ν’

312 3597 439 3644 currerent
459 3591 493 3642 ob
512 3589 670 3644 ir-oruiuiirus
691 3587 747 3639 aire
766 3587 836 3640 edric
855 3587 912 3639 aire
933 3587 1095 3640 astitoribus
1114 3587 1165 3639 sair
1185 3589 1275 3655 specie
1297 3591 1415 3660 reliquus·

313 3673 487 3740 loquentibus
509 3669 627 3722 risioues
647 3671 693 3721 sui
712 3669 823 3735 rapitis,
844 3669 910 3734 ipsiu
927 3683 979 3735 per
999 3667 1068 3721 teies
1088 3669 1148 3735 ipse
1160 3667 1306 3734 seductus,
1327 3671 1414 3722 diam

311 3769 426 3804 errorum
451 3749 616 3803 rer-iamdiu
640 3750 768 3804 correctio.
798 3763 827 3800 re
850 3754 978 3800 trurerut
1002 3753 1029 3800 et
1049 3747 1203 3802 Ecclesium
1227 3749 1266 3800 red
1291 3751 1422 3802 ditonu-

312 3833 474 3888 carismatis
494 3831 673 3893 immisceatis,
695 3829 752 3880 rates·
772 3829 928 3882 risisericors
944 3829 1104 3896 procideret
1122 3845 1243 3896 eporesu
1256 3829 1354 3884 Jeme.
1378 3831 1420 3894 Qu

313 3913 362 3968 bus
381 3911 471 3966 verbis
490 3908 665 3980 generalibus
685 3913 794 3962 notatos
813 3907 898 3962 fnuse
917 3923 934 3962 s
953 3907 1086 3978 Gregorio
1105 3907 1180 3976 Papa
1198 3907 1239 3962 XI
1258 3908 1374 3964 Petrum

314 3991 482 4060 ragonicum,
501 3989 653 4058 Brigittem
673 3987 817 4054 Succisum,
836 4004 867 4041 ac
886 3985 1062 4042 Catherinam
1080 3987 1225 4066 denemem
1243 3988 1342 4044 scribit
1362 3993 1419 4056 Spu

314 4073 401 4128 denus
429 4089 453 4127 a.
474 4071 550 4134 1378,
579 4071 604 4140 ξ.
624 4072 665 4123 2.“
703 4068 747 4123 Ita
765 4067 891 4122 Belutius
920 4067 987 4122 Vita
1009 4067 1075 4136 Pap.
1094 4069 1180 4124 Aren.
1200 4067 1231 4125 Τ.
1252 4067 1289 4122 11.
1321 4085 1344 4124 c
1367 4069 1421 4123 1224

314 4153 365 4208 Sed
392 4150 624 4206 narratiunculam
650 4149 730 4202 istam
757 4148 881 4202 uerscnii
906 4148 981 4202 nullo
999 4148 1082 4202 solido
1108 4163 1246 4202 censemus
1270 4149 1328 4204 uiti
1348 4149 1394 4204 fun

315 4239 413 4290 mento.
