2964 4838
301 426 356 482 428
487 425 613 480 XXXVI.
634 425 674 478 De
692 429 769 478 statu
788 423 926 478 Ecclesiae
944 428 1078 492 vergente
1096 439 1166 479 saec
1186 422 1242 478 XV.

303 569 439 648 dietum,
464 567 612 655 aliasque
636 589 761 654 poenas
785 569 1026 654 pronuntiavit.
1072 565 1126 632 Illi
1149 587 1228 631 vero
1250 566 1294 632 ad
1308 565 1411 632 Conci-

302 668 383 732 lium
416 666 572 752 generale
596 677 818 752 provocantes
841 665 1013 734 Pontificis
1037 687 1193 730 censuras
1222 679 1414 750 spreverunt,
1460 653 1461 734 l

302 766 402 830 Brevi
434 775 510 851 post
540 786 642 848 grave
674 764 798 830 bellum
823 765 912 828 inter
936 773 1111 848 utramque
1135 773 1262 850 partem
1292 766 1412 833 exarsit
1460 763 1461 826 j

301 865 336 926 iu
360 885 425 949 quo
451 864 582 942 Veneti,
608 861 874 926 Mediolanenses
898 871 931 925 et
953 863 1123 947 principes
1148 861 1304 926 Mantuae
1325 871 1414 946 atque

301 961 474 1024 Ferrariae
499 983 534 1027 sc
554 961 801 1046 conjunxerunt
825 981 901 1024 cum
916 958 1136 1040 Florentinis3
1161 959 1324 1024 Senenses
1346 979 1413 1022 vero

301 1067 334 1121 et
357 1058 592 1122 Ferdinandus
616 1081 676 1121 rex
691 1057 850 1142 Neapolis
873 1067 983 1142 partes
998 1056 1172 1122 Pontificis
1196 1055 1413 1120 defenderunt

300 1155 495 1228 Ludovicus
508 1156 559 1220 XI
582 1177 641 1220 rex
655 1153 794 1236 Galliae,
820 1157 853 1218 in
867 1153 1134 1220 Florentinorum
1151 1163 1262 1240 partes
1280 1163 1414 1218 vocatus

301 1255 408 1318 missis
433 1255 573 1318 Romam
605 1252 723 1337 legatis
753 1252 909 1318 Pontifici
942 1252 1030 1316 mala
1061 1254 1234 1318 minitatus
1264 1259 1323 1326 est,
1361 1253 1412 1314 nisi

301 1371 457 1416 censuras
474 1352 507 1414 in
524 1349 733 1415 Florentinos
756 1351 840 1414 latas
863 1360 1054 1431 revocaret3
1079 1350 1138 1414 sed
1161 1350 1318 1416 Pontifex
1341 1350 1415 1433 regis

300 1445 417 1533 legatis
449 1449 597 1534 graviter
625 1447 806 1533 respondit,
837 1448 1012 1533 justasque
1048 1469 1127 1512 suae
1158 1449 1191 1510 in
1216 1446 1414 1510 Florentinos

300 1547 487 1609 severitatis
520 1567 635 1610 causas
660 1565 730 1610 esse
762 1544 1014 1609 demonstravit.
1062 1545 1161 1608 Anno
1190 1555 1306 1609 autem
1332 1543 1414 1616 1480,

300 1665 403 1729 quum
443 1665 566 1726 magna
596 1665 638 1706 ex
670 1643 789 1706 Tureis
821 1642 1017 1706 viderentur
1054 1643 1229 1705 imminere
1270 1641 1412 1727 pericula.

300 1741 496 1806 Pontificem
521 1743 607 1804 inter
630 1752 663 1804 et
687 1739 895 1805 Florentinos
920 1762 987 1825 pax
1010 1742 1161 1804 restituta
1186 1749 1247 1804 est.

166 1911 179 1922 ..
209 1910 214 1920 ,
390 1840 443 1904 27.
470 1839 536 1919 Qui
553 1861 648 1924 porro
665 1837 799 1904 Sixtum
810 1838 858 1902 lV
875 1837 938 1902 hac
962 1840 995 1901 iu
1012 1858 1113 1901 eausa
1128 1849 1302 1918 accusant,
1327 1857 1409 1900 unum

163 1921 251 2012 Ἃρ,
299 1936 529 2001 tantummodo
545 1937 663 2000 afferre
681 1935 795 2000 valent
814 1935 1062 2015 documentum,
1087 1957 1128 1999 cx
1149 1957 1213 2020 quo
1230 1934 1404 2000 Pontificem

299 2037 393 2119 argui
427 2055 524 2120 posse
563 2032 808 2114 contenderint,
845 2032 1086 2098 confessionem
1126 2033 1259 2097 scilicet
1290 2033 1404 2098 Joamis

299 2131 469 2218 Baptistae
493 2133 681 2196 Montisecii
707 2132 806 2195 unius
830 2153 873 2194 ex
897 2132 1088 2216 conjuratis,
1121 2151 1233 2194 coram
1255 2129 1406 2216 judicibus

298 2241 375 2295 anto
393 2233 496 2314 ipsius
513 2228 714 2315 supplicium
733 2229 866 2295 factam.
899 2229 932 2293 Is
948 2228 1106 2294 videlicet
1129 2231 1216 2292 inter
1230 2228 1301 2292 alia
1324 2229 1409 2292 fassus

299 2339 356 2406 est,
391 2351 425 2392 se
448 2328 614 2393 Jacobum
640 2327 798 2390 Paralum
822 2329 1032 2404 renitentem,
1067 2337 1103 2390 ut
1134 2326 1358 2411 conjurationi
1384 2345 1410 2386 se

292 2427 449 2513 jungeret
472 2427 626 2507 movisse,
660 2424 763 2489 relato
796 2423 959 2512 colloquio
991 2425 1079 2511 quod
1112 2427 1193 2509 ipse,
1225 2425 1410 2488 Franciseus

297 2525 447 2604 Paazius,
471 2545 511 2587 ao
535 2523 763 2606 Hieronymus
788 2521 929 2604 lliarins,
954 2545 1030 2586 curn
1048 2522 1210 2587 Pontifice
1237 2521 1410 2586 habuerint.

298 2620 554 2687 Observandum
573 2641 651 2686 vero
665 2629 714 2684 est
726 2621 901 2705 imprimis,
918 2621 1149 2684 lllontiscoium
1164 2639 1232 2684 non
1247 2621 1411 2684 asseruisse

298 2739 407 2783 coram
428 2717 602 2803 judicibus
627 2719 758 2799 diserte,
784 2719 977 2783 aPontitice
994 2739 1110 2782 revera
1126 2717 1183 2782 illa
1197 2739 1289 2804 quae
1300 2715 1411 2783 Jacobs

298 2818 416 2881 Paazio
441 2826 641 2904 exposuerat
664 2817 754 2880 dicta
778 2818 894 2898 fuisse3
920 2817 978 2881 sed
1003 2818 1152 2898 asseruit,
1177 2835 1212 2878 se
1237 2815 1364 2881 Jacobo
1384 2825 1412 2874 ut

297 2937 372 2980 eum
403 2913 550 2979 alliceret
581 2915 644 2978 ista
679 2913 829 2978 retulisse
861 2916 908 2977 uti
937 2937 957 2978 a
981 2914 1143 2977 Pontifice
1176 2911 1280 2980 dicta.
1328 2909 1411 2976 Unde

296 3035 363 3078 nou
387 3013 486 3099 plane
510 3022 635 3076 certum
653 3022 712 3094 est,
737 3011 855 3076 iisdem
872 3013 985 3076 verbis
1009 3009 1093 3076 illud
1118 3007 1324 3098 colloquium
1348 3029 1409 3072 curu

296 3111 390 3178 Sixto
415 3111 464 3174 IV
490 3110 641 3174 habitum
665 3131 746 3174 esse.
779 3111 956 3174 Caeterum
981 3131 1059 3173 vcro
1084 3131 1127 3173 ex
1151 3112 1221 3196 ipso
1249 3107 1409 3193 colloquio.

297 3211 343 3272 uti
369 3232 388 3272 a
412 3209 614 3274 Monteascio
638 3207 779 3272 relatum
810 3207 882 3290 fuit,
915 3207 1081 3291 colligitur
1105 3208 1254 3292 quidem,
1291 3225 1409 3271 consen·

296 3309 379 3372 sisse
391 3308 603 3386 Pontificem,
628 3316 665 3369 ut
687 3305 877 3370 Florentiae
901 3315 1138 3392 provocaretur
1162 3316 1195 3368 et
1218 3305 1410 3370 obtineretur

295 3404 450 3488 guberuii
483 3407 621 3468 mutatio
653 3425 693 3468 ac
717 3404 860 3469 Medicei
894 3405 1121 3490 principatum
1151 3425 1250 3468 sunm
1283 3406 1317 3467 in
1342 3419 1408 3464 rem·

295 3503 464 3589 publicam
490 3501 686 3587 perderent3
711 3501 768 3565 sed
793 3524 868 3566 eum
895 3502 1039 3567 noluisse
1063 3503 1209 3582 omniuo,
1233 3511 1273 3564 ut
1289 3499 1409 3583 sanguis

296 3599 425 3666 illorum
452 3599 685 3664 effunderetur.
734 3599 922 3665 Identidem
948 3603 1037 3664 euim
1062 3603 1095 3663 in
1120 3599 1222 3663 relato
1247 3599 1305 3664 illo
1329 3595 1406 3660 collo

295 3701 372 3784 quio
397 3707 606 3783 protestatur,
632 3720 666 3762 se
691 3697 879 3762 nullatenus
902 3699 1055 3762 assentiri
1080 3697 1222 3784 alicujus
1247 3699 1332 3775 neci,
1361 3691 1407 3756 sed

295 3797 428 3881 penitus
457 3795 626 3860 obsistere.
674 3794 773 3859 Nullo
805 3806 916 3860 autem
945 3797 1022 3881 jure
1055 3805 1308 3882 supponeretur,
1339 3793 1406 3856 haer

295 3915 361 3958 non
386 3895 470 3958 serio
496 3894 553 3958 sed
578 3893 654 3956 licto
678 3916 697 3956 a
722 3893 886 3957 Pontifice
911 3893 1001 3957 dicta
1024 3893 1135 3958 fuisse.
1170 3892 1237 3956 Sed
1253 3895 1405 3956 sincerum

294 3993 396 4056 fnisse
429 4014 546 4056 revera
579 3991 650 4076 ejus
686 3992 847 4073 animum,
888 4013 928 4056 ex
963 3990 1154 4055 charactere
1187 4013 1227 4055 ac
1260 4000 1327 4056 toa
1348 3989 1405 4050 vita

295 4091 400 4175 ipsius
425 4089 648 4154 confirmatur.
698 4087 798 4154 Unde
831 4099 956 4154 certum
982 4099 1040 4172 est,
1066 4088 1196 4154 Sixtum
1234 4087 1404 4154 nullatenus

295 4187 464 4250 conscium
490 4209 530 4250 ac
554 4187 751 4272 participem
776 4185 877 4252 fuisse
891 4185 1059 4269 lacino'ris,
1085 4209 1149 4274 quo
1167 4187 1269 4251 feroci
1293 4205 1402 4273 aggree
