2850 4834
367 484 407 538 Do
424 481 505 536 Bulla
525 483 566 536 Ne
583 490 751 552 praeterear.
1073 482 1128 540 tot

95 629 148 691 57.
171 627 271 692 Hiaoe
296 626 504 692 documentis
529 625 627 691 valde
651 627 762 692 affinia
778 625 937 691 eatBulla
961 626 1127 712 quaedam

16 725 131 790 loanni
153 725 254 790 XXII
277 725 447 812 adscripta
472 725 523 789 Ne
542 737 737 812 praetereat,
761 748 829 813 qua
851 749 872 790 a
895 725 1057 790 Pontifioe
1081 748 1128 791 re·

17 845 86 886 vera
108 821 203 888 Italia
225 845 247 888 a
269 844 372 907 regno
396 833 429 887 et
452 825 591 909 imperio
616 823 817 890 Germaniae
841 833 1022 910 separatur.
1052 824 1128 891 Pro·

17 933 172 1005 ponuntur
201 922 307 1006 primo
339 922 373 984 in
404 919 522 985 eadem
554 925 680 987 motiva
712 921 874 1007 ejusmodi
906 922 1040 1006 decreti,
1075 922 1128 988 de·

15 1031 155 1105 prompta
177 1041 220 1084 ex
244 1018 339 1083 maiia
363 1040 449 1103 quae
473 1021 576 1084 variis
598 1019 806 1106 temporibus
830 1041 873 1084 ex
887 1019 1032 1105 Imperio
1057 1043 1128 1107 pro·

16 1119 166 1197 venerint,
190 1125 223 1180 et
244 1119 408 1182 recensita
431 1117 475 1181 ad
501 1116 641 1182 verbum
665 1119 796 1183 ferenti
814 1119 1129 1186 inlnatruetionibur

9 1215 70 1298 jam
102 1216 209 1279 citatis
241 1225 487 1282 enumerantur.
538 1216 626 1281 Dein
657 1237 736 1280 vero
769 1216 924 1280 Pontifex
957 1216 1127 1282 decretum

13 1335 99 1377 cunm
124 1313 214 1377 hisce
238 1311 351 1378 verbio
375 1315 540 1379 enuntiat:
576 1313 661 1389 Quia
690 1316 788 1401 iyitur
816 1315 891 1400 ipra
915 1337 1014 1380 cauea
1036 1317 1127 1382 inert-
1154 1337 1279 1378 nemun

12 1413 135 1475 tutionis
157 1421 186 1473 et
208 1412 456 1476 mareruationia
481 1412 614 1498 Imperii
635 1413 770 1477 caecavit
791 1421 821 1476 et
845 1411 950 1492 deaiit,
975 1415 1052 1499 quin
1067 1437 1127 1500 po·
1178 1399 1265 1440 ⁸³¹¹*

12 1512 74 1588 aa,
98 1520 134 1572 ut
147 1505 293 1572 declarat
315 1519 451 1588 eventur,
476 1510 511 1573 in
534 1512 714 1597 oppositum
736 1531 769 1572 ee
792 1512 954 1590 conuertit,
979 1513 1060 1592 Noa,
1084 1512 1129 1577 ad

9 1629 89 1692 quem
103 1606 238 1694 speciali
247 1609 479 1692 praeroyatiud
499 1609 642 1694 pertinet
665 1619 695 1672 et
713 1608 970 1694 praeeminentid
987 1621 1129 1697 porreta·

11 1709 54 1782 tir,
81 1705 212 1770 euellere
236 1715 330 1790 atque
354 1705 523 1784 deamuere,
542 1703 699 1793 plantare
722 1717 752 1771 at
775 1705 957 1792 aedificare,
989 1709 1130 1774 diuidere

11 1829 40 1866 ae
58 1807 160 1884 unire,
185 1804 224 1868 de
247 1805 477 1889 omnipotentia
500 1806 613 1868 cummi
627 1805 746 1886 Pub-ie,
770 1815 801 1869 et
824 1805 1040 1891 apostolorum
1063 1813 1131 1899 ajur

11 1903 89 1966 Petri
110 1914 141 1968 et
166 1899 263 1966 Pauli
295 1924 350 1988 epe
381 1913 468 1966 certa
490 1902 609 1986 confici,
642 1925 807 1988 eorumque
829 1906 944 1968 muniti
965 1897 1151 1993 ruffraqio,'

9 1999 41 2062 de
55 2001 204 2086 fratrum
216 2009 396 2064 nostrorum
409 1998 553 2079 eoncilia,
578 2023 710 2065 anaema
722 2023 885 2087 permanea
901 2001 1130 2068 deliberatione

1 2099 133 2178 furrata,
168 2121 209 2162 ee
234 2100 425 2184 praemissis
453 2097 702 2163 rationabilibua
733 2102 839 2164 cauma
870 2110 901 2164 et
931 2101 1018 2180 aliia,
1051 2124 1130 2188 quen

6 2196 222 2280 praesentibus
252 2197 352 2260 interi
381 2208 483 2260 mater
513 2196 681 2260 oblivionis
708 2195 888 2282 prolioeitae
919 2221 984 2262 aon
1017 2204 1129 2282 ruerit,

6 2296 199 2380 prouinciam
222 2293 339 2358 Italiae
370 2294 410 2357 ab
443 2295 549 2358 eodem
579 2297 712 2381 imperio
744 2305 773 2357 et
801 2317 897 2381 reqno
920 2295 1130 2364 Alamanniae

10 2392 143 2456 totaliter
168 2394 341 2456 eximentes
362 2393 467 2478 ipram
491 2391 531 2456 ab
555 2392 756 2482 subjectione,
788 2394 1007 2458 communitate
1031 2407 1062 2460 et
1076 2401 1129 2487 ja·

8 2491 188 2554 relictione
212 2491 389 2554 eorumdem
411 2492 502 2576 requi
525 2501 555 2554 et
578 2490 704 2575 imperii
727 2513 922 2576 separamur,
946 2491 1130 2572 dividimur,

4 2611 55 2671 per
79 2599 200 2674 parter
229 2589 413 2669 scindimus,
446 2613 483 2654 ac
516 2589 554 2653 de
571 2590 744 2675 potestatis
774 2600 902 2654 nostrae
926 2591 1131 2676 plenitudine

7 2681 171 2750 liberamus
188 2687 398 2769 decernentes,
422 2686 561 2751 utnulla
578 2710 716 2772 anquam
739 2697 876 2773 tempore
899 2695 1131 2780 conjunyantur

8 2797 32 2846 et
51 2786 219 2862 uniantur,
248 2796 305 2849 aut
326 2787 363 2850 in
385 2807 447 2849 uno
472 2807 602 2871 corpore
631 2786 767 2848 emittere
797 2797 994 2866 aenaeantar,
1024 2813 1064 2852 ea
1096 2812 1130 2854 eo

4 2885 182 2969 ρταιοίμιο,
194 2883 279 2966 quod
290 2906 399 2948 earum
408 2883 652 2969 prouinciarum
665 2883 761 2968 lonya
776 2881 955 2969 diffusaque
967 2889 1130 2972 protentio

6 2981 44 3044 n'c
72 2979 249 3066 confundit
276 2990 307 3044 et
338 2979 472 3066 impedit
502 2980 597 3044 uniue
627 2981 794 3066 raynantie
823 2983 1064 3070 jurisdictionia
1101 2999 1132 3052 et

5 3078 239 3160 yulmrationie
262 3077 414 3166 effectum,
444 3079 529 3164 quod
560 3080 705 3164 ipaarum
728 3102 806 3142 cura
823 3081 978 3166 perplane
1002 3084 1130 3171 neqliyi·

6 3187 59 3255 tur,
82 3188 115 3240 et
139 3176 217 3240 dum
232 3178 422 3262 imparantie
437 3178 562 3240 animur
577 3175 621 3240 ad
637 3175 738 3240 multa
754 3175 921 3258 diuiditur,
945 3179 990 3242 ad
1004 3180 1132 3268 ainqula

2 3297 54 3358 per
75 3297 272 3359 consequent
294 3275 484 3354 minoratur,
509 3274 549 3338 de
571 3274 722 3360 reyimine
746 3284 776 3337 et
797 3273 1034 3360 §aberratione
1062 3304 1131 3345 cum

2 3373 206 3456 mandentia
238 3374 323 3458 reaia
356 3373 479 3436 aeterni
508 3382 539 3436 et
569 3372 745 3434 eorumdem
773 3373 922 3458 fratrum
951 3388 1131 3442 noatrorum
1182 3439 1188 3462 ⁸

6 3469 132 3534 mettio
157 3479 188 3532 et
211 3469 441 3536 deliberatione
463 3469 597 3534 rolemni
618 3471 742 3534 mutina
759 3472 935 3556 procreari,
967 3498 1005 3539 aa
1027 3475 1131 3542 decla·

5 3579 107 3632 rantes
147 3589 278 3651 requam
311 3567 517 3653 praedictam
546 3565 758 3632 Alamanniae
790 3591 812 3632 a
842 3592 938 3656 rayno
972 3574 1131 3640 Franoiae

6 3663 95 3731 cloria
117 3666 276 3749 dutinyai
307 3668 451 3730 terminia
477 3676 507 3728 et
538 3666 624 3730 notia
643 3665 766 3749 finibm
796 3666 932 3731 limitari
962 3669 1131 3757 danuam,

2 3787 54 3848 per
74 3787 139 3828 nor
161 3761 202 3826 de
225 3763 368 3848 ipsorum
381 3762 530 3849 fratrum
553 3763 696 3844 coneilio,
714 3773 855 3848 patarum
878 3787 973 3848 more,
996 3773 1131 3856 provide

5 3861 245 3949 distinguendis.
254 3860 279 3946 ¹)

69 4111 92 4179 ¹)
113 4109 148 4165 V.
168 4108 215 4164 W.
234 4108 339 4172 Felten,
365 4108 416 4163 Die
435 4108 514 4163 Bulla
534 4110 575 4162 Ne
592 4115 732 4177 pretereat
754 4109 809 4163 und
828 4109 872 4164 die
890 4109 1130 4164 Reconciliationa·

8 4187 236 4257 Vemandlungen
262 4187 392 4258 Ludwigr
419 4188 466 4242 dec
489 4189 593 4255 Bayars
620 4187 672 4242 mit
695 4188 755 4242 dem
782 4189 882 4257 Papste
909 4189 1019 4244 Johann
1039 4189 1128 4244 xxu.

6 4267 19 4322 1
33 4269 118 4328 t'neil.
137 4285 163 4338 p.
184 4267 221 4323 ⁶3
235 4285 292 4336 sqq.
320 4269 407 4334 Triar,
428 4271 506 4325 1885,
