2828 4842
278 445 426 502 Discidium
444 459 504 500 cum
522 443 629 500 Joeune
646 443 765 514 Angliae
783 459 857 514 rege
1073 444 1125 500 281
1169 405 1172 422 Ι

43 591 231 656 adhibendum
265 591 403 671 censuit,
443 597 480 651 ut
501 587 644 654 Joannis
682 587 805 653 subditi
840 588 883 654 ab
917 587 1127 657 obedientiae

41 691 207 775 obligatione
229 689 443 769 solverentur,
474 695 508 750 et
539 685 582 750 de
605 709 692 752 novo
716 708 793 771 rege
817 686 1048 751 constituendo
1073 685 1127 750 de·

40 799 205 853 cerneretur.
248 786 369 868 Quoad
401 785 492 848 hunc
515 795 673 849 eventum
697 783 1033 849 animadvertendum
1066 793 1124 864 est,

39 908 84 950 100
104 895 223 950 01101010
245 885 446 950 documenta
469 881 656 947 Innocentii
680 881 733 946 III
765 903 850 968 quae
875 882 940 946 huc
964 891 1124 969 spectant,

38 983 78 1046 sed
96 985 300 1069 praecipuum
323 991 492 1046 auctorem
513 981 570 1066 qui
587 982 651 1044 ista
666 990 808 1061 enarrat,
832 1003 903 1045 esse
918 980 1125 1044 Matthaeum

37 1081 167 1145 Patisium
190 1083 306 1145 10000
321 1079 472 1144 Historia
491 1077 674 1164 duplorum,
699 1077 830 1162 singula
853 1099 933 1142 0010
956 1099 1022 1142 non
1047 1080 1126 1142 satis

34 1187 158 1242 accurate
180 1187 209 1242 et
231 1178 321 1242 clare
344 1176 386 1241 ab
411 1178 483 1259 ipso
507 1175 632 1241 referri.

100 1277 147 1343 bt.
190 1276 266 1342 Jam
290 1275 334 1340 ad
358 1295 483 1340 annum
511 1275 592 1338 1211
619 1272 809 1339 Matthaeus
840 1274 975 1339 scribit:
1008 1274 1125 1358 ,Iunc
1156 1282 1244 1384 1011οἑ
1255 1283 1282 1322 ‘¹⁰

34 1375 134 1438 0001100
155 1373 255 1459 Papa,
288 1395 391 1459 quum
414 1393 475 1436 rex
499 1371 683 1456 Anglorum
707 1372 865 1451 doannes,
899 1373 1024 1436 nuntiis
1052 1371 1123 1457 ejus
1145 1345 1290 1456 dwffffl

34 1470 78 1534 1111
98 1473 213 1536 monita
236 1470 509 1556 praedicantibus
549 1469 704 1551 salubria,
738 1471 948 1555 acquiescere
982 1480 1125 1534 contem·

33 1571 133 1653 psisset,
159 1591 252 1656 reges
275 1578 309 1633 et
330 1568 413 1633 alios
436 1589 550 1633 omnes
574 1577 640 1632 tam
668 1589 829 1654 pauperes
852 1590 952 1654 quam
976 1577 1126 1653 potentes

32 1666 62 1730 ad
80 1689 223 1732 coronam
246 1667 391 1751 Angliae
414 1676 602 1751 spectantes
627 1689 646 1730 a
670 1668 757 1750 regis
780 1664 940 1730 fidelitate
964 1676 997 1729 et
1020 1665 1126 1752 subje-

32 1766 115 1828 ctione
143 1763 257 1846 solvit3
298 1765 447 1829 districte
479 1776 512 1828 01
542 1764 603 1829 sub
634 1784 741 1849 poena
771 1765 1127 1829 excommunicationis

31 1863 182 1946 prohibens
204 1863 371 1928 universis
395 1872 427 1926 et
447 1861 596 1946 singulis,
622 1871 785 1948 quatenus
809 1862 918 1947 ipsum
942 1863 977 1925 in
1002 1884 1125 1944 mensa,

30 1959 139 2025 consilio
163 1971 195 2025 et
218 1960 380 2046 colloquio
405 1961 529 2024 arctius
552 1961 747 2024 evitarent.“
763 1960 875 2024 —Ad
899 1982 1026 2024 annum
1048 1983 1125 2026 vero

33 2058 96 2120 1212
118 2061 160 2122 110
182 2057 306 2122 habet:
335 2057 446 2144 ,Papa
460 2059 556 2142 gravi
573 2077 720 2121 moerore
739 2066 872 2142 propter
888 2056 1125 2122 desolationem

29 2159 101 2238 regni
122 2155 262 2240 Angliae
288 2155 469 2238 confectus,
503 2154 544 2220 de
568 2154 705 2219 consilio
731 2153 970 2234 Cardinalium,
1003 2157 1124 2241 episco-

28 2273 120 2336 porum
142 2266 174 2318 et
197 2253 338 2318 aliorum
364 2254 510 2318 virorum
535 2252 762 2340 prudentium,
786 2252 1025 2317 sententialiter
1048 2253 1125 2317 defi·

29 2350 605 2436 0101101101111081010101000000
628 2374 648 2415 a
672 2351 752 2416 solio
776 2352 870 2436 regni
894 2351 1124 2437 deponeretur,

29 2449 267 2535 0101100,Ρορο
290 2461 500 2535 procurante,
526 2449 729 2532 succederet,
755 2451 812 2535 qui
836 2449 967 2534 dignior
990 2448 1124 2512 babere-

28 2559 72 2610 tur.
111 2547 163 2612 Ad
195 2547 295 2632 hujus
332 2569 463 2635 quoque
506 2549 690 2612 sententiae
726 2549 955 2611 executionem
994 2548 1126 2633 scripsit

29 2641 163 2711 Dominus
179 2646 274 2730 Papa
296 2647 524 2732 potentissimo
548 2647 618 2731 regi
635 2645 840 2709 Francorum
856 2645 1022 2730 Philippo,
1048 2668 1125 2730 qua·

28 2756 99 2808 unus
125 2745 411 2808 inremissionem
442 2746 592 2808 omnium
622 2764 756 2807 suorum
780 2746 1010 2830 peccaminum
1035 2744 1125 2808 hunc

28 2837 144 2906 laborem
178 2850 372 2923 assumeret,
407 2852 449 2924 et,
479 2863 556 2926 rege
580 2840 765 2926 Anglorum
796 2864 816 2906 0
848 2841 929 2906 00110
953 2844 1046 2926 regni
1070 2864 1124 2906 ex-

28 2937 106 3020 pulso,
129 2943 200 3027 ipse
223 2950 257 3004 et
280 2961 485 3004 successores
509 2941 560 3004 sui
584 2961 724 3024 regnum
747 2938 891 3024 Angliae
910 2939 987 3025 jure
1011 2961 1124 3025 perpe-

29 3048 67 3098 tuo
98 3039 311 3124 possiderent.
360 3037 500 3123 Scripsit
536 3039 673 3123 insuper
711 3037 866 3102 omnibus
900 3036 1123 3121 magnatibus,

29 3133 160 3201 militibus
197 3136 338 3224 aliisque
369 3135 584 3201 bellatoribus
611 3158 671 3221 per
703 3136 851 3200 diversas
876 3137 1025 3200 nationes
1050 3158 1124 3200 con-

29 3233 132 3317 stitutis,
155 3247 194 3300 ut
216 3235 259 3299 ad
283 3236 372 3318 regis
394 3233 580 3317 Anglorum
605 3234 823 3319 dejectionem
848 3257 917 3299 sese
941 3256 1039 3298 01000
1062 3235 1125 3319 sig-

29 3341 131 3413 narent,
159 3354 340 3418 regemque
364 3332 569 3396 Francorum
602 3333 636 3396 in
666 3331 731 3396 bac
764 3332 975 3418 expeditione
1004 3331 1124 3396 ducem

29 3441 181 3511 sequentes,
209 3431 382 3495 vindicare
406 3429 563 3515 injuriam
589 3430 786 3495 universalis
801 3430 974 3494 Ecclesiae
997 3429 1124 3494 labora·

30 3535 89 3590 rent.
128 3527 253 3592 Statuit
282 3539 462 3613 praeterea,
493 3539 531 3591 01
561 3530 762 3614 quicumque
795 3528 838 3592 ad
862 3527 1124 3613 expugnandum

31 3618 97 3688 illum
118 3648 226 3711 regem
260 3637 491 3708 contumacem
515 3647 594 3711 opes
618 3625 850 3712 impenderent
872 3625 926 3690 vel
948 3625 1123 3707 auxilium,

31 3719 91 3784 siout
110 3723 153 3788 illi
178 3726 236 3808 qui
266 3723 478 3811 sepulchrum
501 3725 640 3788 Domini
679 3725 824 3804 visitant,
862 3732 930 3787 tam
968 3725 1002 3787 in
1025 3723 1125 3788 rebus

30 3837 102 3898 quam
122 3825 154 3888 in
179 3825 330 3908 personis
354 3832 387 3886 et
409 3824 597 3886 animarum
613 3823 780 3906 suffragiis
804 3823 838 3885 in
856 3843 938 3906 pace
954 3820 1124 3885 Ecclesiae

31 3920 109 3982 esuri
130 3921 378 4005 permaneant.“
397 3919 504 3985 -Ut
519 3941 598 3984 vero
622 3918 749 3984 indoles
774 3918 977 4002 intelligatur
999 3940 1123 3996 eorum,

32 4031 92 4092 quae
104 4017 316 4082 Innocentius
331 4019 512 4100 constituit,
538 4019 687 4102 apprime
705 4015 906 4081 conferenda
923 4017 1033 4080 citatis
1049 4024 1126 4079 sunt

32 4127 58 4170 a
74 4133 145 4197 quae
168 4137 372 4202 prosequens
387 4115 576 4180 Matthaeus
589 4115 706 4178 refert:
735 4115 816 4196 „His
840 4116 887 4178 ita
909 4115 1011 4196 gestis
1035 4114 1126 4178 misit

33 4201 162 4279 Dominus
187 4213 280 4299 Papa
303 4237 323 4278 a
345 4213 447 4278 latere
472 4235 529 4278 suo
553 4212 790 4298 Pandulphum
814 4212 1057 4277 subdiaconum
1081 4212 1124 4275 ad
