2964 4838
525 475 651 530 Nicolaus
669 476 703 530 V.
1132 473 1188 528 409

60 621 248 706 digniorem
282 631 316 684 et
346 619 512 686 utiliorem
541 619 740 684 substituere
774 627 895 703 posset.
949 617 988 681 3⁰
1019 617 1064 682 Ut
1095 618 1187 682 circa

62 720 204 805 majores
228 717 408 802 dignitates
432 727 505 802 post
529 715 735 803 episcopales
758 716 792 779 in
817 713 965 780 ecclesiis
989 713 1185 779 cathedrali-

62 817 124 880 bus
155 827 191 880 et
222 815 405 899 collegiatis
438 825 627 878 servaretur
651 815 769 879 modus
794 821 892 878 antea
916 835 977 878 usu
1002 811 1185 895 adhibitus,

59 925 93 978 et
115 914 244 1000 reliqua
268 913 432 977 beneficia
448 911 605 977 inferiora
621 911 853 976 conferrentur
862 909 997 975 alternis
1014 909 1186 976 mensibus

60 1035 80 1076 a
103 1011 254 1077 Romam
278 1011 440 1076 Pontifice
464 1019 496 1074 et
519 1008 676 1074 collatore
700 1009 878 1074 ordinario.
917 1008 957 1072 4⁰
980 1008 1026 1073 Ut
1048 1021 1184 1073 anneta·

59 1131 134 1174 rum
158 1109 231 1174 loco
255 1108 297 1174 da
320 1107 569 1195 episcopatibus
593 1119 627 1172 et
649 1106 794 1172 abbatiis
809 1103 1008 1171 vacantibus
1031 1127 1049 1169 e
1072 1105 1184 1172 fructi·

58 1207 124 1272 hus
148 1209 247 1293 primi
271 1207 350 1272 anni
383 1205 591 1272 solverentur
619 1207 838 1292 poeoniorum
869 1225 1019 1268 summae
1050 1213 1185 1268 taxatae

58 1309 94 1369 in
118 1305 213 1370 libris
237 1303 398 1370 Camerae
421 1303 643 1389 Apostolicae‚
668 1323 754 1388 quae
778 1303 907 1366 seruitia
930 1305 1106 1366 communio
1129 1324 1184 1388 ap-

57 1403 235 1488 pellantur,
260 1413 292 1466 et
316 1402 357 1466 de
381 1398 455 1464 aliis
478 1399 652 1464 beneliniis
675 1399 858 1466 solveretur
882 1399 1059 1465 dimidium
1083 1421 1184 1464 anna·

56 1513 169 1566 tarum
193 1521 251 1565 seu
274 1501 444 1564 fructuum
469 1500 569 1584 primi
587 1500 678 1563 anni.
702 1533 746 1546 ··-
771 1498 882 1583 Atque
898 1498 1184 1562 istoConeordato

55 1599 138 1662 dein
169 1621 221 1662 res
253 1597 497 1662 ecclesiasticae
532 1598 566 1660 iu
598 1596 781 1662 Germania
821 1617 924 1682 usque
961 1595 1004 1660 ad
1032 1607 1184 1682 tempora

54 1698 244 1760 recentiora
269 1695 428 1781 disposita
450 1695 596 1762 fuerunt.

148 1795 180 1859 5.
212 1793 371 1858 Nicolaus
387 1793 428 1873 V,
453 1793 570 1857 scribit
593 1813 690 1877 porro
715 1791 847 1856 Aeneas
871 1789 1017 1876 Sylvius,
1045 1791 1182 1874 „urbem
1201 1797 1272 1899 ⁶⁰5¹?
1283 1799 1356 1901 5¹⁶⁰·
1411 1871 1422 1888 ἱ

55 1891 244 1956 Romamm
270 1889 381 1954 multis
406 1901 438 1954 et
461 1891 617 1954 maximis
648 1888 810 1954 aediliciis
841 1891 961 1954 mirum
987 1892 1021 1954 in
1047 1890 1182 1955 modum
1246 1871 1268 1899 ⁸¹
1306 1889 1311 1901 '

51 1991 244 2070 exornavit,
269 1989 365 2074 cujus
388 2009 489 2073 opera
501 1989 527 2050 si
540 1987 699 2072 compleri
716 1989 911 2072 potuissent,
936 1987 1018 2052 nulli
1033 1997 1183 2054 veterum

55 2089 302 2172 Imperatorum
328 2085 595 2169 magnificentiae
633 2107 766 2150 cessura
806 2085 1010 2149 videbantur
1012 2133 1182 2151 .....

54 2184 224 2262 Schisma,
248 2183 336 2270 quod
362 2182 452 2268 apud
466 2181 712 2248 Sahaudienscs
734 2181 847 2246 adhuc
871 2184 905 2247 in
918 2182 1070 2248 Ecclesia
1094 2185 1182 2267 vige·

53 2283 125 2362 bat,
150 2281 302 2367 explosit.
350 2279 539 2344 Amadoum
565 2282 701 2365 papatui
726 2281 973 2344 renuntiantem
989 2283 1024 2345 in
1040 2282 1182 2364 gratiam

50 2381 192 2464 recepit,
217 2376 453 2443 Cardinalatus
476 2377 635 2442 honorem
660 2388 693 2440 et
716 2379 750 2441 in
764 2388 901 2462 paterno
925 2379 1072 2443 dominic
1096 2377 1182 2464 lega·

50 2481 181 2542 tionem
206 2476 348 2564 reliquit.
396 2475 632 2540 Cardinalihus
655 2473 782 2561 aliquot
805 2474 848 2539 ab
872 2497 910 2541 eo
932 2477 1051 2539 creatis
1076 2475 1182 2561 digni·

50 2587 158 2639 tatem
183 2575 318 2638 dimisit.
344 2573 511 2639 Romanos
535 2574 634 2658 longa
659 2595 741 2659 pace
765 2573 895 2638 ditavit.
921 2609 964 2622 -
987 2573 1180 2640 Jubilaeum

50 2673 197 2739 feliciter
219 2674 351 2757 gessit“
380 2709 418 2720 ·-
446 2671 641 2736 Cardiuales
665 2673 801 2752 creavit,
829 2673 935 2753 ,inter
951 2693 1032 2757 quos
1056 2683 1089 2735 et
1110 2693 1182 2756 ger-

50 2791 193 2836 manum
217 2791 315 2834 suum
339 2769 533 2856 Philippum
565 2791 590 2836 s.
615 2769 789 2834 Strsannae
812 2769 1025 2836 Curdiualem
1056 2793 1180 2836 assum·

47 2869 122 2956 psit
145 2867 287 2953 placidis
311 2868 459 2932 moribus
490 2880 523 2932 et
551 2869 762 2953 incorruptae
787 2867 874 2934 fidei.
921 2867 1054 2934 durium
1078 2869 1182 2934 libros

45 2987 96 3030 ex
113 2975 182 3029 tota
198 2965 342 3032 Graecia
366 2967 564 3052 perquisitos
587 2965 630 3030 ad
655 2987 690 3029 se
702 2967 802 3051 jussit
825 2967 934 3030 afferri
949 2976 981 3030 et
992 2969 1027 3029 in
1040 2965 1180 3033 latinam

47 3065 205 3128 converti
233 3063 382 3148 lingnam
414 3065 554 3148 curavit,
595 3084 716 3149 magna
747 3065 896 3150 praemia
928 3064 1182 3132 translatoribus

44 3162 229 3249 praebens.
255 3163 489 3246 Acceptissimi
508 3164 537 3226 ei
556 3161 691 3226 fuerunt
714 3164 748 3225 in
770 3162 1007 3227 transferendis
1024 3163 1183 3248 operibus

45 3261 219 3342 Georgius
234 3260 488 3346 Trapezuntius,
513 3261 715 3324 Laurentius
732 3259 838 3340 Valla,
863 3263 977 3324 Petrus
994 3260 1179 3326 Candidus-

45 3358 241 3439 december,
267 3371 300 3422 et
323 3357 488 3443 Georgius
513 3357 730 3439 Castellanus,
756 3361 834 3422 item
859 3360 1052 3424 Demetrius
1076 3358 1181 3424 Grae-

43 3479 122 3521 cus.
171 3455 237 3535 Qui
271 3456 378 3521 soluta
410 3459 558 3522 oratione
590 3466 737 3536 utentes,
771 3477 846 3520 oum
878 3457 1050 3522 Pontifiois
1081 3479 1181 3523 aures

43 3554 193 3619 mirifice
217 3551 430 3634 oblectarent,
456 3554 539 3618 nihil
565 3577 607 3618 ex
630 3575 668 3617 eo
692 3554 782 3640 quod
806 3565 955 3640 peterent
978 3575 1044 3620 non
1069 3543 1177 3622 ahstu-

41 3653 171 3718 lerunt.
204 3689 247 3700 --
278 3652 434 3717 Nicolaus
466 3675 598 3739 quoque
630 3652 784 3734 Perotus,
817 3651 959 3736 Polybio
991 3673 1009 3717 e
1039 3652 1180 3720 Graecis

43 3749 226 3814 commode
254 3750 297 3815 ad
332 3773 391 3815 nos
422 3750 593 3832 traduct03
625 3749 774 3814 loannes
807 3750 983 3816 Tortellius
1008 3752 1178 3837 Aretinus,

41 3848 136 3913 libro
175 3846 216 3911 de
254 3848 492 3933 orthographia
529 3849 737 3934 apertissime
775 3851 979 3934 conscript03
1018 3848 1179 3914 Albcrtus

43 3946 274 4028 Florentinus,
300 3946 443 4012 conditis
469 3947 509 4010 de
526 3946 749 4010 architectura
773 3950 914 4034 egregiis
938 3947 1175 4030 voluminibus,

41 4043 175 4130 aliique
211 4065 317 4129 paene
354 4043 614 4110 innumerabiles
654 4065 742 4108 nova
775 4044 934 4110 cudentes
969 4069 1069 4132 opera
1103 4047 1178 4133 ejus

44 4142 225 4208 Pontificis
247 4144 389 4227 gratiam
414 4164 573 4208 meruere.
622 4141 718 4206 Adeo
741 4143 832 4206 enim
856 4144 991 4228 ingenia
1014 4146 1178 4208 excitavit

41 4242 200 4326 fovitque
216 4239 383 4321 Nicolaus,
409 4251 445 4303 ut
466 4242 524 4303 vix
548 4261 669 4304 aevum
686 4240 831 4304 inveniri
848 4243 962 4326 possit,
986 4263 1050 4327 quo
1069 4245 1178 4326 magis
