2868 4844
403 495 443 550 De
461 494 711 550 asservationem.
1087 496 1139 550 sal

34 643 154 704 albeum
176 639 392 723 beneficiorum
414 637 478 702 sibi
495 649 525 702 et
540 637 744 724 Apostolicae
771 637 847 703 Sodi
868 661 1040 720 reservare,
1064 641 1139 726 quia

32 739 94 802 iaec
120 739 338 824 annoniasimo
358 742 435 826 jure
465 735 528 800 sibi
557 737 779 823 competebant.
829 737 918 800 Haec
950 737 1046 800 etiam
1075 760 1140 802 non

32 837 116 900 solum
146 841 220 926 jure
254 833 446 900 uniuersalis
484 833 776 899 administrationis
802 834 938 920 papalis
964 845 1140 920 potuerunt

32 945 194 1020 conpetere,
218 933 275 997 sed
297 935 393 997 etiarn
416 956 455 996 ea
469 931 603 1018 speciali
618 955 726 1010 cansa,
750 934 876 996 ratione
891 934 1046 996 materiae
1069 933 1138 997 sub·

21 1039 122 1120 jactae,
146 1041 252 1118 utpote
275 1032 352 1116 quia
373 1029 544 1116 inferiores
567 1032 602 1092 in
624 1032 692 1096 suis
715 1027 917 1094 electionibus
932 1040 963 1093 et
978 1031 1140 1095 ordinarii
1202 1109 1210 1118 .

29 1127 182 1192 collatores
210 1131 246 1191 in
276 1127 490 1212 benaiciorum
522 1127 746 1192 collationibus
777 1125 997 1210 abutebantur,
1029 1140 1060 1192 et
1075 1152 1139 1215 per

21 1229 187 1312 potentiam
210 1225 358 1291 laicalem
380 1248 474 1312 saepe
495 1231 566 1314 jure
602 1248 656 1289 suo
688 1247 751 1288 non
782 1223 878 1288 libere
902 1227 951 1288 uti
975 1229 1138 1312 permitte·

27 1327 138 1404 basar,
163 1349 216 1390 seu
239 1326 309 1390 alia
331 1323 441 1412 aliqua
463 1321 598 1410 speciali
618 1325 784 1403 renones)

98 1425 147 1489 73.
166 1424 356 1488 Annatae.
368 1461 404 1470 —
414 1421 615 1486 Anneianum
633 1422 767 1486 nomine
782 1422 921 1484 veniunt
936 1421 1062 1486 fructus
1076 1444 1134 1486 sen
1190 1431 1204 1459 ¹¹

25 1521 162 1586 redditus
171 1523 269 1585 unius
281 1521 361 1585 anni
371 1519 609 1584 beneficiorum
619 1518 928 1600 ecclesiasticorum,
938 1541 1021 1604 quos
1031 1521 1136 1604 exigit

22 1619 204 1702 Apostolica
237 1619 350 1682 Sedes.
397 1617 539 1682 Fructus
572 1615 619 1680 illi
649 1617 928 1701 computabantur
951 1619 1135 1683 secundum

21 1718 278 1782 aestimationem
295 1713 513 1802 probabilem,
536 1725 569 1778 et
585 1716 631 1778 ita
647 1725 727 1779 taxa
749 1715 914 1800 quaedam
931 1715 1138 1781 statuebatur

20 1813 186 1896 solvenda,
219 1814 353 1901 qnando
385 1815 595 1899 episcopatus
627 1812 680 1876 vel
704 1811 840 1876 abbatia
869 1812 968 1877 alicui
993 1814 1135 1878 confere·

21 1909 116 1980 batur,
149 1911 214 1976 Pro
232 1910 416 1976 minoribus
446 1909 618 1975 beneficiis
641 1900 783 1974 annatbe
807 1921 935 1975 tantum
961 1911 1136 1977 dimidiam

19 2022 135 2092 partem
171 2011 339 2074 fructuum
372 2009 585 2074 unius-anni
621 2009 878 2074 constituebant.
932 2009 1137 2076 Existimant

20 2107 103 2172 multi
130 2109 197 2172 viri
220 2107 352 2190 eruditi,
377 2117 518 2172 annates
541 2105 643 2171 fuisse
667 2107 822 2171 inductas
842 2107 993 2193 exemplo
1015 2111 1136 2173 veteris

19 2203 117 2289 Legis,
145 2208 182 2270 in
207 2227 273 2292 qua
296 2204 419 2270 levitae
442 2225 572 2269 summo
596 2204 758 2268 sacerdoti
783 2203 910 2269 solvere
929 2203 1136 2290 jubebantur

17 2301 158 2368 decimas
184 2303 388 2368 decImarum
414 2302 527 2384 (Num.
553 2325 581 2367 c.
606 2302 717 2382 XIII).
766 2300 851 2367 Oum
874 2303 963 2367 enim
988 2305 1023 2368 in
1048 2325 1135 2368 nova

17 2399 96 2486 Lege
129 2401 302 2466 Romanus
336 2400 493 2465 Pontifex
529 2401 572 2465 sit
602 2421 750 2465 summus
781 2399 952 2483 sacerdos,
991 2423 1134 2488 aequum

17 2500 115 2563 visum
142 2513 204 2580 est,
237 2509 273 2562 nt
303 2521 345 2562 ex
369 2499 599 2583 episcoporum
624 2507 657 2562 et
680 2497 887 2563 sacerdotum
914 2497 1052 2564 decimis
1076 2522 1135 2564 seu

15 2597 196 2662 redditibus
226 2606 353 2683 partem
386 2594 533 2682 aliquam
574 2597 644 2681 ipse
675 2597 842 2681 acciperet
872 2595 967 2661 titulo
997 2597 1136 2662 subsidii

13 2693 68 2757 sibi
92 2697 128 2760 in
156 2693 277 2760 multos
301 2693 384 2758 fines
407 2694 596 2758 necessarii.
631 2693 741 2758 Antea
767 2715 844 2758 vero
868 2715 968 2780 quam
992 2695 1134 2760 Romani

13 2789 189 2858 Pontifices
221 2789 384 2880 ejusmodi
422 2803 563 2856 annates
594 2791 819 2877 postularunt,
854 2792 926 2877 jam
962 2815 1029 2857 non
1059 2817 1133 2859 raro

11 2889 146 2955 abbates
172 2892 207 2954 in
230 2889 432 2975 prioratibus
456 2900 488 2954 et
512 2889 710 2955 obedientiis
734 2891 785 2954 sui
804 2890 900 2976 juris,
930 2901 962 2955 et
985 2894 1133 2979 episcopi

11 2988 40 3052 in
57 2987 229 3074 parochiis
251 2999 283 3053 et
304 2987 477 3053 beneficiis
498 3008 633 3052 suarum
655 2987 845 3053 dioecesum
867 3000 1006 3054 annates
1023 2991 1133 3075 exige·

11 3083 94 3152 bant.
145 3083 362 3151 Consuetudo
386 3096 498 3150 tamen
519 3085 643 3150 Romae
667 3084 840 3170 existebat,
866 3089 981 3173 utqui
1006 3086 1132 3152 ibidem

7 3194 282 3250 consecrarentur
305 3185 453 3270 episcopi
478 3184 531 3249 vel
555 3182 695 3248 abbates
719 3193 843 3248 certam
867 3187 1030 3270 pecuniae
1047 3207 1132 3250 sum·

9 3301 102 3366 nam,
128 3303 199 3348 non
224 3281 359 3368 quidem
383 3303 442 3368 pro
464 3302 601 3346 munere
625 3283 891 3362 consecrationis,
916 3282 974 3348 sed
998 3286 1132 3349 nomine

7 3379 174 3446 honorarii
198 3379 405 3463 solverent.²)
445 3379 559 3446 Facile
582 3389 682 3465 patet,
707 3383 740 3444 in
765 3385 898 3446 annatis
920 3383 1133 3468 imponendis

6 3488 36 3541 et
56 3477 265 3566 recipiendis
296 3477 422 3543 nnllam
447 3477 562 3544 haberi
592 3479 780 3543 simoniam.
826 3477 1010 3544 Solvuntur
1041 3481 1130 3544 enim

5 3575 96 3640 titulo
129 3575 272 3641 subsidii
278 3599 291 3656 ;
327 3597 471 3662 aequum
504 3585 614 3641 autem
648 3573 747 3662 plane
771 3585 804 3640 et
821 3578 950 3662 justum
975 3588 1037 3660 est,
1071 3600 1130 3663 pro

5 3671 176 3738 Ecclesiae
202 3671 400 3738 universalis
423 3671 677 3738 necessitatibus
699 3673 848 3739 Romano
872 3675 1026 3740 Pontifici
1057 3674 1130 3740 sub·

5 3771 86 3836 sidia
111 3771 157 3836 ab
182 3769 258 3836 aliis
282 3771 430 3836 ecclesiis
445 3771 599 3836 conferri.
628 3769 824 3836 Nullatenns
840 3794 919 3836 sane
936 3783 972 3836 ut
987 3774 1129 3858 pretinm

5 3869 192 3936 collationis
227 3868 465 3934 beneficiorum
504 3869 667 3958 ejusmodi
705 3873 848 3956 pecunia
887 3870 1035 3952 solvitur,
1071 3870 1130 3935 sed

5 3965 172 4032 habentur
201 3978 344 4032 annates
376 3977 413 4032 ut
444 3989 545 4032 onera
577 3966 749 4032 beneficiis
784 3969 1005 4047 inhaerentia,
1044 3991 1129 4055 quae

74 4200 96 4270 ¹)
116 4199 161 4252 De
180 4197 347 4252 auctontate
365 4197 436 4252 Ecel
456 4205 486 4252 st
503 4197 580 4260 Rom,
600 4197 680 4255 Pont.
699 4199 730 4253 P.
749 4199 783 4254 II.
802 4197 830 4254 C.
851 4199 871 4252 1.

71 4279 96 4352 ¹)
117 4277 177 4333 Otr.
198 4276 291 4335 Natal.
309 4277 387 4334 Alex.
407 4277 479 4338 Hist,
499 4277 572 4334 Eccl.
592 4277 663 4336 Dies.
681 4277 730 4337 IX.
751 4279 778 4333 tn
796 4295 865 4334 saec
884 4279 1046 4340 xv-xvl,
