2916 4842
9 15 349 153 f

243 417 330 472 ants
348 418 480 472 Frlderici
498 419 511 472 1
530 425 625 472 contra
644 416 828 470 Alexandrum
846 415 897 469 111.
1080 413 1130 468 127

36 561 182 624 Pontificio
207 560 272 624 sibi
290 561 486 642 vindicavit,
511 564 722 647 negavitque,
747 582 780 623 se
805 559 967 644 ejusmodi
992 551 1307 662 0⁰h⁰ili⁰ssss⁸⁸ffl

35 659 204 724 sdfntnrum
243 679 390 744 suaeque
424 682 545 724 causae
587 659 754 744 judicium
787 678 1019 723 concessurum
1052 679 1132 721 esse.
1180 686 1221 725 aro
1235 685 1278 724 111.

35 757 106 820 llinc
129 780 229 843 quum
254 756 297 820 ad
321 779 397 820 eum
421 759 592 844 ipsiusque
617 756 813 822 Cardinales
835 755 1026 820 Fridericus
1050 755 1134 840 lega·

32 871 70 918 ms
86 857 219 920 misisset
236 858 409 940 episcopos
423 855 485 921 sibi
504 856 664 930 addictos,
682 855 912 920 Hermennum
929 854 1133 917 Verdensem

31 970 55 1015 vt
75 953 243 1018 Danielem
268 955 476 1038 Progensem‚
510 955 577 1039 qui,
611 953 715 1037 signis
737 953 943 1016 reverentiae
966 950 1136 1035 neglectiS,

31 1052 207 1116 deferebant
230 1051 443 1136 Imperatoris
466 1051 601 1133 litteras,
626 1050 747 1136 quibus
770 1048 835 1113 illis
859 1073 899 1112 eac
919 1061 1015 1136 parte
1039 1051 1136 1112 omni-

26 1152 148 1234 potentis
172 1151 237 1214 Dei
264 1159 294 1212 et
323 1151 487 1212 universae
512 1149 672 1214 Ecclesiae
704 1148 876 1212 catholicae
905 1147 1137 1234 praecepiebat,

31 1257 57 1308 nt
82 1249 123 1311 ad
151 1257 335 1312 manentum
364 1248 518 1312 indictum
541 1249 695 1326 uenirent,
725 1246 1007 1311 ecclesiasticarum
1025 1269 1136 1333 perso·

31 1369 126 1408 riarum
149 1347 338 1409 asmantiam
361 1345 508 1410 audituri
530 1357 560 1409 et
575 1344 778 1430 recepturi:¹)
802 1343 995 1408 Alexander
1011 1343 1062 1408 III
1086 1367 1138 1407 co-

30 1465 87 1506 ram
102 1441 336 1507 Cardinalibns
362 1443 538 1529 multisque
562 1442 691 1507 clericis
716 1451 748 1506 et
771 1441 874 1524 laicis,
898 1442 1135 1527 Imperatorem

32 1544 133 1623 arguit,
157 1539 248 1627 qnod
268 1540 345 1626 jura
361 1563 420 1604 sua
437 1541 729 1625 transgrederetur,
756 1541 951 1625 dignitatem
967 1539 1140 1605 Pontificis

32 1639 151 1716 lentini
184 1639 248 1704 sibi
284 1639 480 1720 vindicavit,
512 1650 544 1703 et
568 1640 759 1703 citationem
783 1639 825 1703 ad
851 1637 1014 1722 synodum
1040 1638 1137 1703 decli·

34 1740 117 1802 navit.
164 1740 258 1802 Inter
273 1736 360 1800 alia:
388 1738 456 1800 Nos
472 1739 727 1822 reeoonoscimus,
752 1739 870 1822 inquit,
896 1737 1065 1801 Dominum
1080 1739 1139 1802 Im·

30 1849 192 1917 perorarem
215 1859 255 1898 eas
277 1831 393 1898 collato
417 1834 479 1898 sibi
501 1835 668 1922 diffinitatis
692 1834 796 1898 debito
817 1835 1003 1898 aduocatum
1026 1846 1056 1898 et
1071 1858 1138 1922 spe-

32 1933 124 1994 statem
156 1943 380 1996 sacrosanctae
417 1933 582 1996 Romanae
626 1933 773 1996 ecelesiae
815 1932 1020 2018 defensorem.
1041 1921 1061 1998 ¹.
1092 1983 1099 1998 .
1131 1983 1141 1998 .

36 2030 175 2094 lliramur
199 2032 315 2115 itaque,
340 2030 430 2094 illum
454 2034 571 2094 sinens
596 2030 647 2116 (ut
660 2029 818 2115 convenit)
843 2028 1010 2118 diliyentes
1035 2041 1064 2094 et
1088 2054 1138 2096 ea·-

36 2127 193 2192 nllentiam
225 2132 294 2216 ejus
329 2129 483 2192 honorare
509 2131 705 2215 propensius
733 2129 880 2208 uolentes,
915 2128 955 2192 ab
979 2151 1014 2192 eo
1038 2129 1139 2208 nobis,

38 2227 79 2285 isa
95 2227 130 2291 B.
147 2227 242 2290 Petro
267 2239 296 2288 et
320 2237 448 2290 sunctae
464 2229 629 2292 Romanae
653 2227 810 2305 ecclesiae,
834 2229 980 2291 honorem
1003 2227 1141 2290 debitum

40 2321 176 2409 denegari.
281 2325 443 2388 Nimirum
467 2324 555 2412 lonae
580 2350 601 2390 a
620 2325 842 2389 consuetudine
860 2326 1144 2412 praedeeessorum

39 2445 141 2485 amnem
162 2425 328 2486 recessisse
353 2423 485 2502 uidetur,
511 2436 540 2488 et
560 2425 728 2511 diqnitotis
751 2447 828 2487 suae
852 2425 1016 2487 ter-ruinam
1039 2444 1137 2487 esces·
1167 2484 1169 2493 ,

40 2521 106 2596 ause,
129 2521 204 2584 dum
228 2522 295 2584 sine
319 2523 511 2586 conscientia
534 2521 674 2586 Romani
698 2522 859 2606 Pontificis
883 2521 1048 2586 caecilium
1070 2543 1140 2584 con-

39 2622 148 2696 vocarit,
172 2631 203 2683 et
225 2642 284 2683 rias
307 2619 351 2682 ad
368 2622 587 2706 praesentiam
611 2643 710 2698 mam,
743 2623 824 2684 sicin
850 2621 937 2684 lsomo
966 2643 1061 2706 super
1083 2640 1141 2682 nos

35 2727 202 2797 ponstatern
237 2717 364 2795 liabens,
396 2720 560 2805 praecepit
589 2719 762 2783 conuenire,
800 2717 883 2782 Sane
910 2719 949 2784 Β.
975 2719 1077 2794 Petro,
1113 2725 1143 2778 et

36 2835 83 2894 ,rer
96 2841 158 2878 eum
178 2825 402 2881 samosanctae
419 2817 584 2881 Romanae
608 2815 767 2896 ecclesiae,
792 2866 824 2880 ..
844 2867 850 2881 .
875 2815 1142 2902 ltocprivileyium

41 2935 55 2970 o
77 2913 201 2978 1)οωίηο
230 2913 313 2978 Jesu
348 2909 470 2978 Christo
502 2915 677 3000 sanctisque
713 2914 862 2979 Patribus
898 2916 1051 2979 traditum
1086 2923 1143 2990 est,

41 3019 63 3065 a
83 3059 90 3071 .
111 3061 117 3074 .
142 3065 148 3078 .
173 3035 268 3097 usque
293 3013 337 3076 ad
359 3014 433 3076 lzaec
456 3023 597 3098 tempora
620 3023 843 3091 conservatum,
868 3024 903 3076 ut
925 3015 1145 3077 universarum

43 3107 220 3173 eclesiarum
260 3133 374 3174 causas
413 3113 515 3198 ipsim
555 3113 744 3175 auctoritate
776 3110 944 3175 discuteret
968 3135 1005 3174 ac
1025 3111 1143 3192 finiret,

45 3205 101 3286 l'peni
133 3231 200 3271 nero
241 3207 361 3272 nullius
398 3232 536 3294 unquam
564 3209 691 3298 judicio
723 3208 905 3297 subjaceret.
958 3210 1046 3274 Unde
1068 3212 1145 3294 quia

48 3325 110 3366 tauns
130 3305 168 3368 ab
191 3329 227 3368 eo
252 3319 362 3370 contra
379 3307 585 3394 priuileyium
613 3306 759 3370 ecclesiae
785 3307 973 3372 inculcatum
994 3307 1071 3390 fleri
1100 3309 1143 3370 ei-

48 3397 142 3480 demus,
167 3429 227 3490 per
251 3428 340 3490 quem
363 3405 487 3470 deberet
520 3405 559 3469 ab
584 3406 720 3470 aliorum
742 3407 978 3492 impuqnatione
1002 3405 1145 3491 defendi,

48 3507 70 3553 ‚r
96 3503 159 3582 quia
187 3504 235 3566 ita
264 3505 415 3588 scriptum
443 3515 489 3568 est
512 3506 618 3583 matri,
648 3506 730 3568 sicut
762 3505 889 3568 cuilibet
912 3503 1052 3593 adjectae
1071 3527 1144 3590 per·

50 3619 141 3660 mnae:
167 3601 220 3662 loc
251 3599 366 3686 absque
396 3601 610 3665 admiratione
644 3603 745 3665 nimia
768 3603 860 3689 ferre
889 3625 953 3664 non
972 3603 1144 3687 potuimus,

52 3717 95 3752 auc
114 3695 254 3760 debemus.
304 3697 356 3762 Ad
379 3699 500 3761 cariam
529 3721 601 3762 nero
625 3703 692 3788 ejus
715 3697 764 3762 vel
787 3699 830 3761 ad
853 3701 1037 3762 sententiam
1062 3723 1146 3762 acce·

24 3831 25 3848 t
52 3789 122 3855 dere.
141 3797 286 3859 canonica
310 3796 452 3874 traditis,
486 3807 516 3860 et
537 3797 710 3861 reverenda
733 3797 863 3860 Petrum
886 3799 1060 3860 auctoritas
1083 3820 1147 3862 non
1227 3837 1231 3849 v

51 3894 192 3969 permittit.
216 3946 223 3958 .
247 3945 255 3958 .
283 3950 288 3960 ,
315 3895 437 3958 Divina
459 3895 530 3958 vide
547 3897 609 3978 (re)
626 3905 676 3958 tur·
700 3895 973 3958 animaduersione
998 3894 1145 3979 diynissi·

122 4112 173 4175 'lll
198 4115 292 4170 Boron.
311 4116 417 4170 Annal..
438 4133 461 4171 a.
484 4117 559 4171 1159,
586 4133 612 4169 n.
632 4118 673 4170 59.
703 4147 737 4155 -
765 4116 820 4171 etr.
844 4115 953 4170 Bolonis
977 4115 1056 4171 Card.
1081 4115 1148 4169 Vita

60 4191 184 4248 atexnon
200 4195 247 4260 111,
265 4213 306 4266 ap.
327 4197 481 4252 Wstten'ch
493 4197 530 4252 Π.
550 4197 602 4250 377
622 4213 677 4264 sqq.
