2858 4834
303 417 354 468 192
534 415 618 466 XXV.
641 415 679 468 De
698 430 779 468 causa
798 430 818 467 a.
838 415 955 468 't'homue
975 416 1187 471 cantuariensis,

295 563 457 646 praeceps,
497 582 588 643 prtum
613 559 685 643 iprae
710 570 814 628 tamea
836 559 979 643 pludium.
1003 563 1167 645 scapularis
1205 564 1330 626 omniuo
1363 589 1417 628 aaa

299 658 422 720 ltabcct.
471 655 577 718 Habet
607 667 709 719 taurea
736 668 764 718 ct
788 657 891 730 istam,
927 657 982 718 sed
1006 679 1039 719 eo
1064 659 1164 720 utitur
1183 683 1245 744 per
1264 663 1417 746 principia

302 779 435 831 rnamenta,
461 756 512 816 cui
536 754 774 816 co'e'rceudorruu
797 776 961 838 corporum
986 755 1118 818 ceratclit
1140 768 1336 840 potestatem,
1361 761 1414 844 spi·

299 853 465 916 ritualium
489 851 551 914 ribi
575 851 607 912 iu.
626 851 832 935 paritilieibua
856 853 1043 914 errator-itata
1068 865 1238 919 reservata.
1271 857 1330 919 Eu
1353 881 1417 940 arpo

295 953 447 1037 princeps
472 950 643 1012 sacerdotii
666 949 789 1033 quidem
813 952 965 1017 minister,
992 961 1021 1010 et
1044 953 1098 1034 qui
1121 974 1281 1015 sacrorum
1306 954 1417 1038 officia-3

299 1073 367 1111 rutra
397 1047 488 1111 illum
516 1047 641 1131 purtem
669 1057 799 1122 recreet,
831 1071 909 1130 quiae
939 1049 1109 1110 sacmdotia'
1133 1049 1276 1114 manibus
1300 1052 1417 1114 cidenas

300 1147 441 1229 ludique.
491 1145 659 1207 Srrcrcrum
685 1167 816 1228 iramque
841 1144 940 1228 layum
965 1169 1052 1208 omaro
1077 1147 1214 1230 officium
1244 1147 1417 1232 relipiosum

300 1269 336 1307 oc
357 1246 446 1328 prium
471 1253 524 1312 est,
558 1242 641 1304 illud
665 1253 768 1304 turma
792 1243 938 1328 irrisoriae,
963 1245 1046 1326 quod
1068 1247 1101 1306 ia
1121 1249 1235 1328 poeuis
1259 1249 1417 1309 crim-iunia

300 1354 469 1417 emercetur,
503 1351 531 1402 et
564 1339 732 1424 precandam
756 1341 912 1422 carnificii
935 1341 1058 1404 ridetur
1082 1355 1322 1426 repraesentare
1347 1347 1417 1406 ium

297 1445 408 1524 pluam.
434 1477 476 1484 —
502 1439 553 1501 Ex
578 1438 630 1501 his
654 1439 719 1500 fere
745 1437 904 1506 intuleris.
929 1439 1093 1502 loannem
1120 1443 1295 1522 censuisse,
1322 1445 1417 1528 etiarn,

261 1551 264 1556 ’
299 1548 492 1624 potestatem
518 1535 660 1603 civilem,
686 1537 720 1598 in
745 1536 907 1619 spirituali
932 1539 978 1599 uti
1005 1539 1038 1600 in
1064 1559 1121 1600 suo
1147 1538 1236 1601 fonte
1262 1548 1293 1600 et
1310 1539 1417 1602 radice

298 1637 459 1708 residere,
493 1657 531 1698 ac
567 1633 711 1716 delegari
743 1632 785 1696 ab
819 1635 890 1718 ipsa
922 1633 1139 1719 principibus.
1194 1635 1322 1715 Quodsi
1353 1640 1417 1722 ipse

299 1735 452 1799 habuerit
484 1731 655 1819 opiniones
686 1731 849 1814 ejusmodi
883 1731 1052 1816 aliquanto
1077 1745 1303 1817 exaggerata-s,
1339 1731 1417 1798 nihii

298 1833 380 1896 haec
405 1842 514 1894 tamen
539 1831 675 1904 faciunt,
701 1830 747 1892 uti
768 1829 839 1915 jam
856 1828 1012 1908 diximus,
1036 1831 1145 1915 quoad
1163 1833 1417 1904 controversiam

299 1952 373 1995 cum
399 1930 543 1992 chrico
569 1927 617 2007 113
648 1926 870 1990 dimicabatur
894 1929 980 1990 enim
1008 1927 1048 1990 de
1068 1927 1200 2012 juribus
1225 1929 1323 1993 valde
1348 1919 1417 2008 eon}

298 2031 395 2092 cretis
412 2025 582 2091 Ecclesiae
606 2048 646 2088 ac
663 2025 702 2088 de
727 2026 799 2108 ejus
823 2023 984 2106 libertate,
1010 2036 1108 2110 atque
1126 2026 1207 2090 haee
1232 2027 1417 2091 nullatenus

299 2126 339 2190 de
364 2123 526 2210 ejusmodi
552 2124 707 2208 opinione
732 2121 974 2207 dependebant.

128 2299 277 2350 manaim„
387 2269 440 2332 38.
489 2266 663 2330 Caeterum
689 2267 782 2329 varia
813 2267 1030 2329 inveniuntur
1061 2265 1150 2350 apud
1174 2267 1339 2352 loannem
1364 2267 1417 2330 Sul

298 2368 540 2440 risberiensem
573 2364 694 2450 quibus
726 2364 891 2449 duplicem
923 2374 1118 2449 potestatem
1150 2364 1352 2450 spiritualem
1386 2357 1417 2440 et}

298 2467 429 2530 civilem
456 2465 605 2548 agnoseit
626 2462 722 2547 plane
741 2463 941 2542 distinctam,
967 2485 1028 2526 nec
1046 2462 1143 2548 hujus
1160 2463 1417 2546 dimanationem¹

297 2564 339 2628 ab
364 2563 419 2627 illa
444 2561 630 2630 insinuat.¹i
679 2560 865 2637 Censerem,
897 2571 1065 2625 auctorem
1097 2561 1185 2625 hunc
1217 2560 1288 2624 loco
1320 2563 1412 2624 citato

297 2663 435 2747 aliisque
459 2660 622 2724 similibus
647 2671 839 2744 potestatem
866 2659 998 2722 civilem
1022 2683 1086 2722 ttott
1101 2657 1287 2745 simpliciter
1310 2657 1417 2743 quoad

297 2760 462 2824 essentiale
496 2759 746 2821 constitutivum
772 2758 990 2836 considerare,
1016 2757 1073 2820 sed
1097 2759 1130 2820 in
1149 2779 1208 2820 sua
1227 2757 1326 2843 plena
1345 2781 1411 2841 pei·-

287 2859 429 2944 feeta'oue
466 2867 498 2921 et
529 2855 589 2920 sub
621 2865 702 2918 cerlo
737 2856 870 2940 quodam
911 2866 1060 2940 respectu.
1118 2853 1216 2918 Haud
1248 2855 1417 2938 negaverit

297 2957 376 3041 ipse,
402 2965 594 3039 potestatem
610 2952 753 3034 civilem,
779 2956 877 3018 etiarn
903 2954 1075 3038 profanam
1100 2963 1132 3015 et
1155 2952 1244 3037 apud
1268 2951 1410 3035 gentiles.

296 3075 388 3117 suam
415 3055 547 3117 insitam
573 3053 802 3116 auctoritatem
835 3050 968 3132 habere,
1002 3061 1101 3135 atque
1125 3048 1212 3113 hanc
1236 3051 1417 3133 generatim

296 3173 355 3235 per
377 3173 411 3214 se
436 3151 502 3234 jam
526 3151 678 3234 potestati
704 3148 794 3213 civili
821 3151 1007 3214 convenire.
1055 3145 1120 3211 Sed
1151 3149 1330 3233 respiciunt
1360 3146 1417 3212 illa

295 3248 436 3313 Joannis
452 3249 550 3312 effata
565 3257 757 3334 potestatem
776 3249 966 3332 principum
982 3250 1014 3309 in
1030 3268 1089 3308 aua
1102 3244 1199 3329 plena
1216 3246 1409 3331 perfectione

295 3346 384 3433 apud
416 3345 575 3432 populum
593 3345 734 3426 fidelem,
759 3348 793 3408 in
811 3368 875 3431 qua
898 3345 944 3410 illi
963 3345 1088 3409 auctori
1105 3343 1187 3407 haec
1204 3354 1344 3428 potestas
1367 3367 1408 3406 sa-

296 3456 422 3508 cratum
441 3443 521 3529 quid
538 3454 586 3507 est
600 3453 632 3507 et
644 3444 843 3528 religiosum,
869 3445 914 3506 ita
930 3453 966 3506 ut
981 3444 1080 3506 etiam
1095 3440 1173 3504 dum
1189 3441 1299 3524 gladio
1315 3443 1409 3505 utitur

295 3552 405 3607 actum
440 3540 629 3627 religiosum
662 3543 694 3606 in
727 3541 849 3605 bonum
892 3539 1003 3626 populi
1045 3539 1215 3603 christiani
1254 3529 1417 3604 exerceat*

295 3641 360 3706 Iste
384 3651 494 3704 autem
520 3640 691 3704 character
714 3637 856 3703 nobilior
880 3650 911 3704 et
935 3648 1092 3719 sacratim,
1117 3658 1180 3722 quo
1197 3659 1311 3702 omnes
1324 3646 1407 3701 actus

295 3740 466 3824 potestatis
490 3737 598 3802 civilis
623 3749 699 3802 sunt
722 3737 866 3823 religiosi
891 3750 923 3801 et
947 3740 980 3802 in
1006 3737 1188 3822 profectum
1212 3735 1324 3821 populi
1341 3735 1406 3799 Dei.

294 3837 452 3901 tribuitur
468 3861 509 3900 ex
524 3838 654 3902 Joanne
672 3835 905 3901 Sarisberiensi
923 3837 1072 3921 potestati
1090 3832 1181 3898 cirili
1197 3833 1239 3896 ab
1255 3834 1405 3898 Ecclesia.

370 4123 390 4190 ¹)
409 4123 496 4191 Epist.
518 4124 569 4176 145
600 4122 632 4175 ad
661 4122 774 4190 episcop.
795 4122 987 4186 Exoniensem3
1020 4139 1060 4190 ap.
1081 4121 1163 4188 Giles,
1195 4125 1292 4178 Joann.
1316 4119 1402 4176 Sei-isb.

296 4204 361 4270 Epp.
382 4203 412 4255 T.
431 4203 454 4258 1.
474 4221 499 4270 p.
520 4203 579 4258 135.
618 4201 673 4256 Cfr.
693 4201 903 4270 Hergonrother,
924 4201 1023 4257 Kirche
1041 4203 1095 4256 und
1114 4203 1202 4270 Stant,
1221 4220 1247 4272 p.
1266 4205 1326 4258 412.
