2868 4844
77 1631 444 1754 Dissertatio
483 1633 818 1780 trigesime
854 1635 1062 1757 tertie.

160 1883 222 1962 Dc
253 1901 412 1980 magno
442 1882 695 1965 Occidentis
728 1883 979 1968 schismate.

85 2259 114 2320 l.
139 2240 284 2320 somine
304 2255 482 2319 acbiamotis
502 2256 709 2321 occidentalis
730 2257 925 2343 intelligitur
944 2261 1130 2326 tristissima
1153 2261 1292 2365 Sffifflst

15 2350 61 2416 illa
75 2355 202 2433 scissio,
226 2373 312 2438 quae
335 2351 466 2418 labente
491 2354 623 2418 saeculo
640 2355 723 2420 XIV
747 2365 819 2420 orta
843 2366 892 2420 est
915 2359 948 2421 in
973 2359 1130 2423 societate

15 2450 186 2516 christiana
204 2449 407 2532 Occidentis,
431 2473 471 2515 ac
495 2473 553 2536 per
576 2453 713 2536 triginta
738 2474 857 2517 novem
882 2475 987 2518 annos
1012 2454 1129 2520 Catho-

13 2545 82 2613 licos
115 2550 249 2613 funesta
279 2551 487 2633 separatione
520 2549 693 2636 disjunxit.
740 2551 993 2616 Advertendum
1018 2563 1130 2628 tamen

14 2661 53 2708 est
81 2647 161 2712 inde
193 2646 236 2711 ab
264 2648 374 2724 initio,
410 2638 602 2712 scissionem
637 2646 727 2712 illam
760 2649 849 2713 baud
882 2651 1064 2736 perfectum
1097 2663 1131 2716 et

12 2747 135 2831 proprie
168 2744 295 2809 dictum
328 2743 473 2809 schisma
503 2745 615 2812 fuisse.
663 2747 840 2833 Proprium
873 2750 962 2812 enim
986 2759 1020 2812 et
1043 2771 1129 2814 com·

11 2841 124 2926 pletum
160 2842 305 2907 schisma
336 2841 446 2924 adest,
482 2845 616 2930 quaudo
649 2845 840 2909 obedientia
874 2845 1057 2930 denegatur
1086 2851 1128 2927 ei,

11 2959 99 3024 quem
123 2942 313 3005 Romanum
339 2941 534 3006 Pontificem
560 2964 674 3007 verum
699 2955 732 3006 et
754 2941 938 3026 legitimum
967 2965 1127 3010 essenon

12 3037 183 3104 dubitetur.
217 3037 278 3103 Illo
295 3051 405 3104 autem
430 3049 579 3126 tempore
603 3062 718 3104 omnes
741 3040 997 3121 conveniebant,
1023 3063 1125 3107 unum

11 3133 188 3202 &manum
207 3137 404 3201 Pontificem
428 3159 499 3201 esse
516 3136 626 3222 Caput
639 3136 811 3202 Ecclesiae
835 3149 867 3201 et
891 3137 1011 3203 Christi
1030 3140 1127 3205 Vica·

11 3235 99 3311 riom,
142 3237 239 3320 eique
275 3233 529 3300 submissionem
564 3234 693 3316 deberi,
734 3257 913 3322 omnesque
938 3248 1128 3323 separatos

11 3333 252 3414 profitebantur,
284 3343 320 3396 ut
343 3335 405 3418 ipsi
430 3355 501 3397 sese
526 3334 768 3399 submitterent.
815 3333 881 3399 Sed
906 3344 1125 3400 controverte-

11 3425 106 3506 batur,
142 3431 217 3517 quis
250 3453 291 3494 ex
317 3431 447 3496 duobus
471 3432 619 3496 tribusve
651 3432 923 3518 competitoribus
956 3445 1041 3498 esset
1070 3433 1125 3500 ille

11 3525 154 3592 Pontifex
168 3527 348 3611 legitimus,
373 3527 496 3616 aliique
514 3532 582 3610 uni,
607 3528 662 3594 alii
681 3552 759 3594 vero
775 3529 869 3594 elteri
885 3529 1124 3614 adhaerebant,

11 3623 46 3688 ita
68 3637 104 3689 ut
128 3626 216 3690 duae
241 3624 294 3689 vel
318 3639 384 3690 tres
408 3629 442 3691 in
466 3627 618 3692 Ecclesia
643 3639 753 3693 essent
777 3627 985 3694 obedientiae.
1017 3629 1124 3695 Simul

12 3725 95 3788 etiam
122 3727 237 3788 cuncti
262 3725 517 3807 conveniebant,
542 3725 807 3792 adlaborandum
832 3749 914 3808 esse,
940 3737 976 3791 ut
997 3726 1041 3791 ab
1057 3749 1123 3791 om-

12 3821 96 3886 nibus
127 3821 460 3887 unicum-Ecclesiae
485 3823 595 3909 Caput
624 3835 868 3909 agnosceretur,
902 3836 935 3887 et
958 3827 1124 3910 separatio
1173 3891 1179 3904 ‚

12 3915 55 3982 illu
71 3930 233 4002 cessarct3
258 3921 433 3985 continuos
457 3933 494 3985 ut
517 3944 555 3986 eo
579 3925 794 4007 pervenirent
809 3923 959 3987 lecerunt
973 3931 1121 4005 conatus,

12 4036 40 4077 uc
54 4017 190 4082 undem
207 4017 278 4082 Deo
297 4019 440 4104 juvante
464 4019 507 4084 ad
532 4031 652 4084 statum
677 4021 860 4085 normalem
879 4020 1119 4085 restituendum

12 4126 231 4198 pervenerunt.
278 4115 394 4202 Neque
418 4119 530 4182 unitas
551 4117 722 4182 Ecclesiae
747 4118 802 4183 ills
825 4121 983 4183 scissione
1007 4139 1122 4182 eversa

12 4223 56 4292 est,
79 4214 137 4278 sed
162 4225 291 4277 tentum
315 4213 527 4300 aliquatenus
544 4216 729 4281 obscurata.
777 4217 910 4282 Etenim
935 4217 1124 4302 complures
