<?xml version="1.0" encoding="UTF-8"?>
<!DOCTYPE html PUBLIC "-//W3C//DTD XHTML 1.0 Transitional//EN"
    "http://www.w3.org/TR/xhtml1/DTD/xhtml1-transitional.dtd">
<html xmlns="http://www.w3.org/1999/xhtml" xml:lang="en" lang="en">
 <head>
  <title>
</title>
<meta http-equiv="Content-Type" content="text/html;charset=utf-8" />
  <meta name='ocr-system' content='tesseract 3.04.00' />
  <meta name='ocr-capabilities' content='ocr_page ocr_carea ocr_par ocr_line ocrx_word'/>
</head>
<body>
  <div class='ocr_page' id='page_1' title='image "./dissertationess00junggoog_0891.png"; bbox 0 0 2902 4848; ppageno 0'>
   <div class='ocr_carea' id='block_1_1' title="bbox 314 445 1312 514">
    <p class='ocr_par' dir='ltr' id='par_1_1' title="bbox 314 445 1312 514">
     <span class='ocr_line' id='line_1_1' title="bbox 314 445 1312 514; baseline 0.002 -14"><span class='ocrx_word' id='word_1_1' title='bbox 314 445 369 500; x_wconf 82' lang='lat'><strong>358</strong></span> <span class='ocrx_word' id='word_1_2' title='bbox 440 446 552 500; x_wconf 81' lang='lat' dir='ltr'>XXXV.</span> <span class='ocrx_word' id='word_1_3' title='bbox 570 446 612 501; x_wconf 90' lang='lat' dir='ltr'><strong>De</strong></span> <span class='ocrx_word' id='word_1_4' title='bbox 631 445 731 502; x_wconf 82' lang='lat' dir='ltr'><strong>Concil.</strong></span> <span class='ocrx_word' id='word_1_5' title='bbox 751 446 901 501; x_wconf 86' lang='lat' dir='ltr'><strong>Basileensi</strong></span> <span class='ocrx_word' id='word_1_6' title='bbox 920 461 952 500; x_wconf 89' lang='lat' dir='ltr'><strong>ac</strong></span> <span class='ocrx_word' id='word_1_7' title='bbox 970 445 1002 500; x_wconf 87' lang='lat' dir='ltr'><strong>de</strong></span> <span class='ocrx_word' id='word_1_8' title='bbox 1021 446 1129 514; x_wconf 73' lang='lat' dir='ltr'><strong>synodo</strong></span> <span class='ocrx_word' id='word_1_9' title='bbox 1147 447 1312 502; x_wconf 76' lang='lat' dir='ltr'><strong>Florentius.</strong></span> 
     </span>
    </p>
   </div>
   <div class='ocr_carea' id='block_1_2' title="bbox 313 589 1427 2634">
    <p class='ocr_par' dir='ltr' id='par_1_2' title="bbox 313 589 1427 2634">
     <span class='ocr_line' id='line_1_2' title="bbox 315 589 1421 677; baseline 0 -25"><span class='ocrx_word' id='word_1_10' title='bbox 315 590 367 652; x_wconf 88' lang='lat' dir='ltr'><strong>Ac</strong></span> <span class='ocrx_word' id='word_1_11' title='bbox 404 591 587 676; x_wconf 81' lang='lat' dir='ltr'><strong>generatim</strong></span> <span class='ocrx_word' id='word_1_12' title='bbox 626 589 868 654; x_wconf 80' lang='lat' dir='ltr'><strong>reformationis</strong></span> <span class='ocrx_word' id='word_1_13' title='bbox 902 610 986 674; x_wconf 92' lang='lat' dir='ltr'><strong>opus</strong></span> <span class='ocrx_word' id='word_1_14' title='bbox 1022 592 1171 654; x_wconf 88' lang='lat' dir='ltr'><strong>maxime</strong></span> <span class='ocrx_word' id='word_1_15' title='bbox 1209 593 1243 655; x_wconf 93' lang='lat' dir='ltr'><strong>in</strong></span> <span class='ocrx_word' id='word_1_16' title='bbox 1274 589 1421 677; x_wconf 86' lang='lat' dir='ltr'><strong>ejusmodi</strong></span> 
     </span>
     <span class='ocr_line' id='line_1_3' title="bbox 315 686 1422 774; baseline -0.001 -23"><span class='ocrx_word' id='word_1_17' title='bbox 315 687 411 751; x_wconf 87' lang='lat' dir='ltr'><strong>Sedis</strong></span> <span class='ocrx_word' id='word_1_18' title='bbox 436 686 646 774; x_wconf 82' lang='lat' dir='ltr'><strong>Apostolieae</strong></span> <span class='ocrx_word' id='word_1_19' title='bbox 676 689 863 773; x_wconf 87' lang='lat' dir='ltr'><strong>privatione</strong></span> <span class='ocrx_word' id='word_1_20' title='bbox 887 689 1088 752; x_wconf 86' lang='lat' dir='ltr'><strong>constituere</strong></span> <span class='ocrx_word' id='word_1_21' title='bbox 1113 689 1326 770; x_wconf 85' lang='lat' dir='ltr'><strong>videbantur,</strong></span> <span class='ocrx_word' id='word_1_22' title='bbox 1356 689 1422 752; x_wconf 89' lang='lat' dir='ltr'><strong>dum</strong></span> 
     </span>
     <span class='ocr_line' id='line_1_4' title="bbox 315 785 1424 872; baseline -0.003 -23"><span class='ocrx_word' id='word_1_23' title='bbox 315 785 420 850; x_wconf 86' lang='lat' dir='ltr'><strong>multa</strong></span> <span class='ocrx_word' id='word_1_24' title='bbox 451 787 560 872; x_wconf 90' lang='lat' dir='ltr'><strong>quoad</strong></span> <span class='ocrx_word' id='word_1_25' title='bbox 592 785 717 850; x_wconf 87' lang='lat' dir='ltr'><strong>clerum</strong></span> <span class='ocrx_word' id='word_1_26' title='bbox 741 786 953 850; x_wconf 86' lang='lat' dir='ltr'><strong>reformanda</strong></span> <span class='ocrx_word' id='word_1_27' title='bbox 978 785 1194 872; x_wconf 88' lang='lat' dir='ltr'><strong>reliquerunt.</strong></span> <span class='ocrx_word' id='word_1_28' title='bbox 1245 785 1424 872; x_wconf 81' lang='lat' dir='ltr'><strong>„Quidquid</strong></span> 
     </span>
     <span class='ocr_line' id='line_1_5' title="bbox 314 883 1427 970; baseline -0.004 -22"><span class='ocrx_word' id='word_1_29' title='bbox 314 883 528 970; x_wconf 84' lang='lat' dir='ltr'><strong>Apostolioae</strong></span> <span class='ocrx_word' id='word_1_30' title='bbox 559 883 637 950; x_wconf 92' lang='lat' dir='ltr'><strong>Sedi</strong></span> <span class='ocrx_word' id='word_1_31' title='bbox 669 887 827 948; x_wconf 89' lang='lat' dir='ltr'><strong>nocivum</strong></span> <span class='ocrx_word' id='word_1_32' title='bbox 858 883 1046 964; x_wconf 82' lang='lat' dir='ltr'><strong>videbatur,</strong></span> <span class='ocrx_word' id='word_1_33' title='bbox 1076 887 1125 949; x_wconf 90' lang='lat' dir='ltr'><strong>ait</strong></span> <span class='ocrx_word' id='word_1_34' title='bbox 1149 886 1284 952; x_wconf 78' lang='lat' dir='ltr'><strong>Aeneas</strong></span> <span class='ocrx_word' id='word_1_35' title='bbox 1306 885 1427 970; x_wconf 76' lang='lat' dir='ltr'><strong>Sylvius</strong></span> 
     </span>
     <span class='ocr_line' id='line_1_6' title="bbox 313 980 1424 1070; baseline -0.004 -24"><span class='ocrx_word' id='word_1_36' title='bbox 313 981 336 1047; x_wconf 93' lang='lat' dir='ltr'><strong>l.</strong></span> <span class='ocrx_word' id='word_1_37' title='bbox 361 1005 400 1063; x_wconf 82' lang='lat' dir='ltr'><strong>c,</strong></span> <span class='ocrx_word' id='word_1_38' title='bbox 431 981 529 1046; x_wconf 86' lang='lat' dir='ltr'><strong>facile</strong></span> <span class='ocrx_word' id='word_1_39' title='bbox 553 983 730 1068; x_wconf 86' lang='lat' dir='ltr'><strong>impetratu</strong></span> <span class='ocrx_word' id='word_1_40' title='bbox 754 983 835 1046; x_wconf 87' lang='lat' dir='ltr'><strong>fuit:</strong></span> <span class='ocrx_word' id='word_1_41' title='bbox 868 981 1030 1047; x_wconf 87' lang='lat' dir='ltr'><strong>adversus</strong></span> <span class='ocrx_word' id='word_1_42' title='bbox 1053 981 1135 1046; x_wconf 92' lang='lat' dir='ltr'><strong>alios</strong></span> <span class='ocrx_word' id='word_1_43' title='bbox 1159 986 1335 1070; x_wconf 83' lang='lat' dir='ltr'><strong>episcopos</strong></span> <span class='ocrx_word' id='word_1_44' title='bbox 1357 980 1424 1047; x_wconf 89' lang='lat' dir='ltr'><strong>nihil</strong></span> 
     </span>
     <span class='ocr_line' id='line_1_7' title="bbox 315 1079 1427 1167; baseline -0.004 -22"><span class='ocrx_word' id='word_1_45' title='bbox 315 1083 472 1146; x_wconf 90' lang='lat' dir='ltr'><strong>intentari</strong></span> <span class='ocrx_word' id='word_1_46' title='bbox 509 1082 626 1167; x_wconf 88' lang='lat' dir='ltr'><strong>potuit.</strong></span> <span class='ocrx_word' id='word_1_47' title='bbox 680 1079 858 1144; x_wconf 88' lang='lat' dir='ltr'><strong>Pluralitus</strong></span> <span class='ocrx_word' id='word_1_48' title='bbox 904 1080 1158 1160; x_wconf 89' lang='lat' dir='ltr'><strong>beneficiorum,</strong></span> <span class='ocrx_word' id='word_1_49' title='bbox 1202 1085 1284 1167; x_wconf 83' lang='lat' dir='ltr'><strong>quia</strong></span> <span class='ocrx_word' id='word_1_50' title='bbox 1323 1081 1427 1146; x_wconf 85' lang='lat' dir='ltr'><strong>multos</strong></span> 
     </span>
     <span class='ocr_line' id='line_1_8' title="bbox 313 1177 1426 1268; baseline 0.001 -27"><span class='ocrx_word' id='word_1_51' title='bbox 313 1177 482 1262; x_wconf 87' lang='lat' dir='ltr'><strong>tangebat,</strong></span> <span class='ocrx_word' id='word_1_52' title='bbox 507 1177 676 1264; x_wconf 83' lang='lat' dir='ltr'><strong>prohiberi</strong></span> <span class='ocrx_word' id='word_1_53' title='bbox 700 1199 872 1263; x_wconf 85' lang='lat' dir='ltr'><strong>uunquam</strong></span> <span class='ocrx_word' id='word_1_54' title='bbox 897 1179 1014 1262; x_wconf 92' lang='lat' dir='ltr'><strong>potuit.</strong></span> <span class='ocrx_word' id='word_1_55' title='bbox 1063 1177 1209 1242; x_wconf 78' lang='lat' dir='ltr'><strong>Habitus</strong></span> <span class='ocrx_word' id='word_1_56' title='bbox 1232 1179 1426 1268; x_wconf 78' lang='lat' dir='ltr'><strong>episcopaba</strong></span> 
     </span>
     <span class='ocr_line' id='line_1_9' title="bbox 314 1275 1426 1362; baseline -0.001 -23"><span class='ocrx_word' id='word_1_57' title='bbox 314 1277 372 1362; x_wconf 91' lang='lat' dir='ltr'><strong>qui</strong></span> <span class='ocrx_word' id='word_1_58' title='bbox 402 1277 493 1362; x_wconf 91' lang='lat' dir='ltr'><strong>apud</strong></span> <span class='ocrx_word' id='word_1_59' title='bbox 519 1276 723 1341; x_wconf 84' lang='lat' dir='ltr'><strong>Alamannos</strong></span> <span class='ocrx_word' id='word_1_60' title='bbox 753 1275 929 1340; x_wconf 84' lang='lat' dir='ltr'><strong>leviusculi</strong></span> <span class='ocrx_word' id='word_1_61' title='bbox 963 1285 1058 1353; x_wconf 86' lang='lat' dir='ltr'><strong>sunt,</strong></span> <span class='ocrx_word' id='word_1_62' title='bbox 1090 1275 1273 1342; x_wconf 86' lang='lat' dir='ltr'><strong>reformare</strong></span> <span class='ocrx_word' id='word_1_63' title='bbox 1296 1301 1362 1342; x_wconf 92' lang='lat' dir='ltr'><strong>non</strong></span> <span class='ocrx_word' id='word_1_64' title='bbox 1384 1299 1426 1338; x_wconf 78' lang='lat' dir='ltr'><strong>va·</strong></span> 
     </span>
     <span class='ocr_line' id='line_1_10' title="bbox 313 1372 1426 1458; baseline -0.004 -20"><span class='ocrx_word' id='word_1_65' title='bbox 313 1375 456 1456; x_wconf 89' lang='lat' dir='ltr'><strong>luerunt,</strong></span> <span class='ocrx_word' id='word_1_66' title='bbox 488 1397 549 1438; x_wconf 88' lang='lat' dir='ltr'><strong>nec</strong></span> <span class='ocrx_word' id='word_1_67' title='bbox 573 1395 666 1438; x_wconf 86' lang='lat' dir='ltr'><strong>arma</strong></span> <span class='ocrx_word' id='word_1_68' title='bbox 689 1372 858 1458; x_wconf 90' lang='lat' dir='ltr'><strong>prohibita</strong></span> <span class='ocrx_word' id='word_1_69' title='bbox 881 1373 1121 1454; x_wconf 85' lang='lat' dir='ltr'><strong>sacerdotibus,</strong></span> <span class='ocrx_word' id='word_1_70' title='bbox 1155 1395 1218 1438; x_wconf 89' lang='lat' dir='ltr'><strong>nec</strong></span> <span class='ocrx_word' id='word_1_71' title='bbox 1246 1377 1426 1440; x_wconf 82' lang='lat' dir='ltr'><strong>venationes</strong></span> 
     </span>
     <span class='ocr_line' id='line_1_11' title="bbox 315 1469 1426 1560; baseline -0.005 -25"><span class='ocrx_word' id='word_1_72' title='bbox 315 1483 373 1536; x_wconf 88' lang='lat' dir='ltr'><strong>aut</strong></span> <span class='ocrx_word' id='word_1_73' title='bbox 396 1473 652 1557; x_wconf 88' lang='lat' dir='ltr'><strong>aucupationes;</strong></span> <span class='ocrx_word' id='word_1_74' title='bbox 692 1493 758 1536; x_wconf 92' lang='lat' dir='ltr'><strong>non</strong></span> <span class='ocrx_word' id='word_1_75' title='bbox 793 1472 898 1535; x_wconf 87' lang='lat' dir='ltr'><strong>fastus</strong></span> <span class='ocrx_word' id='word_1_76' title='bbox 932 1471 1056 1534; x_wconf 89' lang='lat' dir='ltr'><strong>nimius</strong></span> <span class='ocrx_word' id='word_1_77' title='bbox 1086 1469 1247 1553; x_wconf 84' lang='lat' dir='ltr'><strong>sublatus,</strong></span> <span class='ocrx_word' id='word_1_78' title='bbox 1286 1473 1426 1560; x_wconf 79' lang='lat' dir='ltr'><strong>quamvis</strong></span> 
     </span>
     <span class='ocr_line' id='line_1_12' title="bbox 314 1567 1424 1656; baseline -0.006 -21"><span class='ocrx_word' id='word_1_79' title='bbox 314 1569 471 1635; x_wconf 78' lang='lat' dir='ltr'><strong>Julianus</strong></span> <span class='ocrx_word' id='word_1_80' title='bbox 494 1592 595 1634; x_wconf 87' lang='lat' dir='ltr'><strong>aurea</strong></span> <span class='ocrx_word' id='word_1_81' title='bbox 619 1567 718 1633; x_wconf 89' lang='lat' dir='ltr'><strong>mulis</strong></span> <span class='ocrx_word' id='word_1_82' title='bbox 734 1569 850 1633; x_wconf 86' lang='lat' dir='ltr'><strong>fraena</strong></span> <span class='ocrx_word' id='word_1_83' title='bbox 866 1567 1070 1632; x_wconf 77' lang='lat' dir='ltr'><strong>subtraxerit</strong></span> <span class='ocrx_word' id='word_1_84' title='bbox 1084 1567 1157 1653; x_wconf 87' lang='lat' dir='ltr'><strong>lege</strong></span> <span class='ocrx_word' id='word_1_85' title='bbox 1172 1569 1334 1651; x_wconf 86' lang='lat' dir='ltr'><strong>manuali,</strong></span> <span class='ocrx_word' id='word_1_86' title='bbox 1358 1587 1424 1656; x_wconf 75' lang='lat' dir='ltr'><strong>quae</strong></span> 
     </span>
     <span class='ocr_line' id='line_1_13' title="bbox 315 1665 1423 1754; baseline -0.005 -22"><span class='ocrx_word' id='word_1_87' title='bbox 315 1671 432 1754; x_wconf 86' lang='lat' dir='ltr'><strong>paucis</strong></span> <span class='ocrx_word' id='word_1_88' title='bbox 447 1666 617 1732; x_wconf 88' lang='lat' dir='ltr'><strong>mensibus</strong></span> <span class='ocrx_word' id='word_1_89' title='bbox 633 1665 777 1733; x_wconf 87' lang='lat' dir='ltr'><strong>duravit.</strong></span> <span class='ocrx_word' id='word_1_90' title='bbox 801 1667 877 1730; x_wconf 90' lang='lat' dir='ltr'><strong>Non</strong></span> <span class='ocrx_word' id='word_1_91' title='bbox 894 1665 1063 1752; x_wconf 87' lang='lat' dir='ltr'><strong>prohibita</strong></span> <span class='ocrx_word' id='word_1_92' title='bbox 1075 1678 1269 1752; x_wconf 89' lang='lat' dir='ltr'><strong>sumptuosa</strong></span> <span class='ocrx_word' id='word_1_93' title='bbox 1288 1668 1423 1753; x_wconf 81' lang='lat' dir='ltr'><strong>prandia.</strong></span> 
     </span>
     <span class='ocr_line' id='line_1_14' title="bbox 316 1763 1424 1850; baseline -0.004 -20"><span class='ocrx_word' id='word_1_94' title='bbox 316 1785 382 1830; x_wconf 91' lang='lat' dir='ltr'><strong>non</strong></span> <span class='ocrx_word' id='word_1_95' title='bbox 406 1763 585 1830; x_wconf 83' lang='lat' dir='ltr'><strong>famulatus</strong></span> <span class='ocrx_word' id='word_1_96' title='bbox 608 1764 745 1846; x_wconf 84' lang='lat' dir='ltr'><strong>laicalis,</strong></span> <span class='ocrx_word' id='word_1_97' title='bbox 771 1785 836 1828; x_wconf 93' lang='lat' dir='ltr'><strong>non</strong></span> <span class='ocrx_word' id='word_1_98' title='bbox 861 1765 1057 1850; x_wconf 87' lang='lat' dir='ltr'><strong>pecuniaria</strong></span> <span class='ocrx_word' id='word_1_99' title='bbox 1075 1765 1216 1850; x_wconf 87' lang='lat' dir='ltr'><strong>judicia,</strong></span> <span class='ocrx_word' id='word_1_100' title='bbox 1240 1785 1310 1829; x_wconf 90' lang='lat' dir='ltr'><strong>non</strong></span> <span class='ocrx_word' id='word_1_101' title='bbox 1336 1764 1424 1828; x_wconf 89' lang='lat' dir='ltr'><strong>multi·</strong></span> 
     </span>
     <span class='ocr_line' id='line_1_15' title="bbox 315 1859 1425 1946; baseline -0.003 -19"><span class='ocrx_word' id='word_1_102' title='bbox 315 1863 395 1928; x_wconf 91' lang='lat' dir='ltr'><strong>tudo</strong></span> <span class='ocrx_word' id='word_1_103' title='bbox 433 1864 657 1946; x_wconf 86' lang='lat' dir='ltr'><strong>ignorantium</strong></span> <span class='ocrx_word' id='word_1_104' title='bbox 697 1861 917 1927; x_wconf 85' lang='lat' dir='ltr'><strong>sacerdotum.</strong></span> <span class='ocrx_word' id='word_1_105' title='bbox 979 1859 1057 1926; x_wconf 80' lang='lat' dir='ltr'><strong>Sola</strong></span> <span class='ocrx_word' id='word_1_106' title='bbox 1091 1862 1282 1928; x_wconf 85' lang='lat' dir='ltr'><strong>reformatio</strong></span> <span class='ocrx_word' id='word_1_107' title='bbox 1328 1875 1425 1928; x_wconf 83' lang='lat' dir='ltr'><strong>sancta</strong></span> 
     </span>
     <span class='ocr_line' id='line_1_16' title="bbox 316 1957 1423 2046; baseline -0.004 -22"><span class='ocrx_word' id='word_1_108' title='bbox 316 1959 503 2040; x_wconf 89' lang='lat' dir='ltr'><strong>videbatur,</strong></span> <span class='ocrx_word' id='word_1_109' title='bbox 517 1962 543 2025; x_wconf 88' lang='lat' dir='ltr'><strong>si</strong></span> <span class='ocrx_word' id='word_1_110' title='bbox 558 1960 661 2025; x_wconf 85' lang='lat' dir='ltr'><strong>Sedes</strong></span> <span class='ocrx_word' id='word_1_111' title='bbox 676 1957 869 2046; x_wconf 87' lang='lat' dir='ltr'><strong>Apostolica</strong></span> <span class='ocrx_word' id='word_1_112' title='bbox 884 1959 974 2023; x_wconf 88' lang='lat' dir='ltr'><strong>nuda</strong></span> <span class='ocrx_word' id='word_1_113' title='bbox 986 1959 1293 2045; x_wconf 83' lang='lat' dir='ltr'><strong>relinqueretur“.¹)</strong></span> <span class='ocrx_word' id='word_1_114' title='bbox 1319 1961 1423 2044; x_wconf 80' lang='lat' dir='ltr'><strong>Magno</strong></span> 
     </span>
     <span class='ocr_line' id='line_1_17' title="bbox 314 2057 1422 2146; baseline -0.003 -23"><span class='ocrx_word' id='word_1_115' title='bbox 314 2069 425 2123; x_wconf 90' lang='lat' dir='ltr'><strong>autem</strong></span> <span class='ocrx_word' id='word_1_116' title='bbox 450 2080 599 2138; x_wconf 89' lang='lat' dir='ltr'><strong>numero,</strong></span> <span class='ocrx_word' id='word_1_117' title='bbox 639 2059 687 2122; x_wconf 92' lang='lat' dir='ltr'><strong>uti</strong></span> <span class='ocrx_word' id='word_1_118' title='bbox 722 2059 794 2144; x_wconf 92' lang='lat' dir='ltr'><strong>jam</strong></span> <span class='ocrx_word' id='word_1_119' title='bbox 832 2057 990 2140; x_wconf 81' lang='lat' dir='ltr'><strong>diximus,</strong></span> <span class='ocrx_word' id='word_1_120' title='bbox 1030 2079 1132 2143; x_wconf 88' lang='lat' dir='ltr'><strong>quum</strong></span> <span class='ocrx_word' id='word_1_121' title='bbox 1166 2059 1307 2144; x_wconf 88' lang='lat' dir='ltr'><strong>praelati</strong></span> <span class='ocrx_word' id='word_1_122' title='bbox 1344 2059 1422 2146; x_wconf 77' lang='lat' dir='ltr'><strong>pauci</strong></span> 
     </span>
     <span class='ocr_line' id='line_1_18' title="bbox 314 2153 1423 2242; baseline -0.004 -21"><span class='ocrx_word' id='word_1_123' title='bbox 314 2167 434 2238; x_wconf 83' lang='lat' dir='ltr'><strong>essent,</strong></span> <span class='ocrx_word' id='word_1_124' title='bbox 459 2167 685 2221; x_wconf 80' lang='lat' dir='ltr'><strong>convenerant</strong></span> <span class='ocrx_word' id='word_1_125' title='bbox 707 2155 856 2241; x_wconf 91' lang='lat' dir='ltr'><strong>undique</strong></span> <span class='ocrx_word' id='word_1_126' title='bbox 880 2153 990 2219; x_wconf 90' lang='lat' dir='ltr'><strong>clerici</strong></span> <span class='ocrx_word' id='word_1_127' title='bbox 1016 2155 1153 2220; x_wconf 88' lang='lat' dir='ltr'><strong>secundi</strong></span> <span class='ocrx_word' id='word_1_128' title='bbox 1178 2157 1318 2235; x_wconf 81' lang='lat' dir='ltr'><strong>ordinis,</strong></span> <span class='ocrx_word' id='word_1_129' title='bbox 1342 2171 1423 2242; x_wconf 70' lang='lat' dir='ltr'><strong>atque</strong></span> 
     </span>
     <span class='ocr_line' id='line_1_19' title="bbox 317 2253 1425 2340; baseline -0.002 -20"><span class='ocrx_word' id='word_1_130' title='bbox 317 2258 386 2340; x_wconf 80' lang='lat' dir='ltr'><strong>„sio</strong></span> <span class='ocrx_word' id='word_1_131' title='bbox 409 2255 506 2320; x_wconf 88' lang='lat' dir='ltr'><strong>turba</strong></span> <span class='ocrx_word' id='word_1_132' title='bbox 531 2253 717 2320; x_wconf 87' lang='lat' dir='ltr'><strong>inconsulta</strong></span> <span class='ocrx_word' id='word_1_133' title='bbox 741 2254 945 2339; x_wconf 88' lang='lat' dir='ltr'><strong>confusaque</strong></span> <span class='ocrx_word' id='word_1_134' title='bbox 968 2253 1058 2317; x_wconf 87' lang='lat' dir='ltr'><strong>facta</strong></span> <span class='ocrx_word' id='word_1_135' title='bbox 1082 2263 1147 2334; x_wconf 83' lang='lat' dir='ltr'><strong>est,</strong></span> <span class='ocrx_word' id='word_1_136' title='bbox 1179 2275 1254 2318; x_wconf 86' lang='lat' dir='ltr'><strong>curn</strong></span> <span class='ocrx_word' id='word_1_137' title='bbox 1282 2255 1370 2320; x_wconf 88' lang='lat' dir='ltr'><strong>docti</strong></span> <span class='ocrx_word' id='word_1_138' title='bbox 1392 2266 1425 2318; x_wconf 86' lang='lat' dir='ltr'><strong>at·</strong></span> 
     </span>
     <span class='ocr_line' id='line_1_20' title="bbox 315 2351 1426 2440; baseline -0.002 -22"><span class='ocrx_word' id='word_1_139' title='bbox 315 2375 380 2440; x_wconf 86' lang='lat' dir='ltr'><strong>que</strong></span> <span class='ocrx_word' id='word_1_140' title='bbox 419 2353 544 2418; x_wconf 87' lang='lat' dir='ltr'><strong>indocti</strong></span> <span class='ocrx_word' id='word_1_141' title='bbox 583 2354 706 2439; x_wconf 87' lang='lat' dir='ltr'><strong>passim</strong></span> <span class='ocrx_word' id='word_1_142' title='bbox 747 2351 1018 2424; x_wconf 85' lang='lat' dir='ltr'><strong>admitterentur,</strong></span> <span class='ocrx_word' id='word_1_143' title='bbox 1063 2362 1222 2438; x_wconf 76' lang='lat' dir='ltr'><strong>tuumque</strong></span> <span class='ocrx_word' id='word_1_144' title='bbox 1262 2353 1426 2418; x_wconf 82' lang='lat' dir='ltr'><strong>multitudo</strong></span> 
     </span>
     <span class='ocr_line' id='line_1_21' title="bbox 315 2447 1426 2538; baseline 0 -23"><span class='ocrx_word' id='word_1_145' title='bbox 315 2451 466 2538; x_wconf 90' lang='lat' dir='ltr'><strong>plebeiae</strong></span> <span class='ocrx_word' id='word_1_146' title='bbox 504 2451 607 2514; x_wconf 87' lang='lat' dir='ltr'><strong>faecis</strong></span> <span class='ocrx_word' id='word_1_147' title='bbox 640 2448 793 2535; x_wconf 88' lang='lat' dir='ltr'><strong>implevit</strong></span> <span class='ocrx_word' id='word_1_148' title='bbox 824 2447 1014 2532; x_wconf 86' lang='lat' dir='ltr'><strong>Synodum‚</strong></span> <span class='ocrx_word' id='word_1_149' title='bbox 1051 2461 1088 2512; x_wconf 91' lang='lat' dir='ltr'><strong>ut</strong></span> <span class='ocrx_word' id='word_1_150' title='bbox 1122 2448 1214 2514; x_wconf 92' lang='lat' dir='ltr'><strong>nulla</strong></span> <span class='ocrx_word' id='word_1_151' title='bbox 1245 2473 1314 2515; x_wconf 87' lang='lat' dir='ltr'><strong>vox</strong></span> <span class='ocrx_word' id='word_1_152' title='bbox 1346 2471 1426 2515; x_wconf 70' lang='lat' dir='ltr'><strong>esset</strong></span> 
     </span>
     <span class='ocr_line' id='line_1_22' title="bbox 315 2548 926 2634; baseline -0.008 -20"><span class='ocrx_word' id='word_1_153' title='bbox 315 2548 472 2634; x_wconf 87' lang='lat' dir='ltr'><strong>nulleque</strong></span> <span class='ocrx_word' id='word_1_154' title='bbox 497 2559 640 2634; x_wconf 89' lang='lat' dir='ltr'><strong>potestas</strong></span> <span class='ocrx_word' id='word_1_155' title='bbox 664 2549 926 2633; x_wconf 84' lang='lat' dir='ltr'><strong>episcoporum.“</strong></span> 
     </span>
    </p>
   </div>
   <div class='ocr_carea' id='block_1_3' title="bbox 218 2653 1448 3915">
    <p class='ocr_par' dir='ltr' id='par_1_3' title="bbox 218 2653 1448 3915">
     <span class='ocr_line' id='line_1_23' title="bbox 218 2653 1448 2744; baseline -0.001 -25"><span class='ocrx_word' id='word_1_156' title='bbox 218 2680 250 2744; x_wconf 33' lang='lat' dir='ltr'><strong>&#39;r</strong></span> <span class='ocrx_word' id='word_1_157' title='bbox 278 2680 291 2708; x_wconf 71' lang='grc' dir='ltr'><strong>ο</strong></span> <span class='ocrx_word' id='word_1_158' title='bbox 407 2657 457 2722; x_wconf 84' lang='grc'><strong>19.</strong></span> <span class='ocrx_word' id='word_1_159' title='bbox 497 2655 629 2720; x_wconf 80' lang='lat' dir='ltr'><strong>Interea</strong></span> <span class='ocrx_word' id='word_1_160' title='bbox 660 2667 728 2719; x_wconf 87' lang='lat' dir='ltr'><strong>turn</strong></span> <span class='ocrx_word' id='word_1_161' title='bbox 754 2655 927 2738; x_wconf 82' lang='lat' dir='ltr'><strong>Eugenius</strong></span> <span class='ocrx_word' id='word_1_162' title='bbox 949 2653 1001 2717; x_wconf 94' lang='lat' dir='ltr'><strong>IV</strong></span> <span class='ocrx_word' id='word_1_163' title='bbox 1037 2665 1105 2718; x_wconf 87' lang='lat' dir='ltr'><strong>turn</strong></span> <span class='ocrx_word' id='word_1_164' title='bbox 1130 2653 1342 2720; x_wconf 80' lang='lat' dir='ltr'><strong>Basileanaes</strong></span> <span class='ocrx_word' id='word_1_165' title='bbox 1363 2669 1448 2720; x_wconf 55' lang='lat' dir='ltr'><strong>etanl</strong></span> 
     </span>
     <span class='ocr_line' id='line_1_24' title="bbox 219 2750 1424 2838; baseline -0.003 -18"><span class='ocrx_word' id='word_1_166' title='bbox 219 2806 296 2834; x_wconf 61' lang='lat' dir='ltr'><strong>mm,</strong></span> <span class='ocrx_word' id='word_1_167' title='bbox 315 2753 454 2820; x_wconf 84' lang='lat' dir='ltr'><strong>Graecis</strong></span> <span class='ocrx_word' id='word_1_168' title='bbox 478 2764 618 2838; x_wconf 90' lang='lat' dir='ltr'><strong>egerunt</strong></span> <span class='ocrx_word' id='word_1_169' title='bbox 641 2754 682 2818; x_wconf 91' lang='lat' dir='ltr'><strong>de</strong></span> <span class='ocrx_word' id='word_1_170' title='bbox 706 2751 906 2827; x_wconf 79' lang='lat' dir='ltr'><strong>celebrando</strong></span> <span class='ocrx_word' id='word_1_171' title='bbox 920 2750 1070 2817; x_wconf 88' lang='lat' dir='ltr'><strong>Concilio</strong></span> <span class='ocrx_word' id='word_1_172' title='bbox 1094 2751 1312 2818; x_wconf 76' lang='lat' dir='ltr'><strong>adunionem</strong></span> <span class='ocrx_word' id='word_1_173' title='bbox 1330 2753 1424 2818; x_wconf 72' lang='lat' dir='ltr'><strong>Eccle-</strong></span> 
     </span>
     <span class='ocr_line' id='line_1_25' title="bbox 314 2849 1424 2937; baseline -0.004 -21"><span class='ocrx_word' id='word_1_174' title='bbox 314 2853 383 2916; x_wconf 89' lang='lat' dir='ltr'><strong>siae</strong></span> <span class='ocrx_word' id='word_1_175' title='bbox 407 2849 575 2916; x_wconf 90' lang='lat' dir='ltr'><strong>orientalis</strong></span> <span class='ocrx_word' id='word_1_176' title='bbox 606 2849 860 2937; x_wconf 81' lang='lat' dir='ltr'><strong>procurandam.</strong></span> <span class='ocrx_word' id='word_1_177' title='bbox 909 2849 1061 2933; x_wconf 82' lang='lat' dir='ltr'><strong>Eugeuio</strong></span> <span class='ocrx_word' id='word_1_178' title='bbox 1090 2849 1186 2914; x_wconf 88' lang='lat' dir='ltr'><strong>initio</strong></span> <span class='ocrx_word' id='word_1_179' title='bbox 1211 2851 1303 2916; x_wconf 90' lang='lat' dir='ltr'><strong>haud</strong></span> <span class='ocrx_word' id='word_1_180' title='bbox 1329 2854 1424 2916; x_wconf 71' lang='lat' dir='ltr'><strong>imna-</strong></span> 
     </span>
     <span class='ocr_line' id='line_1_26' title="bbox 314 2948 1422 3033; baseline -0.003 -18"><span class='ocrx_word' id='word_1_181' title='bbox 314 2953 377 3016; x_wconf 91' lang='lat' dir='ltr'><strong>rito</strong></span> <span class='ocrx_word' id='word_1_182' title='bbox 401 2951 511 3014; x_wconf 86' lang='lat' dir='ltr'><strong>visum</strong></span> <span class='ocrx_word' id='word_1_183' title='bbox 535 2958 593 3030; x_wconf 90' lang='lat' dir='ltr'><strong>est,</strong></span> <span class='ocrx_word' id='word_1_184' title='bbox 619 2948 764 3013; x_wconf 88' lang='lat' dir='ltr'><strong>medium</strong></span> <span class='ocrx_word' id='word_1_185' title='bbox 791 2949 938 3012; x_wconf 89' lang='lat' dir='ltr'><strong>maxime</strong></span> <span class='ocrx_word' id='word_1_186' title='bbox 962 2957 1183 3033; x_wconf 84' lang='lat' dir='ltr'><strong>opportunum</strong></span> <span class='ocrx_word' id='word_1_187' title='bbox 1209 2971 1281 3013; x_wconf 87' lang='lat' dir='ltr'><strong>esse</strong></span> <span class='ocrx_word' id='word_1_188' title='bbox 1298 2951 1422 3014; x_wconf 83' lang='lat' dir='ltr'><strong>celebra·</strong></span> 
     </span>
     <span class='ocr_line' id='line_1_27' title="bbox 315 3043 1424 3127; baseline -0.005 -15"><span class='ocrx_word' id='word_1_189' title='bbox 315 3049 438 3112; x_wconf 90' lang='lat' dir='ltr'><strong>tionem</strong></span> <span class='ocrx_word' id='word_1_190' title='bbox 465 3046 604 3112; x_wconf 78' lang='lat' dir='ltr'><strong>Consilii</strong></span> <span class='ocrx_word' id='word_1_191' title='bbox 631 3049 664 3111; x_wconf 93' lang='lat' dir='ltr'><strong>in</strong></span> <span class='ocrx_word' id='word_1_192' title='bbox 689 3047 824 3110; x_wconf 86' lang='lat' dir='ltr'><strong>civitate</strong></span> <span class='ocrx_word' id='word_1_193' title='bbox 842 3043 994 3127; x_wconf 83' lang='lat' dir='ltr'><strong>CPtana3</strong></span> <span class='ocrx_word' id='word_1_194' title='bbox 1019 3045 1097 3109; x_wconf 88' lang='lat' dir='ltr'><strong>dein</strong></span> <span class='ocrx_word' id='word_1_195' title='bbox 1121 3048 1221 3111; x_wconf 77' lang='lat' dir='ltr'><strong>cessit</strong></span> <span class='ocrx_word' id='word_1_196' title='bbox 1243 3047 1424 3112; x_wconf 70' lang='lat' dir='ltr'><strong>Basileensr-</strong></span> 
     </span>
     <span class='ocr_line' id='line_1_28' title="bbox 314 3141 1426 3229; baseline -0.004 -19"><span class='ocrx_word' id='word_1_197' title='bbox 314 3145 387 3229; x_wconf 88' lang='lat' dir='ltr'><strong>bus,</strong></span> <span class='ocrx_word' id='word_1_198' title='bbox 420 3155 455 3209; x_wconf 91' lang='lat' dir='ltr'><strong>ut</strong></span> <span class='ocrx_word' id='word_1_199' title='bbox 478 3147 512 3209; x_wconf 89' lang='lat' dir='ltr'><strong>in</strong></span> <span class='ocrx_word' id='word_1_200' title='bbox 537 3144 720 3211; x_wconf 82' lang='lat' dir='ltr'><strong>Occidente</strong></span> <span class='ocrx_word' id='word_1_201' title='bbox 746 3141 932 3209; x_wconf 85' lang='lat' dir='ltr'><strong>Concilium</strong></span> <span class='ocrx_word' id='word_1_202' title='bbox 963 3141 1151 3223; x_wconf 85' lang='lat' dir='ltr'><strong>haberetur,</strong></span> <span class='ocrx_word' id='word_1_203' title='bbox 1184 3144 1242 3208; x_wconf 89' lang='lat' dir='ltr'><strong>sed</strong></span> <span class='ocrx_word' id='word_1_204' title='bbox 1277 3145 1312 3209; x_wconf 88' lang='lat' dir='ltr'><strong>hi</strong></span> <span class='ocrx_word' id='word_1_205' title='bbox 1337 3167 1426 3210; x_wconf 82' lang='lat' dir='ltr'><strong>nora-</strong></span> 
     </span>
     <span class='ocr_line' id='line_1_29' title="bbox 314 3239 1447 3329; baseline -0.004 -20"><span class='ocrx_word' id='word_1_206' title='bbox 314 3267 445 3329; x_wconf 83' lang='lat' dir='ltr'><strong>aemper</strong></span> <span class='ocrx_word' id='word_1_207' title='bbox 491 3239 645 3307; x_wconf 87' lang='lat' dir='ltr'><strong>Pontifici</strong></span> <span class='ocrx_word' id='word_1_208' title='bbox 693 3253 847 3306; x_wconf 87' lang='lat' dir='ltr'><strong>crearunt</strong></span> <span class='ocrx_word' id='word_1_209' title='bbox 893 3241 1106 3306; x_wconf 85' lang='lat' dir='ltr'><strong>difficultates</strong></span> <span class='ocrx_word' id='word_1_210' title='bbox 1153 3251 1185 3304; x_wconf 91' lang='lat' dir='ltr'><strong>et</strong></span> <span class='ocrx_word' id='word_1_211' title='bbox 1232 3246 1447 3308; x_wconf 69' lang='lat' dir='ltr'><strong>vendonsa</strong></span> 
     </span>
     <span class='ocr_line' id='line_1_30' title="bbox 314 3337 1426 3426; baseline -0.006 -19"><span class='ocrx_word' id='word_1_212' title='bbox 314 3341 517 3422; x_wconf 75' lang='lat' dir='ltr'><strong>statuerunt,</strong></span> <span class='ocrx_word' id='word_1_213' title='bbox 542 3341 585 3404; x_wconf 89' lang='lat' dir='ltr'><strong>ad</strong></span> <span class='ocrx_word' id='word_1_214' title='bbox 610 3339 759 3405; x_wconf 86' lang='lat' dir='ltr'><strong>subsidia</strong></span> <span class='ocrx_word' id='word_1_215' title='bbox 783 3361 842 3426; x_wconf 89' lang='lat' dir='ltr'><strong>pro</strong></span> <span class='ocrx_word' id='word_1_216' title='bbox 861 3337 1009 3405; x_wconf 89' lang='lat' dir='ltr'><strong>Concilio</strong></span> <span class='ocrx_word' id='word_1_217' title='bbox 1034 3339 1232 3404; x_wconf 89' lang='lat' dir='ltr'><strong>celebrando</strong></span> <span class='ocrx_word' id='word_1_218' title='bbox 1257 3340 1426 3405; x_wconf 83' lang='lat' dir='ltr'><strong>obtinenda</strong></span> 
     </span>
     <span class='ocr_line' id='line_1_31' title="bbox 313 3435 1425 3526; baseline -0.004 -22"><span class='ocrx_word' id='word_1_219' title='bbox 313 3450 352 3504; x_wconf 91' lang='lat' dir='ltr'><strong>ut</strong></span> <span class='ocrx_word' id='word_1_220' title='bbox 375 3437 498 3524; x_wconf 89' lang='lat' dir='ltr'><strong>ubique</strong></span> <span class='ocrx_word' id='word_1_221' title='bbox 523 3437 750 3523; x_wconf 84' lang='lat' dir='ltr'><strong>indulgentiae</strong></span> <span class='ocrx_word' id='word_1_222' title='bbox 775 3435 944 3523; x_wconf 88' lang='lat' dir='ltr'><strong>plenariae</strong></span> <span class='ocrx_word' id='word_1_223' title='bbox 974 3435 1233 3522; x_wconf 78' lang='lat' dir='ltr'><strong>publicarentur,</strong></span> <span class='ocrx_word' id='word_1_224' title='bbox 1268 3438 1367 3526; x_wconf 86' lang='lat' dir='ltr'><strong>idque</strong></span> <span class='ocrx_word' id='word_1_225' title='bbox 1387 3461 1425 3500; x_wconf 72' lang='lat' dir='ltr'><strong>tu·</strong></span> 
     </span>
     <span class='ocr_line' id='line_1_32' title="bbox 314 3534 1423 3621; baseline -0.004 -22"><span class='ocrx_word' id='word_1_226' title='bbox 314 3559 394 3601; x_wconf 90' lang='lat' dir='ltr'><strong>vera</strong></span> <span class='ocrx_word' id='word_1_227' title='bbox 427 3536 497 3600; x_wconf 90' lang='lat' dir='ltr'><strong>lieri</strong></span> <span class='ocrx_word' id='word_1_228' title='bbox 536 3537 752 3612; x_wconf 89' lang='lat' dir='ltr'><strong>mandarunt,</strong></span> <span class='ocrx_word' id='word_1_229' title='bbox 791 3537 944 3621; x_wconf 86' lang='lat' dir='ltr'><strong>quamvis</strong></span> <span class='ocrx_word' id='word_1_230' title='bbox 977 3534 1130 3599; x_wconf 82' lang='lat' dir='ltr'><strong>Pontifex</strong></span> <span class='ocrx_word' id='word_1_231' title='bbox 1172 3535 1253 3600; x_wconf 90' lang='lat' dir='ltr'><strong>illud</strong></span> <span class='ocrx_word' id='word_1_232' title='bbox 1291 3537 1423 3600; x_wconf 85' lang='lat' dir='ltr'><strong>medium</strong></span> 
     </span>
     <span class='ocr_line' id='line_1_33' title="bbox 313 3631 1423 3720; baseline -0.006 -21"><span class='ocrx_word' id='word_1_233' title='bbox 313 3634 491 3720; x_wconf 84' lang='lat' dir='ltr'><strong>colligendi</strong></span> <span class='ocrx_word' id='word_1_234' title='bbox 516 3634 666 3698; x_wconf 88' lang='lat' dir='ltr'><strong>subsidia</strong></span> <span class='ocrx_word' id='word_1_235' title='bbox 698 3634 849 3698; x_wconf 90' lang='lat' dir='ltr'><strong>odiosum</strong></span> <span class='ocrx_word' id='word_1_236' title='bbox 883 3631 1030 3716; x_wconf 80' lang='lat' dir='ltr'><strong>haberet,</strong></span> <span class='ocrx_word' id='word_1_237' title='bbox 1061 3655 1122 3697; x_wconf 91' lang='lat' dir='ltr'><strong>neo</strong></span> <span class='ocrx_word' id='word_1_238' title='bbox 1146 3632 1292 3715; x_wconf 87' lang='lat' dir='ltr'><strong>Synodo,</strong></span> <span class='ocrx_word' id='word_1_239' title='bbox 1326 3631 1423 3718; x_wconf 75' lang='lat' dir='ltr'><strong>qualis</strong></span> 
     </span>
     <span class='ocr_line' id='line_1_34' title="bbox 313 3729 1422 3819; baseline -0.007 -22"><span class='ocrx_word' id='word_1_240' title='bbox 313 3743 393 3814; x_wconf 90' lang='lat' dir='ltr'><strong>erat,</strong></span> <span class='ocrx_word' id='word_1_241' title='bbox 420 3743 614 3819; x_wconf 88' lang='lat' dir='ltr'><strong>potestatem</strong></span> <span class='ocrx_word' id='word_1_242' title='bbox 640 3731 864 3816; x_wconf 87' lang='lat' dir='ltr'><strong>indulgentias</strong></span> <span class='ocrx_word' id='word_1_243' title='bbox 888 3730 1081 3817; x_wconf 88' lang='lat' dir='ltr'><strong>publicandi</strong></span> <span class='ocrx_word' id='word_1_244' title='bbox 1098 3729 1316 3816; x_wconf 73' lang='lat' dir='ltr'><strong>adjudicaret</strong></span> <span class='ocrx_word' id='word_1_245' title='bbox 1348 3730 1422 3792; x_wconf 83' lang='lat' dir='ltr'><strong>Dein</strong></span> 
     </span>
     <span class='ocr_line' id='line_1_35' title="bbox 313 3828 1446 3915; baseline -0.009 -19"><span class='ocrx_word' id='word_1_246' title='bbox 313 3833 415 3896; x_wconf 86' lang='lat' dir='ltr'><strong>etiarn</strong></span> <span class='ocrx_word' id='word_1_247' title='bbox 440 3830 642 3896; x_wconf 89' lang='lat' dir='ltr'><strong>decivitate</strong></span> <span class='ocrx_word' id='word_1_248' title='bbox 671 3852 730 3915; x_wconf 91' lang='lat' dir='ltr'><strong>pro</strong></span> <span class='ocrx_word' id='word_1_249' title='bbox 756 3828 905 3895; x_wconf 85' lang='lat' dir='ltr'><strong>Concilio</strong></span> <span class='ocrx_word' id='word_1_250' title='bbox 937 3828 1090 3914; x_wconf 86' lang='lat' dir='ltr'><strong>eligenda</strong></span> <span class='ocrx_word' id='word_1_251' title='bbox 1122 3829 1294 3893; x_wconf 90' lang='lat' dir='ltr'><strong>dissidium</strong></span> <span class='ocrx_word' id='word_1_252' title='bbox 1326 3833 1446 3890; x_wconf 64' lang='lat' dir='ltr'><strong>ortum*</strong></span> 
     </span>
    </p>
   </div>
   <div class='ocr_carea' id='block_1_4' title="bbox 311 4067 1424 4300">
    <p class='ocr_par' dir='ltr' id='par_1_4' title="bbox 311 4067 1424 4300">
     <span class='ocr_line' id='line_1_36' title="bbox 389 4067 1422 4136; baseline -0.007 -14"><span class='ocrx_word' id='word_1_253' title='bbox 389 4072 408 4136; x_wconf 85' lang='lat'><strong>¹)</strong></span> <span class='ocrx_word' id='word_1_254' title='bbox 428 4069 496 4124; x_wconf 90' lang='lat' dir='ltr'><strong>lbid.</strong></span> <span class='ocrx_word' id='word_1_255' title='bbox 516 4099 550 4110; x_wconf 93' lang='lat'><em>-</em></span> <span class='ocrx_word' id='word_1_256' title='bbox 570 4067 642 4121; x_wconf 79' lang='lat' dir='ltr'><strong>Alibi</strong></span> <span class='ocrx_word' id='word_1_257' title='bbox 658 4069 765 4122; x_wconf 83' lang='lat' dir='ltr'><strong>Aeneas</strong></span> <span class='ocrx_word' id='word_1_258' title='bbox 778 4067 887 4135; x_wconf 80' lang='lat' dir='ltr'><strong>sylvius</strong></span> <span class='ocrx_word' id='word_1_259' title='bbox 906 4067 986 4122; x_wconf 88' lang='lat' dir='ltr'><strong>dicit.</strong></span> <span class='ocrx_word' id='word_1_260' title='bbox 1009 4067 1100 4134; x_wconf 82' lang='lat' dir='ltr'><strong>„Inter</strong></span> <span class='ocrx_word' id='word_1_261' title='bbox 1114 4067 1249 4134; x_wconf 82' lang='lat' dir='ltr'><strong>episcopos</strong></span> <span class='ocrx_word' id='word_1_262' title='bbox 1260 4071 1422 4130; x_wconf 73' lang='lat' dir='ltr'><strong>caeterospu</strong></span> 
     </span>
     <span class='ocr_line' id='line_1_37' title="bbox 312 4145 1424 4218; baseline -0.009 -15"><span class='ocrx_word' id='word_1_263' title='bbox 312 4155 405 4218; x_wconf 85' lang='lat' dir='ltr'><strong>patres</strong></span> <span class='ocrx_word' id='word_1_264' title='bbox 425 4150 590 4217; x_wconf 86' lang='lat' dir='ltr'><strong>conscriptos</strong></span> <span class='ocrx_word' id='word_1_265' title='bbox 609 4147 726 4202; x_wconf 81' lang='lat' dir='ltr'><strong>vidium</strong></span> <span class='ocrx_word' id='word_1_266' title='bbox 745 4147 773 4201; x_wconf 94' lang='lat' dir='ltr'><strong>in</strong></span> <span class='ocrx_word' id='word_1_267' title='bbox 786 4148 896 4202; x_wconf 86' lang='lat' dir='ltr'><strong>Basilea</strong></span> <span class='ocrx_word' id='word_1_268' title='bbox 908 4163 1005 4214; x_wconf 88' lang='lat' dir='ltr'><strong>coquos</strong></span> <span class='ocrx_word' id='word_1_269' title='bbox 1018 4153 1047 4200; x_wconf 90' lang='lat' dir='ltr'><strong>et</strong></span> <span class='ocrx_word' id='word_1_270' title='bbox 1059 4145 1219 4201; x_wconf 84' lang='lat' dir='ltr'><strong>stabularios</strong></span> <span class='ocrx_word' id='word_1_271' title='bbox 1237 4145 1304 4200; x_wconf 83' lang='lat' dir='ltr'><strong>orbis</strong></span> <span class='ocrx_word' id='word_1_272' title='bbox 1317 4145 1424 4212; x_wconf 72' lang='lat' dir='ltr'><strong>negotia</strong></span> 
     </span>
     <span class='ocr_line' id='line_1_38' title="bbox 311 4223 1416 4300; baseline -0.007 -18"><span class='ocrx_word' id='word_1_273' title='bbox 311 4229 492 4300; x_wconf 84' lang='lat' dir='ltr'><strong>judicantes.“</strong></span> <span class='ocrx_word' id='word_1_274' title='bbox 531 4228 619 4282; x_wconf 80' lang='lat' dir='ltr'><strong>Manui</strong></span> <span class='ocrx_word' id='word_1_275' title='bbox 637 4227 668 4286; x_wconf 84' lang='grc' dir='ltr'><strong>Τ.</strong></span> <span class='ocrx_word' id='word_1_276' title='bbox 687 4227 710 4282; x_wconf 90' lang='grc' dir='ltr'><strong>Ι.</strong></span> <span class='ocrx_word' id='word_1_277' title='bbox 729 4243 755 4295; x_wconf 86' lang='lat' dir='ltr'><strong>p.</strong></span> <span class='ocrx_word' id='word_1_278' title='bbox 774 4229 836 4286; x_wconf 78' lang='lat'><strong>231.</strong></span> <span class='ocrx_word' id='word_1_279' title='bbox 856 4229 927 4296; x_wconf 80' lang='lat' dir='ltr'><strong>apud</strong></span> <span class='ocrx_word' id='word_1_280' title='bbox 940 4227 1011 4283; x_wconf 75' lang='lat' dir='ltr'><strong>Diix</strong></span> <span class='ocrx_word' id='word_1_281' title='bbox 1031 4227 1156 4282; x_wconf 79' lang='lat' dir='ltr'><strong>Nimlaus</strong></span> <span class='ocrx_word' id='word_1_282' title='bbox 1175 4225 1308 4288; x_wconf 70' lang='lat' dir='ltr'><strong>roncum,</strong></span> <span class='ocrx_word' id='word_1_283' title='bbox 1327 4240 1352 4291; x_wconf 75' lang='lat' dir='ltr'><strong>p</strong></span> <span class='ocrx_word' id='word_1_284' title='bbox 1366 4223 1416 4274; x_wconf 75' lang='lat' dir='ltr'><strong>aa</strong></span> 
     </span>
    </p>
   </div>
   <div class='ocr_carea' id='block_1_5' title="bbox 0 0 1456 4848">
    <p class='ocr_par' dir='ltr' id='par_1_5' title="bbox 0 0 1456 4848">
     <span class='ocr_line' id='line_1_39' title="bbox 0 0 1456 4848; baseline 0 1"><span class='ocrx_word' id='word_1_285' title='bbox 0 0 1456 4848; x_wconf 95' lang='lat' dir='ltr'><strong> </strong></span> 
     </span>
    </p>
   </div>
  </div>
 </body>
</html>
