2902 4848
381 461 421 514 De
440 460 560 516 Concilio
579 461 735 516 Basilcensi.
902 509 904 514 .
1064 459 1117 514 357

10 627 80 670 esse.
111 617 211 691 atque
242 607 289 668 ita
320 627 378 690 pro
402 615 551 690 tempore
576 603 754 670 concordia
778 606 863 668 inter
886 601 1059 688 Synodum
1084 613 1118 667 et

10 703 190 767 Pontificem
221 705 373 767 restituta
404 701 592 770 videbatur.
647 702 784 766 Miserat
817 712 929 766 autem
960 701 1117 766 Pontifex

10 813 138 885 quatuor
165 800 300 885 legatos,
332 803 388 886 qui
418 822 486 864 una
509 823 585 865 curn
611 799 780 864 Cardineli
804 798 941 864 Juliano
965 797 1116 864 Concilio

10 899 232 982 praesiderent.
279 899 323 962 Hi
356 900 389 963 in
421 900 679 983 congregatione
708 897 856 981 generali
887 896 999 962 adacti
1029 909 1116 977 sunt,

10 1009 35 1058 ut
50 997 268 1082 jurejurando
294 998 524 1081 promitterent
539 998 626 1061 inter
640 995 718 1074 alia,
742 1019 778 1060 ee
795 994 982 1062 Concilium
999 1006 1031 1058 et
1045 995 1117 1080 ejus

10 1093 126 1158 iecreta
151 1093 236 1158 velle
261 1097 356 1176 tueri,
388 1105 421 1158 et
444 1093 575 1159 Basilea
606 1093 695 1158 baud
721 1092 924 1163 discessuros
950 1115 1021 1158 esse
1045 1094 1116 1158 sine

10 1215 157 1256 consensu
172 1191 332 1270 Concilii3
356 1194 489 1277 privato
512 1202 622 1256 tamen
648 1194 782 1256 nomine
807 1193 841 1256 id
866 1190 1005 1277 polliciti
1028 1201 1115 1268 sunt,

10 1311 58 1354 ron
83 1311 163 1354 vero
188 1291 350 1376 allegati.
367 1327 411 1337 -
427 1290 582 1354 Sessione
606 1289 737 1354 decima
752 1293 904 1376 septima,
931 1288 1045 1354 habita
1061 1288 1115 1352 dic

10 1387 54 1450 26⁰
75 1387 213 1474 Aprilis,
247 1409 440 1452 concessum
464 1397 514 1452 est
535 1387 653 1472 legatis
676 1388 858 1467 Pontificis,
889 1399 926 1454 ut
949 1410 1016 1452 une
1040 1408 1114 1452 cum

10 1483 163 1550 iardinali
195 1481 331 1552 Julianc
364 1484 514 1550 Concilio
546 1484 787 1570 praesiderent,
827 1497 886 1550 seu
918 1488 988 1550 sine
1016 1485 1115 1569 jurie-

10 1581 138 1649 lictione
169 1585 333 1660 coactiva,
366 1585 412 1646 ita
445 1583 581 1669 quidem
613 1594 649 1646 ut
679 1583 759 1647 ordo
784 1597 817 1648 et
841 1583 958 1648 modus
982 1582 1131 1667 agendi‚.

10 1684 152 1767 ruffmgia
183 1682 286 1746 dandi
326 1692 359 1745 et
396 1681 530 1746 decretu
565 1681 741 1760 condendi,
782 1681 942 1746 hactenus
980 1683 1115 1760 servati,

10 1790 280 1858 enervarentur,
304 1790 337 1843 et
360 1778 494 1844 decreta
516 1776 648 1864 aliaque
671 1778 836 1844 ferrentur
855 1781 988 1844 nomine
1004 1789 1037 1844 et
1052 1778 1115 1844 cub

10 1878 97 1960 rigillo
123 1877 280 1943 Concilii.

81 1977 134 2041 18.
161 1975 433 2062 insequentibus
456 1973 659 2039 sessionibus
683 1977 862 2040 constituta
885 1974 1020 2062 quidem
1037 1985 1115 2040 eunt
1147 1988 1267 2058 cesione

10 2073 157 2158 puaedam
181 2072 277 2138 utilia
301 2094 359 2158 pro
384 2072 619 2136 reformatione
643 2069 732 2153 cleri,
764 2083 942 2159 actumque
965 2084 1015 2138 est
1037 2093 1114 2136 cum

10 2169 128 2236 baccis
156 2172 197 2235 de
221 2169 474 2236 determinanda
498 2171 634 2234 civitate
658 2191 716 2253 pro
742 2168 896 2236 habenda
911 2170 1047 2255 Syncdo
1071 2170 1114 2234 ad

10 2273 149 2334 inionem
174 2268 395 2334 efficiendam.
425 2267 492 2333 Sed
515 2268 698 2352 generatim
715 2266 922 2332 Basileenses
945 2266 1115 2353 postOcn-

11 2371 197 2432 titutionem
223 2368 365 2450 Eugenii
395 2366 436 2430 de
460 2368 710 2431 continuatione
735 2363 1114 2446 Concilii,1auctcritate

10 2487 48 2528 ¹na
70 2467 194 2546 inflati,
224 2465 349 2530 nullam
372 2465 569 2530 Pontificem
594 2463 803 2550 deprimendi
832 2475 865 2526 et
892 2462 1039 2528 vexandi
1063 2483 1115 2526 oc-

10 2567 159 2629 asioncm
185 2565 487 2650 praetermiserunt.
525 2564 565 2626 In
589 2565 735 2628 sessione
760 2562 890 2626 decima
913 2570 1046 2642 octava,
1070 2559 1113 2626 cd

10 2683 86 2744 poam
109 2662 215 2745 legati
231 2661 402 2726 Pontificis
426 2683 492 2726 non
520 2671 741 2742 accesserunt,
773 2663 891 2724 iterum
909 2668 1114 2724 renovarunt

13 2771 23 2820 t
43 2762 287 2824 confirmarunt
308 2759 437 2824 famosa
455 2757 760 2824 Constanticnsium
785 2758 928 2822 decreta.
960 2755 1113 2823 Sessione

10 2857 154 2938 ’igesima
177 2859 295 2942 prima,
329 2856 398 2937 (die
422 2857 460 2920 9⁰
485 2856 583 2921 *Junii
622 2880 651 2924 a.
679 2857 786 2938 1434),
826 2855 1013 2941 prohibitae
1036 2867 1114 2918 cunt

10 2967 154 3032 innume,
176 2965 210 3018 et
221 2956 367 3020 cessione
379 2955 542 3039 vigesima
559 2957 665 3034 tertia,
683 2954 752 3036 (die
764 2955 824 3020 25⁰
837 2954 948 3018 Martii
960 2977 991 3018 a.
1006 2952 1113 3032 1436),

13 3054 42 3114 ui
71 3063 205 3116 tantum
239 3053 379 3117 aderant
409 3053 557 3138 episcopi
583 3052 699 3118 decem
722 3063 755 3116 et
778 3051 918 3118 abbates
942 3052 1112 3130 tredecim,

12 3150 122 3214 ondita
149 3160 208 3214 aut
229 3161 390 3214 renovata
414 3163 491 3214 cunt
520 3150 653 3214 decreta
677 3149 718 3216 de
742 3150 905 3216 electione
929 3149 1112 3216 Pontificio.

10 3247 113 3312 {cntra
137 3247 308 3312 decretum
333 3248 374 3312 de
398 3249 530 3312 annatis
554 3259 587 3311 et
610 3258 724 3314 contra
748 3248 813 3312 alia
838 3248 879 3314 de
895 3246 1113 3313 electionibus

12 3347 364 3426 tconfirmationibus,
395 3357 554 3432 tanquam
586 3345 799 3430 Apostolicae
831 3346 910 3413 Sedi
943 3347 1112 3432 injuriosa,

10 3445 213 3510 eclamarunt
236 3443 407 3510 Pontificis
430 3443 541 3528 legati,
573 3444 632 3510 ced
655 3445 787 3510 frustra.
832 3445 924 3510 Dum
949 3466 1027 3510 vero
1051 3445 1114 3510 Ba·

10 3541 146 3606 ileenses
178 3543 310 3606 cunetis
342 3541 529 3607 Romanum
553 3542 751 3606 Pontificem
782 3543 969 3628 privabant,
1011 3545 1113 3607 variis

12 3641 154 3726 piscopia
190 3663 246 3704 eas
285 3638 531 3720 concedebant,
571 3642 617 3703 ita
657 3640 792 3726 quidem
830 3650 867 3704 ut
904 3640 1113 3705 Theoderico

12 3736 144 3822 piscopo
160 3736 355 3822 Mogontino
371 3740 472 3804 etiam
489 3739 649 3804 biannata
664 3737 829 3824 postulare
842 3739 1114 3824 permitterent.¹)

10 3855 201 3866 *ψ

60 3919 79 3984 ¹)
102 3916 192 3982 „Mire
209 3915 269 3970 res!
288 3915 385 3970 scribit
397 3918 504 3970 Aeneas
516 3915 633 3982 Sylvius,
652 3915 723 3982 quod
740 3920 834 3983 patres
854 3915 945 3983 Papae
963 3916 1112 3984 negabant,

10 3995 173 4064 iugularibcs
192 3995 325 4064 episcopis
343 3995 534 4052 concedebant.
559 3995 724 4050 Theoderico
742 4011 858 4062 namque
877 3995 1039 4064 Magnetiuo
1059 4011 1112 4050 non

10 4075 72 4130 olum
100 4084 219 4132 annates
250 4075 369 4143 exigere,
400 4077 447 4130 sed
479 4075 624 4130 biannatas
654 4075 852 4130 indulserunt“
891 4077 999 4130 Aeneae
1026 4075 1113 4143 Sylvii

10 4157 66 4220 pise.
84 4156 244 4224 Tergestini
262 4155 295 4210 dc
314 4155 393 4210 rebus
411 4155 537 4210 Basilcae
555 4155 643 4224 gestis
660 4161 753 4210 stante
773 4157 817 4212 vel
844 4155 975 4212 dimolcto
995 4156 1114 4212 Concilio

10 4237 203 4298 cmmcntcrius,
224 4252 249 4302 p.
269 4235 313 4290 62.
350 4236 399 4290 nd
418 4237 474 4290 Fen
492 4237 594 4290 Romae
615 4235 692 4292 1823.
