2964 4838
505 459 659 514 Alexander
678 460 724 516 Vl.
1122 459 1176 514 tte

61 606 151 670 luisse
175 604 360 670 Alexandri
389 604 504 686 liberi,
535 625 608 668 esse
639 603 712 687 ejus
734 613 886 715 nepotes,
921 602 965 668 ab
989 601 1175 668 Alexandri

60 704 150 768 fratre
173 702 271 766 Petro
295 702 486 782 Ludovico,
520 700 574 766 vel
597 699 641 765 ab
664 699 729 766 alio
753 702 940 787 propinquo
963 723 1008 766 ex
1030 701 1176 767 Vanotia

61 822 153 866 uxore
182 802 322 884 genitrm
369 801 499 864 Mortuo
535 819 650 862 eorum
683 809 793 884 patre,
831 807 944 864 censet
973 797 1174 864 Roderioum
1194 801 1291 840 ΗΜ
1248 802 1334 903 ωζξω

59 899 225 982 Bergium,
260 919 361 984 quum
391 897 536 962 Vanotia
566 917 670 960 noves
700 898 834 981 nuptias
865 898 1008 979 iniisset,
1043 895 1174 962 illorum
1205 871 1283 903 ‘m
1304 873 1325 902 ⁸¹

57 995 228 1062 liberorum
264 1006 403 1107 paterna
438 1016 513 1060 eum
550 992 774 1059 sollicitudine
815 995 1003 1080 affectuque
1039 1005 1175 1080 paterno

57 1114 162 1159 euram
187 1094 326 1178 gessisse
348 1115 389 1157 ac
413 1091 585 1158 beneficiis
609 1112 664 1156 eos
689 1091 887 1158 cumulasse.
934 1091 1032 1174 Inde,
1059 1092 1111 1157 vel
1134 1115 1177 1157 ex

58 1191 288 1256 malevolorum
320 1190 467 1270 invidia,
503 1187 558 1254 vel
588 1211 631 1254 ex
656 1211 718 1256 usu
742 1188 830 1255 illius
853 1191 1011 1276 temporis
1042 1191 1178 1271 factum,

56 1301 89 1354 ut
116 1289 176 1354 filii
207 1288 393 1354 Alexandri
423 1290 478 1352 isti
511 1287 711 1352 dicerentur.
766 1287 839 1352 Hac
870 1290 998 1354 ratione
1028 1290 1179 1374 apprime

56 1386 227 1472 explicari,
264 1385 353 1498 quod
389 1409 409 1452 a
440 1386 573 1450 coaevis
605 1383 791 1450 Alexandri
821 1383 1040 1467 adversariis,
1075 1407 1178 1472 quum

55 1583 206 1669 quodque
229 1593 371 1668 quatuor
386 1581 588 1646 Pontificum
611 1581 904 1667 praedecessorum
929 1580 1042 1646 favore
1058 1581 1179 1668 dignus

54 1677 186 1746 habitus
216 1681 268 1744 sit.
314 1679 467 1764 Aequam
491 1700 563 1744 esee
596 1678 684 1744 hanc
707 1678 964 1764 explicationem
998 1689 1031 1744 et
1061 1680 1178 1746 admit·

54 1779 199 1860 tendam,
223 1779 286 1842 nisi
312 1788 401 1842 certa
425 1778 607 1842 afferantur
621 1776 822 1842 documenta
846 1799 888 1840 ex
905 1776 1027 1863 quibus
1041 1799 1081 1844 ea
1096 1779 1180 1844 falsa

53 1876 252 1961 probetur.¹)
288 1912 331 1922 —
367 1873 433 1938 Sed
469 1897 491 1940 a
519 1873 679 1960 gravibus
710 1873 903 1938 auctoribus
933 1873 1017 1940 haec
1047 1895 1179 1962 quoque

55 1975 237 2060 suppositio
268 1971 418 2038 discussa
448 1993 489 2038 ac
518 1974 634 2037 merito
666 1970 802 2056 explosa
832 1981 890 2038 est.
939 1971 1051 2053 Quum
1076 1973 1179 2038 Rode·

51 2074 138 2136 nous
164 2069 354 2137 Cardinalis
377 2070 512 2154 iugenio
544 2092 585 2135 ac
609 2071 817 2153 negotiorum
846 2072 965 2156 peritia
988 2082 1179 2156 praestaret,

51 2181 150 2255 atque
184 2191 224 2234 ea
245 2177 354 2234 aetate
385 2166 428 2232 ad
451 2167 623 2234 liberiores
645 2188 754 2244 mores
778 2169 868 2232 vitae
891 2169 1042 2254 privatee
1071 2171 1180 2234 miuus

52 2266 295 2347 attenderetur,
329 2267 408 2330 satis
432 2264 635 2350 explicatur,
669 2264 835 2350 quomodo
859 2287 926 2330 non
950 2265 1101 2332 obstante
1125 2265 1181 2332 illa

51 2365 313 2444 incontinentia,
348 2363 528 2428 Pontifices
559 2385 697 2428 munera
726 2364 844 2446 gravia
875 2373 908 2426 et
936 2363 1120 2430 honorifica
1149 2369 1178 2432 ei

51 2465 258 2528 committere
271 2462 446 2546 potuerint.
486 2460 570 2526 Inde
594 2471 653 2542 est,
677 2460 767 2546 quod
784 2460 856 2545 ejus
871 2461 1054 2528 adversarii
1070 2465 1181 2529 minue

50 2583 124 2626 eum
151 2559 196 2624 ob
212 2581 320 2624 mores
342 2558 487 2624 laxiores
502 2581 578 2624 eum
595 2560 826 2644 impetierunt3
851 2581 917 2624 uon
935 2559 1056 2626 desunt
1068 2570 1180 2628 tamen

50 2660 242 2724 invectivae
265 2659 300 2722 in
325 2678 411 2736 eum,
440 2658 506 2720 imo
530 2679 550 2722 a
574 2654 747 2721 malevolis
770 2658 870 2722 etiam
895 2655 969 2742 plus
992 2680 1098 2745 aequo
1122 2662 1177 2724 im·

48 2757 236 2842 pudicitiae
259 2753 490 2821 accusabatur.
537 2752 731 2833 Caeterum,
762 2753 851 2838 quod
876 2764 1179 2838 estargumentum

48 2875 117 2918 rem
143 2855 322 2932 evincens,
358 2853 462 2916 variis
485 2853 520 2914 in
545 2851 755 2916 documentis
786 2849 883 2915 liberi
907 2853 961 2916 isti
986 2853 1068 2918 adeo
1093 2854 1180 2920 clare

48 2950 239 3017 Alexandri
270 2948 378 3036 proles
408 2947 574 3030 dicuntur,
611 2957 648 3014 ut
679 2950 872 3034 suppositio,
905 2971 960 3015 eos
983 2951 1085 3018 fuisse
1109 2953 1182 3039 ejus

48 3061 200 3137 nepotes,
225 3046 465 3129 excludatur.²)

139 3157 197 3222 53.
229 3155 283 3220 Ex
307 3154 358 3220 his
381 3155 517 3222 omniuo
541 3164 688 3239 apparet,
713 3155 842 3236 negari
856 3175 922 3220 non
946 3175 1054 3240 posse,
1078 3157 1180 3244 illegi-

47 3257 148 3320 timos
174 3275 217 3317 ex
233 3254 379 3318 Venetia
397 3251 508 3338 plures
523 3249 646 3318 liberos
661 3250 854 3316 Alexandro
871 3251 919 3316 VI
942 3253 1055 3336 fuisse,
1079 3266 1179 3341 atque

47 3351 161 3418 oleum
195 3363 227 3416 et
257 3371 391 3437 operam
416 3349 572 3435 perdere,
607 3351 666 3436 qui
690 3371 835 3436 eousque
859 3349 1046 3436 apologiam
1080 3351 1180 3440 hujus

51 3487 267 3496 ...-.-....--—-—

121 3565 143 3626 ¹)
164 3563 241 3632 Papa
257 3561 422 3618 Alessandro
440 3561 471 3616 T.
490 3561 512 3618 1.
532 3577 557 3630 p.
580 3561 732 3617 tel-203.

121 3661 148 3730 ¹)
168 3659 215 3716 Ita
232 3675 256 3717 e.
271 3675 298 3730 g.
318 3658 346 3714 in
365 3660 525 3715 documento
543 3659 672 3717 uoteriali
690 3659 755 3714 anni
772 3660 839 3716 1491
858 3660 988 3716 Lucretia
1005 3661 1107 3718 diuitum
1124 3663 1181 3717 illia

45 3741 172 3796 earnalis
190 3739 315 3796 Roderici
340 3739 499 3799 Oardinalis.
519 3756 551 3794 ac
567 3755 700 3808 germana
718 3739 794 3796 Petri
812 3739 944 3796 Ludoviei
961 3741 1080 3810 Bergine
1104 3741 1181 3800 ducis

46 3819 185 3876 Gandiae.
205 3851 238 3860 -
259 3819 358 3876 Caesar
376 3819 406 3876 in
424 3817 591 3876 documentis
610 3820 695 3876 variis
714 3819 814 3878 dicitur
839 3821 873 3874 dc
892 3823 1020 3892 episeopo
1040 3823 1182 3878 cardinali

43 3901 164 3970 sinaitae
184 3907 211 3954 et
230 3900 391 3972 conjurata,
411 3906 440 3956 et
458 3905 583 3956 auctores
602 3900 693 3956 coaevi
713 3900 860 3958 manifeste
873 3916 934 3958 eum
948 3909 981 3956 ut
990 3915 1084 3958 verum
1096 3901 1180 3958 fllium

46 3977 204 4036 Alexandri
232 3977 389 4048 designaut.
431 3980 547 4048 Singula
574 3981 698 4050 persequi
726 3981 837 4052 longum
865 3987 945 4038 esset
989 3979 1181 4048 Quaestionem

46 4061 120 4118 hauc
144 4059 256 4116 erudite
280 4059 465 4116 discusserunt
490 4059 524 4119 Η
548 4058 581 4118 de
606 4059 757 4132 l'ldpinois,
783 4063 824 4118 Le
847 4063 924 4132 Pope
948 4063 1110 4118 Αὶααιιιίνε
1134 4065 1180 4139 VI

44 4131 148 4198 Rerue
174 4139 221 4196 dee
239 4137 334 4207 Queat
357 4140 421 4202 hist
441 4137 470 4200 Τ
491 4139 539 4199 IX.
565 4157 591 4210 p.
611 4143 664 4195 373
687 4157 745 4210 sqq.
769 4148 799 4198 et
824 4141 853 4200 C.
872 4141 971 4208 Ducis,
1002 4143 1058 4198 Les
1083 4144 1180 4198 ιῑὲὺαιε

47 4223 162 4276 re'oerata
182 4237 232 4274 sur
245 4222 273 4274 lu
287 4221 329 4275 eie
346 4221 438 4290 priue'e
457 4222 644 4275 dAlexoudre
662 4221 710 4287 VI‚·
722 4219 902 4277 controverso
914 4221 989 4288 1888,
1000 4221 1021 4282 Ι,
1034 4238 1061 4292 p.
1077 4223 1110 4278 79
1123 4239 1180 4290 sqq.

101 4339 118 4381 J
121 4347 253 4388 numen,
268 4338 456 4378 Dissertatlunsr.
471 4337 592 4378 Tom.V1.
986 4329 1021 4384 29
