3000 4838
231 364 248 416 6
419 361 523 415 XXIII.
542 362 583 416 De
601 366 678 415 statu
697 361 796 416 Eccles.
815 361 899 428 priori
918 361 1005 417 medio
1023 378 1091 418 saec.
1111 363 1175 420 XII.

232 504 422 586 manebant,
453 514 546 569 tanta
569 527 645 569 cum
670 506 704 568 vi
729 503 878 569 debello
903 527 995 570 sacro
1020 505 1184 587 disseruit,
1220 518 1257 572 ut
1287 529 1354 572 om-

231 605 327 668 nium
350 603 450 667 corda
467 623 595 667 summo
612 601 729 666 ardore
746 602 977 684 inflammaret,
1002 626 1134 689 unaque
1159 615 1354 671 cunctorum

232 722 299 766 vox
323 712 525 787 erumperet:
550 700 711 764 Voluntas
725 700 790 763 Dei
816 709 874 764 est.
899 739 942 760 —-.
964 699 999 765 ln
1021 701 1161 767 concilio
1185 704 1257 788 ipso
1280 713 1355 790 post

232 799 361 864 Urbani
384 798 616 863 allocutionem
628 796 816 862 Ademarus
832 799 1006 884 episcopus
1021 799 1194 865 Podiensis
1206 800 1251 884 (le
1264 800 1354 888 Puy)

232 922 252 961 a
276 897 438 962 Pontifice
462 894 694 982 suscipiendae
725 898 890 960 cruciatae
920 896 1142 983 expeditionis
1166 899 1299 962 veniam
1323 910 1357 963 et

232 994 498 1060 benedictionem
530 994 745 1080 apostolicam
777 993 918 1080 supplex
948 996 1053 1080 petiit.
1104 995 1146 1060 Ei
1177 995 1355 1062 obsecutus

233 1103 283 1158 est
309 1093 465 1157 Pontifex
488 1092 760 1178 Ademarumque
793 1103 829 1156 ut
858 1092 1004 1176 legatum
1034 1115 1131 1157 suurn
1163 1115 1203 1158 ao
1235 1093 1356 1160 ducem

234 1190 456 1276 expeditionis
487 1191 666 1255 constituit.
715 1190 825 1270 Quam
854 1189 988 1276 plurimi
1013 1212 1091 1255 vero
1116 1191 1244 1256 nobiles
1267 1192 1355 1257 Ade-

234 1290 317 1353 mari
348 1289 538 1374 exemplum
573 1290 678 1353 secuti
710 1298 796 1354 sunt.
844 1289 895 1354 Ea
924 1289 965 1353 de
989 1312 1024 1353 re
1047 1288 1236 1371 Baldrious‚
1271 1291 1356 1376 epis·

234 1409 336 1473 copus
361 1399 473 1472 postea
496 1387 665 1468 Dolensis,
704 1389 761 1474 qui
793 1396 825 1451 et
856 1389 926 1474 ipse
949 1387 1076 1471 synodo
1108 1387 1233 1452 adfuit:
1273 1388 1357 1471 „His

234 1484 288 1549 vel
310 1484 541 1571 hujuscemodi
566 1485 650 1567 aliis,
675 1484 799 1567 scribit,
825 1508 845 1548 a
860 1486 994 1550 domino
1012 1483 1203 1571 Apostolico
1227 1484 1279 1550 his
1297 1487 1356 1572 qui

234 1583 372 1648 aderant
395 1582 579 1648 luculenter
602 1585 776 1664 intimatis,
801 1583 857 1648 alii
881 1583 1159 1649 suffundebantur
1182 1605 1239 1648 ora
1262 1582 1357 1648 lacri-

235 1683 307 1762 mis,
332 1681 389 1745 alii
404 1681 626 1768 trepidabant,
651 1681 708 1746 alii
725 1704 823 1768 super
846 1681 909 1746 hac
932 1703 967 1745 re
985 1680 1226 1768 disceptabant.
1265 1681 1358 1746 Inter

235 1800 349 1843 omnes
380 1789 491 1843 autem
523 1781 557 1844 in
593 1780 709 1844 eodem
744 1779 898 1860 concilio,
934 1778 1031 1844 nobis
1063 1779 1270 1860 videntibus,
1303 1781 1358 1844 vir

235 1879 347 1962 magni
371 1879 515 1942 nominis
539 1889 573 1942 et
595 1900 743 1942 summae
772 1879 986 1963 ingenuitatis
1018 1879 1193 1964 episeopus
1215 1877 1358 1942 Podien-

234 1977 289 2056 sis,
313 1977 447 2040 nomine
465 1975 630 2056 Aimarus,
656 1976 698 2040 ad
723 1974 895 2041 domiuum
920 1977 1045 2062 Papam
1071 1975 1164 2040 vultu
1183 1975 1358 2062 jucundus

235 2075 387 2152 accessit,
419 2083 451 2137 et
482 2095 569 2157 genu
596 2073 683 2139 flexo
714 2074 884 2138 licentiam
909 2085 940 2138 et
963 2072 1229 2138 benedictionem
1254 2073 1357 2139 eundi

234 2172 386 2258 poposcit
407 2180 442 2234 et
463 2172 669 2256 impetravit3
694 2173 829 2258 insuper
850 2181 882 2235 et
896 2170 938 2235 ab
956 2169 1145 2256 Apostolico
1161 2171 1358 2236 mandatum

234 2270 426 2354 promeruit,
457 2277 494 2333 ut
517 2291 631 2333 omnes
654 2270 683 2333 ei
710 2269 892 2351 obedirent,
924 2270 1051 2354 etipse
1080 2291 1138 2354 pro
1163 2269 1272 2332 officio
1297 2291 1358 2334 suo

235 2367 276 2430 in'
300 2366 455 2430 omnibus
488 2369 648 2432 exercitui
681 2369 952 2454 patrocinaretur,
981 2376 1095 2453 utpote
1118 2389 1217 2452 quem
1242 2388 1359 2431 omnes

235 2485 375 2547 magnae
399 2466 603 2529 strenuitatis
627 2476 659 2529 et
682 2465 861 2551 singularis
886 2465 1069 2550 industriae
1092 2464 1277 2551 praesulem
1302 2486 1358 2529 no·

235 2571 363 2626 verant.
416 2561 527 2647 Digne
562 2565 673 2650 itaque
705 2565 866 2628 exercitui
898 2563 961 2628 Dei
993 2565 1128 2627 invento
1166 2563 1358 2650 primicerio

234 2659 388 2746 praebuit
411 2683 581 2726 assensum
615 2662 791 2728 multitudo
824 2661 928 2725 multa
958 2659 1140 2725 nobilium:
1179 2671 1211 2724 et
1246 2661 1359 2724 statim

235 2779 349 2822 omnes
373 2759 409 2822 in
432 2758 581 2823 vestibus
605 2761 836 2845 superamictis
860 2769 1061 2824 consuerunt
1090 2768 1223 2824 sanetae
1248 2759 1358 2823 crucis

236 2856 407 2922 vexillum.
440 2856 495 2922 Sic
512 2860 601 2922 enim
616 2859 709 2946 Papa
733 2869 946 2945 praeceperat
969 2870 1002 2922 et
1026 2859 1120 2922 ituris
1143 2856 1207 2921 hoo
1223 2857 1358 2941 signum

235 2953 344 3020 facere
368 2955 678 3044 complacuerat.“¹)

327 3091 357 3155 8.
382 3091 537 3155 Pontifex
561 3114 657 3177 porro
682 3089 836 3156 omnibus
860 3092 917 3176 qui
941 3112 1073 3154 crucem
1098 3091 1304 3174 susciperent
1327 3097 1361 3152 et

177 3179 198 3207 ¹·
236 3186 280 3251 ad
303 3184 427 3251 bollum
452 3211 583 3253 sacrum
616 3212 651 3254 se
686 3191 912 3274 accingerent,
950 3190 1098 3253 contritis
1133 3196 1166 3251 et
1200 3185 1360 3264 confessis

238 3287 400 3350 concessit
422 3285 665 3372 indulgentiam
688 3286 881 3372 plenariam,
906 3287 952 3350 ita
974 3284 1140 3366 videlicet,
1165 3294 1201 3347 ut
1223 3285 1360 3370 poticam-

236 3409 293 3471 qua
311 3407 375 3470 pro
401 3384 470 3448 solo
494 3385 673 3462 deuotione,
697 3408 759 3448 ooo
779 3409 842 3471 pro
866 3385 995 3448 bononis
1016 3382 1065 3446 oet
1083 3384 1239 3469 posnaniae
1264 3381 1360 3468 adep-

237 3485 332 3562 tione,
357 3483 401 3546 ad
424 3483 625 3547 liberandam
648 3483 810 3548 ecclesiam
825 3483 889 3546 Dei
903 3480 1085 3546 Jerusalem
1102 3479 1268 3567 profectos
1289 3478 1359 3561 fue-

236 3581 294 3658 rit,
326 3581 387 3642 iter
409 3579 494 3644 illud
510 3606 574 3668 pro
606 3583 691 3646 omni
714 3583 915 3667 poenitentia
947 3577 1151 3666 reputetuo·.⁹)
1198 3577 1361 3642 Personas

237 3687 350 3742 autem
374 3687 407 3742 et
421 3678 508 3745 bona
532 3701 646 3743 corum
670 3681 726 3765 qui
751 3700 863 3743 sacrae
887 3677 1091 3763 expeditioni
1116 3697 1150 3739 se
1169 3675 1361 3761 jungerent,

238 3775 299 3841 sub
329 3779 533 3862 protectione
557 3801 597 3842 ao
620 3777 785 3864 praesidio
811 3775 981 3841 Ecclesiae
1011 3774 1182 3839 constituit
1214 3774 1260 3836 ita
1291 3773 1362 3858 qui·

314 4063 331 4122 ¹)
350 4060 452 4115 Hister.
472 4061 649 4133 Hierosolym.
669 4076 711 4128 ap.
732 4059 886 4114 Watterich
905 4059 927 4114 l.
948 4059 1007 4112 602.

312 4150 333 4219 ²)
353 4151 386 4206 V.
406 4151 560 4205 Wattcrich
579 4151 595 4204 l.
616 4167 637 4204 c.
657 4166 682 4217 p.
702 4149 762 4203 603.
