2814 4840
322 493 338 546 2
594 494 679 548 XXX.
699 495 739 549 De
758 495 923 550 Pontificatn
941 497 1075 551 Bonifatii
1095 496 1173 550 l'IIl.

412 636 442 701 2.
475 639 591 722 Aequo
623 640 724 722 igitur
747 641 902 704 examine
932 639 1092 704 Bonifatii
1123 640 1212 705 facta
1243 640 1391 726 perlustrare

323 735 469 799 maxime
493 737 659 801 convenit.
706 737 784 823 Ipsis
807 748 918 802 autem
943 740 1072 802 sincera
1095 747 1128 802 et
1151 761 1195 802 ex
1218 737 1341 802 fontibus
1357 757 1395 820 pe

321 834 383 897 titt
407 835 595 898 narratione
627 856 740 899 eorum
771 857 856 921 quae
879 845 971 920 gesta
994 847 1072 900 sunt
1104 837 1245 922 patebit,
1272 837 1395 901 immerito

324 931 412 996 hunc
428 922 623 996 Pontificem
647 941 713 996 tam
738 935 859 998 acriter·
881 942 1074 998 accusatum
1097 935 1208 1002 fuisse.
1244 933 1395 1016 Videbimus

324 1031 422 1113 enim,
448 1051 514 1095 non
539 1032 601 1116 ipsi
626 1029 840 1095 tribuendum
865 1053 944 1114 esse,
970 1031 1060 1117 quod
1084 1030 1269 1096 labentibus
1294 1027 1395 1114 saeculis]

323 1128 471 1192 influxus
494 1126 548 1192 ille
571 1126 770 1192 Pontificum
802 1131 836 1193 in
861 1129 1073 1194 moderamen
1097 1131 1266 1194 nationum
1288 1119 1395 1200 christini

323 1247 440 1290 narum
458 1226 642 1290 diminutus
657 1227 773 1308 fuerit3
797 1227 854 1292 sed
870 1227 1074 1293 Bonifatium
1091 1226 1190 1292 laude
1206 1226 1330 1312 dignum
1343 1211 1395 1326 esui

324 1323 412 1410 quod
431 1324 509 1410 jura
532 1322 701 1388 Ecclesiae
726 1335 759 1389 et
782 1347 861 1389 vera
884 1326 1050 1411 principia
1066 1325 1264 1406 solemniter,
1285 1321 1395 1410 queunt

324 1444 477 1486 successu
518 1424 628 1487 minus
662 1421 768 1504 felici,
811 1432 925 1488 contra
967 1444 1174 1508 aggressores
1209 1419 1392 1487 vindicaverit

325 1519 444 1584 Utrum
468 1542 556 1602 vero,
581 1520 669 1607 quod
694 1520 797 1607 aliqui
826 1532 977 1586 auctores
1007 1531 1136 1607 putant,
1169 1521 1234 1586 hac
1256 1523 1288 1585 in
1307 1541 1337 1582 re
1354 1511 1395 1602 pai

324 1619 385 1681 sim
411 1619 529 1682 minori
553 1617 729 1703 prudentia
753 1620 922 1705 nimiaque
937 1618 1149 1683 vehementia
1172 1601 1395 1778 processerit&

324 1737 434 1780 rerum
458 1717 663 1800 expositione
690 1714 913 1801 judicandum
939 1719 1009 1786 erit.
1057 1716 1156 1798 Quod
1180 1716 1309 1780 demum
1329 1711 1363 1776 ad

324 1835 410 1899 qnae
433 1812 598 1878 Bonifatio
629 1811 754 1877 tributa
776 1813 868 1878 fuere
892 1816 1011 1879 attinet
1034 1816 1185 1896 crimina,
1216 1812 1318 1900 quoad
1339 1808 1379 1896 plu

324 1913 497 1997 perspicue
528 1910 662 1996 probari
692 1921 807 1996 potest,
839 1914 972 1976 nonnisi
1004 1935 1064 1999 por
1097 1911 1297 1978 calumniam
1321 1907 1383 1972 eade

324 2010 388 2095 ipsi
411 2009 562 2094 impingi,
586 2007 696 2094 quoad
713 2009 777 2073 alia
794 2009 934 2092 ostendi,
958 2011 1204 2075 accusationem
1224 2009 1330 2074 saltem
1345 2001 1393 2070 noll

324 2109 386 2172 niti
411 2105 514 2172 solido
539 2106 764 2171 fundamento.
1394 2085 1395 2144 l

423 2205 606 2290 Scriptores
642 2206 812 2290 praecipui
847 2204 888 2269 de
921 2205 1087 2269 Bonifatio
1119 2205 1204 2270 VIII
1240 2199 1393 2270 consulenti

156 2335 162 2344 ·
200 2317 203 2323 “
324 2313 401 2370 sunt
424 2305 496 2368 isti:
528 2300 676 2368 Iacobus
700 2301 800 2368 Carti.
825 2301 1078 2388 Stephanescht
1107 2301 1241 2368 Cumaea
1266 2303 1302 2368 de
1323 2302 1375 2366 nito

323 2403 560 2468 concursatione
584 2423 608 2466 s.
629 2399 798 2466 Coelestini
826 2399 990 2484 (Bolland.
1010 2423 1052 2468 m.
1078 2401 1178 2488 Majo.
1195 2401 1234 2466 Τ.
1255 2401 1311 2466 IV.
1329 2421 1354 2483 p.

325 2505 420 2586 sqq.).
433 2537 476 2546 —-
489 2498 677 2564 Ptolomeus
691 2499 853 2564 Lucensis
869 2499 940 2562 hist.
955 2497 1026 2563 eccl.
1041 2497 1061 2565 l.
1077 2499 1195 2564 XXIV.
1210 2523 1236 2566 c.
1250 2503 1293 2564 29
1305 2515 1391 2583 sqq-‚³

325 2598 484 2662 Muratori
518 2597 589 2663 Ser.
620 2597 658 2662 T.
691 2598 752 2662 XI.
784 2599 857 2662 741.
892 2633 935 2644 -
966 2596 1132 2681 Baynaldi
1166 2596 1311 2662 Annales
1339 2593 1373 2657 ad

326 2696 556 2760 1294-1303.
581 2731 624 2742 —
649 2694 685 2760 P.
710 2695 847 2780 Dupuy‚
879 2695 1007 2758 histoire
1036 2695 1080 2758 dn
1103 2693 1263 2780 dfflrend
1294 2695 1334 2758 du
1355 2691 1395 2778 P‘l

326 2791 482 2878 Boniface
512 2791 592 2856 VIII
612 2813 685 2856 uoec
708 2791 985 2878 Ptitippe-te-Bel.
1012 2791 1105 2856 Paris
1132 2791 1229 2858 1655.
1254 2830 1298 2840 —
1320 2783 1395 2866 Adril

327 2889 457 2971 Baillct,
487 2891 615 2954 histoire
639 2890 694 2954 cies
718 2888 866 2954 demealez
899 2889 943 2954 dn
967 2890 1053 2976 Papo
1078 2889 1236 2976 Boniface
1267 2891 1342 2956 VIII
1367 2871 1395 2970 “l

329 2985 602 3074 Philippa-telin,
633 2987 727 3052 Paris
757 2987 853 3053 1718.
890 3025 927 3036 -
964 2987 1135 3070 Boutaric,
1169 2988 1203 3058 la
1228 2989 1346 3054 Fronte-
1368 2973 1395 3142 tp

328 3083 604 3172 Philippo-teitu,
638 3085 731 3150 Paris
759 3085 852 3151 1861.
885 3123 927 3134 -
953 3087 996 3152 D.
1021 3086 1121 3172 Luigi
1145 3085 1250 3167 Tosti,
1285 3085 1395 3166 Stet-ia

328 3183 498 3272 Bonifaoio
529 3184 610 3248 VIII
621 3180 648 3247 'e
671 3182 724 3246 dei
747 3185 817 3248 enci
840 3186 946 3270 tempi,
978 3183 1090 3248 Monte
1115 3183 1255 3250 Cassino
1288 3167 1395 3252 1846.l

329 3281 522 3362 Drumann,
557 3281 734 3346 Geneticlte
765 3281 956 3367 Bonifatius
985 3282 1041 3346 des
1069 3281 1202 3363 Aetates,
1239 3263 1395 3365 Kiinigsbf

332 3379 429 3445 1852.
445 3417 488 3428 -
502 3378 655 3451 Bianchi.
672 3377 759 3442 della
771 3385 899 3464 potesta
915 3377 1146 3459 dellu'Cltieeo,
1164 3381 1200 3445 L.
1224 3381 1279 3446 VJ.
1296 3379 1328 3466 ῥ’.
1348 3377 1372 3440 V

331 3515 375 3526 -
397 3476 579 3558 Wiseman,
609 3477 748 3563 Des'ensc
777 3477 815 3541 de
839 3477 945 3542 divers
965 3479 1073 3563 points
1100 3479 1139 3542 de
1163 3478 1197 3543 la
1219 3481 1271 3544 trie
1295 3479 1333 3542 de
1354 3475 1392 3540 Bo

323 3575 401 3661 face
431 3577 521 3654 VIII,
556 3575 745 3642 Universitt
776 3574 963 3661 catholique
994 3587 1016 3640 t.
1048 3576 1098 3642 12.
1130 3599 1161 3662 p,
1186 3577 1241 3642 59.
1276 3613 1319 3624 -
1349 3565 1395 3658 liol

334 3672 464 3754 bacher,
490 3675 532 3738 H.
550 3675 587 3738 E.
606 3684 627 3740 f.
644 3676 696 3739 19.
720 3711 763 3722 —-
788 3673 916 3756 Helele,
946 3670 1315 3748 Conciliato-Getulicltie‚
1339 3674 1365 3737 B

333 3807 373 3818 —
399 3771 523 3854 Hiifler,
549 3771 761 3857 Ablrandlnop
785 3773 815 3836 d.
843 3772 948 3858 boyer.
974 3772 1078 3839 Akad.
1103 3773 1133 3836 d.
1158 3773 1250 3838 Wti'.
1275 3775 1375 3838 ltistoa

332 3869 393 3934 Bul.
409 3870 469 3934 III.
485 3873 516 3935 3.
534 3907 575 3916 -
592 3870 849 3954 Hergenrtitlrer,
866 3871 906 3936 K.
926 3869 965 3936 G.
983 3871 1021 3936 B.
1038 3871 1082 3936 II.
1099 3894 1122 3936 s.
1141 3875 1158 3935 1
1177 3893 1243 3957 sqq.
1269 3909 1314 3920 -
1337 3869 1378 3934 Ba

334 3965 444 4032 Stoi-ia
466 3968 497 4031 d'
514 3966 585 4033 Ital.
613 3967 648 4032 L.
673 3967 826 4033 XXVIII.
851 3969 966 4035 XXIX.
992 4005 1035 4016 —-
1059 3967 1087 4032 ll
1110 3968 1236 4056 Papato
1263 3967 1328 4034 vol.
1343 3959 1395 4036 XJ

336 4064 431 4130 1878.
456 4087 488 4150 p.
512 4066 564 4131 ⁴27.
598 4066 715 4130 Nnoeo
737 4065 955 4151 eonfitweione
979 4066 1016 4130 di
1038 4065 1149 4132 alentio
1172 4089 1286 4132 accuse
1310 4083 1395 4140 orosae

333 4161 503 4249 Bonifocio
526 4163 611 4228 VIII.
627 4201 670 4211 -—
687 4163 780 4229 Alios
801 4165 977 4252 scriptores
1001 4163 1079 4229 vido
1103 4187 1154 4250 ap.
1180 4162 1367 4230 chevalier.
1388 4151 1395 4230 l

335 4263 486 4344 pertoire,
510 4260 834 4348 Bio·Bibliographio
857 4261 919 4327 sub
944 4283 1025 4327 voce
1049 4262 1207 4332 Boniface
1227 4263 1324 4330 Vlll.
1394 4289 1395 4308 ¹
