2844 4840
357 456 398 511 De
415 456 497 512 Bulla
519 457 607 512 Cuma
627 458 767 514 Soractem.
1090 462 1126 516 55

29 625 82 668 non
113 601 278 680 confundi,
312 600 372 666 sed
398 602 549 686 apprime
580 599 740 686 distingui
773 605 1003 670 auctoritatem
1034 607 1127 692 spiri·

27 700 146 782 malem
174 709 207 764 et
239 699 470 764 auctoritatem
508 719 565 764 seu
597 699 865 785 jurisdictionem
902 703 1128 790 temporalem.

28 801 69 862 Ac
90 797 272 864 nullatenus
304 807 414 881 negat,
448 796 506 861 sed
538 795 692 877 affirmat,
726 796 813 862 hane
844 811 1038 885 potestatem
1071 823 1128 867 seu

25 897 160 980 gladium
182 893 395 981 temporalem
420 895 600 958 convenire
623 894 758 979 regibus
781 907 814 960 et
836 897 1054 984 principibus,
1079 921 1130 964 eo·

27 1015 151 1078 rumque
173 1015 273 1082 manu
297 992 522 1056 exercendum
546 995 657 1074 esse.¹)
706 993 823 1080 Neque
846 994 882 1081 b)
907 998 942 1061 in
967 995 1131 1063 Constitu·

24 1094 101 1156 tione
129 1092 228 1156 Unam
251 1100 394 1156 coemam
416 1091 583 1171 asseritur,
608 1114 628 1154 a
651 1091 812 1156 Pontifice
836 1094 1044 1180 principibus
1067 1094 1131 1160 ool·

24 1189 112 1254 latam
137 1191 242 1274 primo
266 1188 320 1252 vel
343 1188 521 1274 deteparam
543 1210 614 1252 esee
632 1209 745 1252 eorum
762 1199 957 1274 potestatem
982 1204 1015 1256 et
1032 1193 1129 1278 juris-

24 1289 190 1352 dictionem
212 1285 447 1372 temporalem3
472 1288 538 1350 imo
555 1287 762 1370 significatur
776 1289 896 1373 potius,
920 1291 1020 1354 etiam
1044 1293 1131 1376 prin·

24 1385 143 1470 cipibus
166 1395 361 1471 potestatem
383 1405 477 1448 suam
494 1383 709 1469 temporalem
733 1407 753 1450 a
776 1385 849 1450 Deo
873 1385 1026 1454 collatam
1050 1409 1131 1471 esse,

24 1485 164 1572 quamvis
198 1503 274 1548 oum
308 1482 581 1548 subordinatione
611 1481 655 1546 ad
687 1486 917 1548 auctoritatem
950 1485 1131 1552 Ecclesiae.

24 1583 175 1646 Provocat
190 1583 281 1646 enim
295 1580 451 1647 Pontifex
466 1580 509 1644 ad
527 1591 655 1644 textum
671 1581 833 1666 Apostoli,
857 1582 1021 1650 scribens:
1046 1585 1133 1650 Nam

21 1705 103 1766 quim
126 1681 215 1745 dicat
238 1678 429 1766 Apostolus:
454 1679 531 1742 Noa
545 1689 590 1742 eat
602 1688 746 1764 potestus
768 1681 834 1744 aiei
850 1704 871 1744 o
884 1682 964 1762 Deo,
989 1679 1132 1768 (abipso

24 1781 112 1864 igitur
137 1789 281 1864 potestas
304 1775 496 1862 temporalis
519 1776 734 1863 principum),
765 1802 845 1864 puae
877 1789 981 1844 eutem
1013 1804 1033 1843 α
1062 1780 1132 1844 Deo

22 1889 85 1942 aaut
106 1878 271 1956 ordinate,
294 1898 358 1940 eon
382 1885 485 1939 auum
508 1875 662 1940 ordinato
685 1887 796 1954 esseut,
820 1877 886 1940 uisi
902 1874 1030 1960 gladius
1054 1887 1134 1942 esset

23 1975 69 2038 nih
89 1973 210 2062 plodio.
234 2011 278 2022 -
301 1971 372 2038 lllis
395 1973 509 2038 verbis
530 1971 692 2038 Bonifatii
716 1975 818 2058 igitur
840 1976 873 2056 c)
897 1973 932 2038 id
956 1995 1035 2038 sane
1059 1995 1133 2040 eon·

21 2075 144 2154 tinctur,
168 2071 259 2158 qnod
283 2069 377 2136 malti
400 2081 552 2135 auctores
569 2071 714 2134 maxime
730 2081 858 2157 urgent,
882 2071 1030 2157 gladium
1055 2083 1134 2136 tem-

22 2171 157 2256 poralem
181 2171 335 2234 inseruire
358 2168 481 2233 debere
504 2167 686 2250 Ecclesiae,
715 2169 761 2233 ita
785 2181 822 2234 ut
844 2171 917 2256 ipsa
942 2169 983 2234 de
1007 2193 1045 2235 eo
1069 2171 1133 2237 dia·

18 2291 125 2352 ponere
148 2269 255 2354 possit
276 2289 335 2352 pro
359 2289 419 2331 sua
444 2268 656 2352 protectione.

99 2403 155 2468 59.
181 2401 315 2465 Dicitur
328 2411 440 2464 umen
456 2401 490 2464 in
509 2400 741 2464 constitutione
759 2401 870 2482 etiam,
887 2398 1036 2484 gladium
1052 2411 1133 2464 tem·
1157 2406 1290 2519 ,⁰222ss

22 2500 158 2582 poralem
177 2523 245 2564 aare
265 2499 370 2584 ipsius
387 2497 557 2562 Ecclesiae
578 2507 610 2561 et
627 2519 692 2561 csse
711 2499 746 2560 iu
758 2507 919 2584 potestate
939 2499 1009 2584 ejus
1026 2520 1303 2584 nequequmffle.

23 2595 93 2662 haec
102 2597 207 2662 verba
217 2595 322 2660 solum
334 2595 376 2660 ad
389 2594 595 2681 spiritualem
607 2594 755 2680 gladium
769 2596 1009 2681 protegendum
1020 2596 1133 2662 referri
1190 2593 1256 2634 “¹⁸¹2

23 2695 201 2780 possunt32)
232 2705 402 2780 praeterea
426 2691 576 2778 symbolo
601 2703 633 2756 et
656 2695 791 2758 nomine
814 2693 918 2779 gladii
941 2694 1132 2780 temporalis

24 2815 78 2858 non
106 2793 216 2858 solum
248 2791 455 2876 significatur
487 2801 631 2877 potestas
662 2793 812 2855 coactiva
845 2793 1045 2877 principum,
1077 2791 1135 2856 sed

23 2891 223 2975 significatur
252 2890 434 2974 generatim
469 2890 644 2953 auctoritas
671 2898 701 2952 et
724 2889 911 2979 jati-iedictt'o
940 2891 1135 2976 temporalia.

45 3075 70 3080 ...
79 3072 228 3080 ....——--

87 3179 108 3244 ¹)
128 3176 199 3229 Eam
217 3173 419 3228 distinctionem
438 3179 467 3226 et
485 3170 627 3238 utriusque
650 3173 824 3226 auctoritatis
849 3173 951 3228 limites
974 3179 1002 3228 et
1020 3174 1136 3228 indolem

20 3257 95 3310 etiam
114 3265 202 3310 antea
214 3253 370 3308 Bonifatius
388 3254 488 3308 diserte
502 3253 638 3320 professus
652 3261 695 3306 est
707 3254 735 3308 in
748 3253 911 3310 allocutione
923 3255 1029 3308 dicens:
1050 3254 1137 3321 „Qua-

22 3337 145 3406 draginta
164 3335 232 3390 anni
251 3343 323 3388 sunt.
343 3334 413 3401 quod
432 3349 480 3388 nos
499 3348 591 3388 sumus
610 3333 715 3400 experti
734 3333 763 3387 in
784 3333 860 3402 jure;
886 3343 914 3388 et
937 3335 1042 3400 scimus,
1067 3333 1137 3402 quod

22 3417 82 3470 «luae
100 3427 166 3472 sunt
188 3421 338 3484 potestates
362 3413 503 3492 ordinatae
527 3430 543 3466 a
566 3413 630 3466 Deo.
675 3412 740 3479 Quis
766 3429 831 3481 ergo
856 3415 936 3468 debet
959 3415 1067 3468 credere
1093 3415 1137 3468 vel

23 3507 110 3562 ptest.
137 3497 211 3566 qnod
236 3503 316 3548 tauta
341 3495 464 3558 fatuitas,
493 3501 573 3548 tanta
597 3493 756 3561 iusipientia
780 3494 817 3548 sit
836 3495 880 3548 vel
898 3493 983 3549 fucrit
1001 3495 1029 3548 in
1048 3494 1138 3561 capite

23 3580 126 3632 nstro?
145 3577 277 3640 Dicimus,
288 3575 357 3642 quod
370 3575 399 3627 in
413 3575 486 3628 nullo
496 3575 619 3629 volumus
629 3589 760 3641 usurpare
770 3574 988 3642 jurisdictionem
999 3575 1089 3643 regis.
1101 3618 1106 3627 .
1119 3595 1138 3640 .;

23 3673 68 3710 non
85 3668 179 3727 potest
199 3671 301 3726 negare
319 3671 368 3709 rex
385 3669 432 3709 seu
452 3655 611 3721 quicumque
631 3654 701 3708 alius
719 3654 813 3718 fidelis,
838 3657 909 3722 quod
926 3655 964 3710 sit
983 3655 1059 3708 nobis
1077 3655 1138 3708 sula

22 3739 100 3804 iectus
119 3739 231 3794 ratione
249 3736 377 3806 peccati.“

86 3839 108 3906 ¹)
128 3835 293 3904 christophe
319 3835 348 3888 in
375 3849 455 3902 opere
481 3850 542 3888 suo:
572 3833 694 3888 Histoire
721 3833 754 3887 de
781 3834 808 3886 la
827 3834 949 3902 Papaute
976 3834 1096 3902 pendant
1115 3834 1139 3888 le

23 3917 95 3968 me
118 3917 210 3978 siecle,
229 3916 271 3969 ita
290 3916 376 3969 vertit
395 3915 478 3968 verba
497 3915 599 3969 bullae:
625 3915 682 3980 „La
700 3913 790 3980 parole
809 3913 988 3982 evangelique
1007 3929 1074 3968 nous
1093 3929 1139 3982 ap·

24 3998 98 4064 prend
118 3997 186 4064 qu‘il
206 4012 224 4063 5
243 4013 260 4048 a
278 3996 349 4050 deux
366 3995 473 4064 glaives
493 4011 528 4049 au
547 3994 650 4049 service
669 3993 702 4047 de
714 3993 839 4062 l’llglise:
859 3994 884 4047 le
903 3994 995 4062 gleire
1013 3993 1139 4062 spiritual

24 4087 48 4130 ct
65 4079 87 4131 le
105 4078 202 4147 glaive
221 4075 359 4143 temporel.
397 4076 435 4130 Le
453 4076 569 4144 premier
594 4075 651 4128 doit
669 4075 729 4130 etre
751 4073 872 4142 employa
897 4090 946 4142 par
968 4073 1089 4142 l'Eglise,
1115 4073 1140 4127 le

24 4160 111 4212 second
131 4174 202 4226 pour
220 4155 357 4225 l’Eglise.“
395 4156 440 4210 Ita
459 4155 637 4210 difficultates
661 4155 787 4209 vitantur
810 4159 838 4208 et
856 4170 950 4209 sensus
968 4152 1138 4222 explanatur,

24 4249 138 4294 acumen
157 4236 264 4304 aliquid
283 4236 397 4306 amplius
416 4251 550 4292 censerem
569 4236 597 4290 in
617 4233 706 4288 verbis
725 4234 936 4288 Constitutionis
956 4232 1097 4288 contineri.
