2832 4844
230 464 269 519 De
289 466 440 519 Socraticae
459 465 640 536 Properattea
658 481 679 520 a
698 466 828 520 Ludovici
846 467 895 520 IX.
1073 467 1127 522 449
1164 507 1168 516 .

37 631 51 668 r.
70 607 219 672 Ludovici
249 629 317 672 non
349 631 420 672 esse
455 608 692 690 authenticam,
728 609 899 674 contendit
920 621 1041 692 tamen,
1080 613 1127 675 in·

36 707 137 769 firmam
163 705 258 791 plane
291 727 362 770 esse
391 705 635 791 probationem,
670 706 749 770 dum
780 729 821 771 ex
846 731 867 771 s
895 708 1060 772 Ludovici
1091 711 1126 773 in

34 801 188 866 Ecclesiam
211 814 244 867 et
259 803 379 870 Sedem
396 804 580 868 Romanam
604 806 660 890 pia
676 804 906 887 submissione,
930 816 1028 870 etex
1052 828 1126 871 con-

33 901 132 965 ditione
154 923 261 966 rerum
286 901 585 966 ecclesiasticarum
610 905 644 967 in
668 898 789 985 Gallia,
820 903 941 989 quibus
964 903 1053 968 haud
1077 926 1126 967 re-

32 999 187 1084 spondeant
208 999 342 1063 articuli
366 999 456 1063 illius
472 999 606 1081 decreti,
632 1000 817 1082 deducitur,
841 1024 862 1064 a
883 1001 1057 1065 Ludovico
1075 1002 1126 1066 IX

30 1119 84 1160 sam
105 1095 301 1162 &acconem
325 1098 449 1162 editam
474 1120 544 1162 esse
570 1120 636 1163 non
654 1121 758 1185 posse.
804 1100 930 1163 Nititur
954 1099 1030 1163 dein
1054 1120 1126 1184 pro·

30 1193 96 1278 bare,
117 1198 276 1260 simoniae
300 1194 424 1259 malurn
449 1198 549 1260 etiam
574 1219 612 1260 oo
637 1207 784 1284 tempore
808 1199 975 1284 serpsisse,
1008 1197 1125 1260 Roma-

28 1313 71 1355 nos
90 1293 262 1358 Pontifices
287 1301 470 1357 coarctasse
494 1295 778 1360 nominationibus
801 1305 834 1359 et
856 1296 1125 1381 praesentationi·

27 1387 71 1452 bns
92 1390 285 1456 electionum
300 1389 496 1472 libertatem,
522 1401 555 1455 et
578 1413 644 1455 non
667 1414 741 1456 raro
758 1392 990 1457 exactionibus
1013 1395 1124 1456 curiae

27 1487 168 1553 Romanae
192 1488 349 1553 ecclesias
372 1510 504 1575 quoque
528 1488 659 1554 Galliae
682 1501 821 1555 vexatas
844 1491 986 1572 fuisse.²)

95 1588 141 1652 77.
168 1587 212 1652 Ut
236 1587 299 1651 hac
323 1587 364 1651 de
387 1609 423 1650 re
437 1587 583 1673 prudens
601 1588 769 1673 judicium
784 1589 984 1670 instituatur,
1008 1587 1124 1652 adver·
1143 1591 1293 1639 nmmum·

25 1685 136 1748 undum
160 1707 240 1749 sane
265 1694 322 1764 est,
351 1694 503 1749 auctores
526 1684 656 1771 aliquos
685 1686 764 1751 dum
789 1687 987 1751 sententiam
1012 1707 1124 1772 quam·

25 1779 80 1846 darn
102 1785 255 1846 evincere
279 1785 439 1864 nituntur,
469 1784 504 1847 in
528 1805 702 1848 excessum
726 1784 893 1848 interdum
917 1782 1019 1848 abire.
1067 1782 1124 1848 At·

22 1901 68 1961 que
89 1883 130 1944 ita
153 1891 269 1964 agunt,
295 1883 351 1966 qui
375 1903 515 1965 reguum
540 1903 580 1944 ac
602 1882 803 1966 gubernium
828 1905 852 1947 s.
877 1881 1043 1945 Ludovici
1076 1883 1124 1945 sic

22 1973 198 2060 describunt,
230 1980 320 2042 acsi
345 1980 457 2042 omnia
481 1979 515 2042 in
540 1989 627 2042 statu
651 1979 749 2064 plane
773 1981 895 2043 eximio
919 1980 1068 2061 fuissent,
1092 1989 1125 2042 et

22 2073 51 2135 ob
69 2078 204 2160 piissimi
229 2078 316 2161 regis
344 2075 599 2142 submissionem
631 2076 772 2141 docilem
805 2075 867 2140 sub
897 2079 1062 2162 episcopis
1091 2086 1124 2140 et

12 2169 84 2236 'Sede
105 2165 311 2260 Apostolioa,
342 2196 514 2260 nunquam
537 2175 612 2239 lites
636 2175 677 2240 de
701 2177 824 2240 mutuis
848 2175 982 2261 juribus
1005 2197 1123 2260 pacem

22 2281 41 2330 a
59 2272 266 2336 concordiam
303 2271 356 2335 vel
392 2274 528 2336 minime
561 2271 760 2339 turbassent.
811 2273 879 2338 Ista
914 2283 992 2338 sunt
1026 2294 1123 2356 exag-

19 2381 116 2448 prata.
154 2369 410 2435 Controversiae
435 2370 475 2434 de
494 2369 627 2456 juribus
647 2373 724 2435 oriri
741 2383 880 2457 possunt
895 2373 994 2435 etiam
1019 2393 1122 2456 quum

19 2469 174 2532 universim
202 2467 380 2533 concordia
407 2478 534 2552 regnat,
559 2478 658 2555 atque
681 2469 849 2554 praesules
872 2492 1013 2556 quoque,
1038 2469 1122 2534 ordi·

19 2581 58 2626 nes
77 2567 258 2651 religiosos,
289 2567 378 2629 viros
401 2567 549 2650 insignes
579 2569 666 2631 inter
688 2589 723 2631 se
747 2569 871 2653 passim
893 2566 1024 2651 litigare
1048 2588 1121 2631 con·

19 2664 150 2744 spirimus
175 2666 297 2751 quovis
320 2664 461 2746 saeculo,
497 2667 578 2750 quin
602 2664 720 2750 culpae
744 2664 859 2730 saltem
893 2667 1009 2751 majori
1041 2664 1121 2729 talis

17 2773 174 2827 vertantur.
236 2762 443 2847 Frequenter
473 2764 563 2826 enim
595 2785 638 2826 ex
660 2762 771 2828 ,dubio
803 2773 890 2827 statu
921 2785 1046 2846 rerum,
1078 2785 1121 2826 ex

15 2853 132 2924 diversis
154 2859 338 2924 tondentiis
362 2861 421 2924 etsi
446 2860 604 2944 honestis,
628 2859 682 2924 vel
702 2882 746 2924 ex
759 2861 951 2925 infirmitate
975 2860 1121 2947 quadam

15 2951 156 3022 humanae
180 2967 322 3022 naturae
339 2959 440 3022 insita
456 2957 535 3022 talia
550 2959 762 3044 proveniunt.
780 2995 823 3006 —
837 2958 889 3022 Ita
903 2960 1004 3044 igitur
1020 2959 1121 3022 etiam

15 3053 61 3115 sub
80 3077 178 3140 regno
210 3055 359 3120 Blancae
389 3063 422 3118 et
450 3079 475 3120 s.
498 3055 666 3120 Ludovici
697 3057 820 3142 passim
851 3057 1015 3142 quaedam
1046 3056 1122 3120 lites

14 3152 304 3238 compraesulibus
335 3153 388 3217 vel
420 3155 665 3218 controversiae
697 3175 773 3218 cum
810 3153 895 3220 Sede
927 3153 1120 3241 Apostolica

12 3259 124 3314 exortae
148 3259 247 3331 sunt3
283 3251 418 3337 dejure
441 3251 583 3336 repoliae
615 3252 788 3336 speciatim
813 3251 891 3316 inde
922 3274 942 3316 a
972 3260 1121 3337 tempore

13 3339 136 3434 Philippi
161 3347 309 3432 Augusti
334 3371 438 3435 usque
462 3349 506 3413 ad
520 3348 712 3435 Philippum
728 3348 908 3413 Pulchrum
933 3359 1119 3414 controver-

14 3443 64 3506 siae
85 3469 157 3511 cum
184 3445 272 3512 Sede
291 3447 484 3533 Apostolica
507 3446 643 3512 liabitas
666 3446 785 3534 santi)
808 3487 852 3496 —
876 3445 942 3510 Sed
958 3449 1009 3510 vis
1025 3469 1119 3532 argu·

14 3546 94 3606 nenti
117 3546 151 3609 iu
168 3566 208 3609 eo
227 3547 386 3628 consistit,
411 3545 499 3631 quod
516 3544 709 3609 Ludovicus
724 3546 944 3610 reverentiam
962 3566 1118 3628 maguam

15 3635 38 3700 in
57 3640 169 3706 Sedem
195 3642 422 3728 Apostolicam
447 3665 577 3728 semper
597 3642 765 3728 professus
788 3644 840 3725 sit,
864 3641 1014 3728 adeoque
1038 3642 1120 3707 Soa-

14 3737 105 3803 rt'oru'r
131 3749 202 3804 tam
228 3741 369 3805 acerbae
397 3742 431 3806 in
456 3741 622 3806 Romanos
645 3741 824 3805 Pontifices
855 3751 971 3804 auctor
1001 3740 1118 3805 haberi
1195 3815 1198 3820 Ι

71 4004 87 4070 ¹)
104 4007 226 4060 Examen
246 4006 362 4072 critique
379 4007 396 4063 l
416 4023 438 4061 c
457 4007 494 4062 H.

68 4083 85 4144 'r
101 4085 150 4140 lus
175 4085 301 4154 regaliae
325 4087 353 4140 iu
376 4102 408 4141 eo
432 4087 611 4151 consistebat,
643 4087 712 4154 quod
739 4085 942 4154 episcopatuum
967 4091 1119 4154 proventus

15 4165 110 4229 uapore
127 4165 282 4220 messionis
301 4181 349 4220 rex
366 4166 504 4234 percipere
521 4172 620 4234 posset,
640 4172 669 4221 et
686 4166 765 4234 pleno
779 4165 843 4234 jure
861 4167 1001 4220 nominare
1019 4165 1054 4219 ad
1072 4165 1117 4220 be-

15 4241 89 4296 aaa
104 4251 167 4300 tnnc
185 4245 327 4310 vacantia,
346 4247 465 4314 exceptis
483 4245 624 4314 parochiis.

55 4342 184 4398 tmgmnu,
198 4345 389 4386 Dissamtlones.
403 4345 468 4386 Turn.
484 4345 512 4387 V.
973 4337 1008 4388 29
