2850 4834
275 371 326 423 152
488 368 604 423 XXXII.
626 371 664 423 De
686 369 860 424 Pontificibus
880 372 1020 424 Avenlone
1040 375 1219 428 commoraris.

272 515 448 594 intravit,¹)
482 535 596 577 omnes
627 514 894 600 frequentissime
925 515 1030 578 Roma
1061 517 1222 600 aufugere
1253 528 1283 580 et
1311 516 1390 581 alibi

158 631 212 659 τω
227 621 248 659 ⁵11
274 612 469 674 commorari
496 613 599 674 coacti
625 621 711 676 sunt.
746 611 886 697 Propter
902 611 1096 677 Guelforum
1115 625 1147 676 et
1164 614 1389 680 Gibeliuorum

273 719 382 795 partes
397 708 575 773 Pontifices
595 720 754 794 perpetuo
772 710 905 773 cuidam
924 709 1109 774 discrimini
1127 716 1268 798 expositi
1292 729 1392 780 eraut.

273 829 310 872 eo
342 808 395 871 vel
427 810 543 891 magis,
580 808 668 892 quod
701 808 798 872 simul
831 809 977 872 familiae
1002 809 1129 875 nobiles
1154 811 1319 874 Romanae
1354 815 1414 876 iis¹

272 915 406 992 propter
438 905 654 969 ambitionem
691 915 722 969 et
762 906 956 970 dominandi
1001 909 1193 992 cupidinem
1236 912 1394 973 maximas

273 1004 484 1068 difficultates
509 1003 677 1069 creabant.
719 1004 916 1069 Ursinorum
941 1014 973 1066 et
989 1003 1227 1071 Columnarum
1252 1006 1393 1071 familiar—

272 1104 417 1188 primum
441 1101 550 1166 locum
567 1102 691 1166 Romae
716 1102 936 1188 occupabant,
961 1102 1009 1166 illi
1027 1101 1234 1184 Guelforum,
1260 1105 1295 1169 hi
1319 1127 1414 1170 vero:

273 1199 516 1264 Gibellinorum
541 1198 691 1285 partibus
714 1200 841 1264 addicti
874 1204 1089 1274 erant;-istis
1120 1215 1231 1267 autem
1263 1203 1414 1286 familiis,

273 1299 419 1384 reliquae
451 1296 597 1361 familiae
620 1295 748 1364 nobiles
774 1296 919 1380 (Savelli,
953 1297 1206 1384 Stephaneschi,
1237 1301 1414 1372 Annibal-t

273 1396 397 1478 deschi,
432 1395 538 1476 Conti,
572 1395 724 1478 Gaetani,
756 1395 984 1481 Paparcschi,)
1018 1408 1050 1459 et
1080 1397 1223 1462 barones
1246 1397 1414 1471 Romanil

273 1494 326 1558 vel
351 1517 392 1558 ex
417 1517 484 1558 una
508 1493 561 1557 vel
585 1515 628 1556 ex
651 1493 754 1558 altera
778 1505 881 1578 parte,
906 1515 940 1558 se
959 1494 1158 1579 jungebant.
1206 1495 1396 1561 Simultates

273 1594 375 1678 igitur
404 1602 499 1655 erant
529 1601 719 1678 perpetuae,
751 1601 895 1676 potestas
928 1592 1037 1656 civilis
1062 1591 1234 1658 Pontifiois
1268 1593 1313 1658 ab
1339 1594 1396 1657 illis

272 1689 473 1755 factionibus
505 1690 737 1775 usurpabatur,
769 1712 808 1753 ac
838 1689 1011 1754 turbarum
1045 1701 1077 1754 et
1106 1690 1214 1756 luctae
1238 1713 1308 1756 non
1333 1713 1395 1756 erat

273 1788 358 1855 finis.
406 1789 540 1852 Dicitur
558 1789 629 1874 jam
646 1787 848 1852 Benedictus
865 1787 916 1852 XI
941 1787 1116 1852 consilium
1142 1791 1280 1874 cepisse,
1306 1802 1344 1852 ut
1367 1793 1394 1852 iu

273 1887 419 1972 aliquam
444 1885 698 1970 Langobardiae
728 1887 899 1950 civitatem
924 1889 1036 1950 curiae
1060 1885 1260 1972 pontificalis
1288 1887 1395 1951 sedem

273 1984 513 2064 transferret;²)
546 2006 631 2069 quae
656 2005 734 2048 vero
758 1993 829 2046 tum
854 1986 916 2069 ipsi
941 1995 1011 2048 tum
1037 1985 1210 2048 Bonifaeio
1235 1985 1323 2049 VIII
1352 2009 1397 2048 ac·

274 2081 433 2163 ciderunt,
465 2081 605 2146 multum
637 2083 720 2146 forte
746 2079 951 2146 Clementem
984 2093 1170 2148 moverunt.
1219 2082 1396 2168 Quumque

272 2203 331 2266 pro
357 2203 416 2243 sua
441 2181 474 2243 in
501 2181 642 2264 patriam
667 2203 706 2244 ac
731 2180 891 2244 familiam
916 2183 1042 2264 regiam
1068 2177 1198 2245 Galliae
1222 2183 1395 2245 affectione

274 2277 452 2362 benignius
472 2278 514 2341 de
530 2277 676 2364 Philippi
702 2279 812 2343 animo
830 2289 862 2341 et
878 2281 979 2362 gestis
989 2277 1167 2364 judicaret,
1192 2288 1295 2364 atque
1312 2279 1396 2342 haud

274 2379 353 2440 satis
377 2378 578 2461 perspiceret
602 2375 750 2460 pericula
783 2377 1064 2462 independentiae
1089 2383 1126 2443 rt.
1152 2375 1311 2441 Pontifici
1346 2381 1397 2441 im·

275 2475 445 2553 minantia,
476 2475 509 2536 in
535 2469 645 2537 Gallia
668 2474 710 2537 ad
736 2485 866 2559 tempus
890 2497 1062 2539 remanere
1087 2476 1269 2538 constituit.
1323 2475 1397 2539 Sub·

275 2581 450 2657 sequentcs
474 2572 551 2634 dein
569 2571 747 2635 Pontifices
771 2571 936 2635 similibus
960 2572 1052 2636 ducti
1070 2583 1147 2637 sunt
1164 2575 1312 2652 motivis,
1339 2577 1397 2637 imo

275 2669 411 2754 quidam
436 2671 535 2733 etiam
560 2691 661 2754 quum
688 2669 820 2750 vellent,
853 2671 954 2733 variis
979 2672 1087 2734 causis
1117 2669 1215 2755 plane
1248 2671 1398 2757 impediti

274 2779 377 2848 erant,
403 2769 580 2853 quominus
604 2767 715 2832 sedem
742 2772 859 2832 iterum
885 2767 1023 2832 Romam
1047 2768 1274 2832 transferrent.

365 2865 464 2929 Modo
499 2865 763 2930 dissertationem
796 2865 837 2928 de
862 2865 1080 2929 Pontificibus
1105 2865 1397 2934 Avenioueusibus

275 2967 321 3029 ita
354 2965 580 3040 instituemus,
621 2973 657 3026 ut
692 2965 838 3049 primum
868 2965 988 3028 seriem
1025 2985 1137 3028 eorum
1178 2964 1395 3048 singulorum·

275 3085 339 3149 que
364 3064 467 3125 vitam
493 3072 525 3126 et
549 3063 745 3148 praecipuas
776 3084 829 3126 res
852 3071 961 3146 gestas
994 3061 1191 3146 compendio
1216 3061 1327 3126 oculis
1351 3063 1397 3124 ob·

269 3161 437 3247 jiciamus‚
472 3159 548 3223 dein
574 3181 652 3223 vero
687 3159 797 3246 capita
822 3159 985 3246 quaedam
1011 3161 1241 3223 examinemus
1265 3161 1397 3246 majoris

274 3259 442 3339 momenti,
475 3280 561 3343 quae
586 3258 770 3335 conferunt,
803 3269 839 3323 ut
867 3256 998 3322 illorum
1023 3269 1208 3343 temporum
1234 3261 1329 3323 notio
1353 3281 1396 3322 ac-

275 3359 421 3421 curatior
443 3359 643 3441 acquiratur,
668 3356 710 3420 ab
735 3357 868 3442 injustis
885 3355 1020 3442 quidem
1033 3355 1309 3420 accusationibus
1322 3357 1394 3421 Pon-

276 3455 381 3520 tifices
406 3454 452 3517 illi
478 3454 700 3536 vindicentur,
730 3465 763 3518 at
794 3454 892 3519 simul
925 3456 1025 3518 etiam
1051 3454 1245 3518 discrimina
1275 3456 1394 3540 perspi-

276 3555 416 3634 ciantur,
441 3575 525 3638 quae
550 3577 592 3618 ex
616 3554 875 3616 commoratione
899 3555 961 3616 ista
985 3553 1019 3616 in
1034 3550 1145 3616 Gallia
1169 3573 1227 3637 pro
1249 3552 1395 3618 Ecclesia

275 3661 308 3716 et
331 3651 416 3716 Sede
441 3651 631 3734 Apostolica
656 3660 772 3714 exorta
796 3661 881 3716 sunt.

364 3753 395 3814 4.
433 3749 484 3812 De
500 3761 585 3813 statu
603 3749 774 3813 Ecclesiae
791 3748 853 3812 hoc
871 3759 1019 3832 tempore
1035 3759 1068 3810 et
1084 3749 1178 3812 initio
1197 3748 1324 3814 saeculi
1338 3747 1392 3812 ΧΥ

276 3857 460 3934 opportune
486 3847 613 3912 consuli
637 3857 786 3933 possunt.
832 3845 995 3926 Balutius,
1028 3843 1119 3908 Vitae
1145 3845 1312 3932 Papo-rum
1327 3847 1393 3910 Aa·

276 3959 488 3966 ——0-—0—

352 3993 371 4056 ¹)
392 3990 550 4044 Matthaeus
570 3988 656 4053 Paris,
677 3989 711 4041 ad
730 4003 755 4044 a.
777 3988 854 4042 1253.

275 4167 293 4220 p
323 4070 496 4204 lO²p2Ferreti
514 4069 652 4125 Viceutini
671 4069 798 4134 historia,
819 4083 861 4135 ap.
878 4067 1012 4122 Muretori
1032 4065 1095 4123 Iter.
1114 4065 1174 4121 icat
1194 4067 1291 4136 script.
1310 4065 1338 4119 Τ.
1350 4063 1393 4118 tx.
