3000 4838
238 448 292 502 -36
452 447 556 502 XXIII.
577 449 617 502 De
635 453 712 502 statu
730 448 829 504 Eccles.
848 448 932 516 priori
951 448 1038 504 medio
1056 465 1126 504 saec
1145 450 1182 504 XI
1188 450 1207 505 i.

83 1871 175 1912 'I'ltulns
189 1884 243 1913 eon·

82 1935 242 1977 utttueudtlm·

130 1998 196 2047 peril.

256 590 394 656 Graecis
426 591 557 656 saeculo
589 613 677 657 nono
708 591 806 656 valde
838 613 973 657 exosam
1001 593 1102 656 fuisse
1127 594 1211 658 sacri
1235 593 1381 658 Romani

255 690 391 776 Imperii
416 691 696 770 constitutionem,
732 712 853 776 eosque
887 699 923 754 ut
952 689 1160 776 illegitimam
1188 701 1220 755 et
1243 693 1380 756 inanem

255 789 402 872 arguisse
431 788 519 852 hanc
552 787 807 868 institutionem,
846 810 907 854 nec
936 810 992 876 eos
1024 788 1167 854 voluisse
1200 811 1381 874 agnoscere

255 884 345 950 illam
369 885 566 970 dignitatem
591 883 709 950 Carolo
733 886 855 970 Magno
886 887 1022 972 ejusque
1047 886 1291 951 successoribus
1314 886 1381 950 col-

254 981 365 1048 latam.
411 983 584 1048 Persuasio
613 1005 721 1070 porro,
754 983 921 1050 Romanos
944 985 1122 1050 Pontifices
1146 1006 1319 1070 supremae
1343 984 1381 1049 il·

254 1080 318 1145 lius
351 1081 522 1165 dignitatis
557 1104 627 1148 esse
657 1091 818 1164 auctores,
852 1081 894 1146 ab
919 1084 1025 1168 iisque
1048 1082 1184 1167 Imperii
1208 1082 1307 1168 hujus
1330 1084 1381 1147 in-

255 1180 459 1243 stitutionem
483 1190 515 1244 et
539 1179 749 1265 splendorem
774 1202 844 1245 esse
868 1181 1059 1267 repetenda,
1079 1181 1150 1266 jam
1168 1183 1288 1246 animis
1312 1203 1380 1246 me·

254 1277 316 1340 rito
341 1278 456 1356 inerat,
489 1279 535 1340 uti
560 1288 632 1342 tum
656 1301 698 1342 ex
722 1279 796 1342 aliis
820 1278 1037 1360 documentis,
1069 1289 1139 1342 tum
1165 1280 1310 1343 maxime
1334 1301 1381 1343 ex

254 1374 392 1460 epistola
416 1375 582 1440 Lndovici
606 1377 641 1441 II
664 1375 707 1441 ad
731 1375 925 1441 BasiliumI
949 1375 1036 1440 clare
1061 1375 1235 1460 colligitur.
1245 1380 1267 1460 ¹)
1314 1377 1381 1443 Jus

254 1473 389 1558 quidem
413 1473 637 1538 Romanorum
660 1474 871 1556 Pontificum,
896 1485 942 1556 ut,
967 1484 1092 1539 attenta
1116 1475 1305 1539 conditione
1328 1476 1380 1538 in-

254 1569 362 1637 fausta
384 1571 520 1658 Imperii
546 1569 665 1636 Graeci
701 1581 733 1638 et
760 1572 967 1638 considerato
992 1582 1080 1637 statu
1103 1575 1269 1638 societatis
1292 1573 1380 1637 chri-

254 1669 382 1733 stianae
412 1671 446 1733 in
478 1668 671 1752 Occidente,
707 1693 838 1734 sacrum
869 1670 952 1735 illud
982 1670 1164 1756 Imperium
1189 1671 1379 1736 Romanum

253 1768 459 1849 suscitarent,
491 1767 638 1832 vidimus
668 1770 768 1832 situm
800 1790 870 1832 esse
899 1769 933 1832 in
965 1789 1078 1832 eorum
1107 1771 1302 1833 auctoritate
1326 1791 1380 1832 su-

253 1887 367 1950 prema
390 1868 564 1952 primatus.
611 1865 678 1931 Sed
702 1875 818 1931 auctor
841 1866 895 1931 ille
920 1868 976 1952 qui
994 1864 1204 1930 Constantini
1229 1864 1381 1952 diploma

253 1965 447 2048 composuit,
483 1964 579 2029 modo
604 1966 823 2050 peremptorio
849 1963 994 2030 Graecos
1017 1963 1121 2028 refelli
1145 1986 1241 2049 posse
1265 1965 1381 2029 existi-

253 2063 367 2145 mavit,
391 2061 471 2126 dum
488 2060 696 2126 Constantini
716 2063 887 2126 donatione
911 2060 1004 2126 aliud
1027 2083 1157 2147 quoque
1180 2060 1380 2125 fundamen-

250 2168 320 2222 tum
345 2160 503 2224 conderet
526 2159 635 2223 collati
660 2159 912 2224 aPontificibus
936 2159 1082 2244 Imperii,
1107 2158 1275 2244 aliumque
1299 2161 1379 2223 titu·

248 2254 317 2320 lum
342 2279 405 2342 quo
431 2259 493 2322 nisi
518 2256 566 2322 illi
590 2257 784 2342 dignitatem
810 2279 883 2321 eam
908 2259 1127 2322 instituerent.
1163 2255 1377 2322 Constantini

248 2352 420 2419 donatione
451 2357 539 2420 enim
568 2354 726 2421 Silvestro
757 2356 894 2441 ejusque
923 2355 1169 2426 successoribus
1200 2377 1371 2420 summum

249 2451 432 2519 dominium
471 2456 506 2517 in
543 2451 675 2518 ltaliam
714 2468 753 2517 ac
792 2463 896 2518 totum
933 2452 1150 2518 Occidentem
1188 2453 1369 2535 confertur,

247 2549 467 2636 majestasque
481 2562 514 2616 et
529 2551 629 2615 decor
643 2551 742 2636 plane
756 2550 947 2636 imperialis,
973 2553 1019 2614 ita
1035 2561 1071 2614 ut
1084 2550 1370 2636 quemadmodum

247 2645 483 2714 Constantinus
499 2651 534 2713 in
547 2648 695 2728 Oriente,
720 2651 766 2712 ita
779 2649 948 2712 Romanus
960 2648 1115 2712 Pontifex
1130 2650 1163 2713 in
1181 2648 1369 2715 Occidente

245 2767 431 2830 supremam
457 2749 686 2811 auctoritatem
710 2746 834 2812 habere
857 2745 1036 2811 videretur.
1073 2747 1184 2812 Etiam
1209 2747 1371 2814 diadema

244 2843 415 2928 imperiale
445 2844 599 2908 Pontifici
635 2845 811 2924 confertur,
848 2843 905 2909 sed
936 2844 1016 2908 dum
1046 2843 1256 2931 adjungitur:
1295 2849 1368 2932 t'pse

242 2962 313 3005 oero
337 2943 554 3006 sanctissimus
570 2967 664 3029 papo
688 2966 942 3029 supercorouam
965 2941 1142 3022 clericatus,
1167 2967 1260 3028 quam
1281 2949 1369 3029 perit

244 3039 288 3103 ad
309 3037 445 3123 pluriam
468 3039 554 3104 beati
572 3041 668 3120 Petru',
693 3043 817 3104 omniuo
842 3042 946 3127 ipsum
969 3063 1008 3102 eae
1032 3063 1110 3104 auro
1133 3063 1198 3104 sou
1221 3051 1267 3104 est
1283 3065 1366 3127 pas-

242 3159 305 3214 sas,
330 3136 432 3201 veluti
448 3139 606 3220 innuitur,
632 3138 827 3202 Pontificem
852 3137 1045 3218 declinasse,
1070 3160 1233 3202 summam
1258 3139 1365 3205 domi·

242 3236 410 3299 nationem
442 3235 575 3300 civilem
600 3237 641 3301 de
665 3235 751 3300 facto
782 3239 817 3300 in
832 3235 1049 3302 Occidentem
1065 3246 1170 3300 totum
1196 3259 1365 3321 exercere,

240 3331 380 3418 aliisque
403 3333 439 3397 id
462 3356 533 3399 esse
557 3336 779 3400 commissum.
826 3335 985 3399 Attamen
1008 3335 1190 3399 secuudum
1215 3337 1365 3403 donatio-

239 3453 307 3494 uem
340 3430 380 3495 de
403 3431 481 3517 jure
515 3455 554 3497 ac
585 3433 744 3497 radicitus
768 3434 937 3496 Romanus
960 3432 1116 3497 Pontifex
1141 3432 1286 3498 habebat
1310 3459 1365 3502 su-

74 3597 80 3604 ,
166 3587 168 3592 .
239 3549 390 3612 promum
422 3529 606 3595 dominium
636 3532 738 3594 totius
769 3529 972 3595 Occidentis.
1020 3530 1130 3616 Atque
1160 3533 1207 3595 ita
1241 3537 1364 3599 consti-

237 3625 393 3690 tuebatur
415 3626 668 3692 fundamentum
685 3629 853 3713 egregium
870 3629 1049 3714 titulusque
1066 3628 1268 3714 splendidus,
1293 3655 1363 3718 qno

238 3723 460 3808 explicaretur
498 3727 661 3791 institutio
692 3726 827 3810 Imperii
867 3726 1082 3791 occidentalis
1120 3736 1157 3791 ut
1194 3727 1361 3814 delegatio

237 3841 390 3896 summae
417 3821 589 3906 dignitatis
622 3834 656 3888 et
683 3826 867 3909 potestatis,
900 3847 985 3910 quse
1010 3825 1062 3889 vel
1087 3849 1129 3889 ex
1152 3827 1224 3911 ipso
1248 3826 1360 3894 edicto

237 3918 446 3985 Constantini
469 3921 682 4008 Imperatoris
704 3923 801 4009 pleno
821 3923 898 4009 jure
922 3923 1069 3988 Romano
1093 3923 1247 3988 Pontifici
1272 3947 1360 3990 com-

234 4018 378 4104 petebat.

238 4165 447 4176 .—

309 4233 331 4301 ¹)
349 4231 405 4288 cfr.
425 4231 538 4287 Dissert.
558 4231 616 4286 XV.
635 4249 662 4288 n.
682 4233 725 4289 23.
769 4261 770 4266 κ
