2828 4842
227 437 267 490 Da
285 437 315 491 vi
334 436 458 490 coactiva
475 435 613 490 Ecclesiae
631 435 661 490 in
679 435 836 492 haereticos.
1041 437 1094 490 347

25 579 279 670 ,Ιεττυνίηρυήαπιὴ
308 579 380 644 Imo
404 579 669 644 etiamofficium
694 602 734 644 ac
758 579 908 644 debitum
932 579 1094 665 puniendi

28 673 167 758 haereticos,
190 681 302 742 merito
328 677 494 742 docebant
515 677 658 764 theologi
682 701 753 743 esse
776 681 929 764 potestati
946 677 1048 743 civili.

79 839 122 903 41.
157 839 240 903 Hinc
263 839 302 903 3⁰
320 839 412 925 juste
435 838 586 904 Ecclesia
610 837 746 903 brachio
782 837 942 902 saeculari
981 848 1096 902 contra

24 931 157 1000 haereticos
179 960 235 1001 uas
258 947 315 1000 est.
334 976 376 983 —
395 937 507 1017 Quum
525 959 603 1000 vero
621 938 714 1000 varia
739 938 804 1000 sint
827 937 999 1000 haeresum
1024 959 1095 1022 per·

22 1033 118 1096 asaias
138 1057 174 1098 ao
195 1035 335 1100 foeditas
369 1057 408 1100 ac
431 1033 579 1120 pericula
604 1056 688 1120 qnae
712 1034 786 1098 aliis
809 1035 961 1116 afferunt,
998 1034 1095 1098 modo

20 1133 133 1211 acanus,
162 1132 256 1197 modo
285 1134 404 1197 minori
429 1134 538 1218 rigore
570 1141 684 1196 contra
720 1133 903 1196 haereticos
927 1134 1094 1218 processit.

19 1223 190 1294 tartarorum
220 1231 367 1295 haeresis
398 1231 431 1294 in
456 1253 490 1294 se
514 1230 794 1316 perniciosissima
825 1240 908 1310 erat,
949 1232 1096 1294 maxima

19 1323 76 1386 nala
94 1349 130 1390 ex
153 1329 264 1393 eadem
289 1327 542 1414 promanabant,
567 1329 673 1412 magis
697 1329 868 1412 magisque
893 1329 1095 1414 propagaba-

18 1436 64 1498 tar;
88 1425 165 1489 unde
188 1427 403 1491 innocentius
427 1425 478 1489 ΙΙΙ
504 1425 581 1511 jure
605 1426 716 1488 omnia
747 1447 830 1510 quaa
855 1429 963 1511 potuit
986 1426 1097 1490 media

17 1517 139 1604 adhibuit,
162 1538 198 1588 ut
221 1525 454 1589 destrueretur.
522 1583 524 1590 a

74 1684 119 1745 42.
163 1683 337 1748 Caeterum
369 1705 448 1746 vcro
479 1683 518 1746 4⁰
542 1681 693 1746 Ecclesia
721 1682 755 1746 id
779 1705 910 1768 semper
933 1685 1096 1769 imprimis

15 1775 109 1842 eiicere
138 1781 300 1864 studebat,
333 1790 371 1844 ut
402 1780 558 1844 haeretici
589 1790 868 1862 converterentur,
901 1803 1095 1867 summaque

15 1875 196 1944 sollicitudine
220 1901 258 1944 eo
282 1877 509 1959 adlaborabat,
541 1889 641 1964 atque
672 1881 804 1943 nonnisi
837 1879 878 1943 ob
903 1903 1016 1944 eorum
1041 1859 1267 1960 οΙι-ᾱῗῗὲὶζὲζῖᾱζ

15 1973 182 2042 stinatianam
216 1987 330 2041 coacta
363 1999 417 2040 eos
447 1976 701 2040 exterminabat.
748 1977 826 2041 Jam
850 1979 967 2041 Petrus
992 1978 1097 2042 Vena·

15 2069 106 2136 rabilis:
138 2073 222 2146 Quia
244 2079 395 2164 majoram
417 2097 546 2160 operam
577 2097 630 2138 eos
653 2075 853 2138 convertendi
881 2099 973 2162 qaam
998 2088 1097 2140 coctor-

15 2169 121 2234 aiucadi
142 2172 289 2236 adhihere
313 2173 519 2235 christianam
542 2175 707 2236 caritatem
723 2173 819 2253 decet,
840 2173 1031 2260 proferatur
1053 2176 1098 2238 eis

15 2271 156 2348 uctoritas,
195 2268 384 2333 adhiheatur
407 2271 553 2348 atratis,
593 2281 628 2333 ut
654 2272 683 2333 si
709 2268 887 2336 Christiani
910 2295 1098 2358 permanere

15 2361 94 2446 micat,
117 2369 311 2446 auctoritati,
334 2371 364 2430 ai
385 2368 532 2446 homines,
556 2370 678 2432 raboni
700 2369 807 2432 cedere
831 2369 1098 2455 compellantur·.³)

15 2457 110 2536 insuta
132 2487 210 2529 vero
235 2466 351 2530 fecerit
365 2465 580 2529 innocentius
596 2467 656 2548 111,
682 2477 718 2530 ut
740 2466 1043 2551 praedicationibus
1067 2480 1100 2532 et

15 2555 257 2626 timonitionibus
280 2563 324 2627 sd
348 2583 461 2626 veram
487 2563 586 2628 iidem
611 2575 784 2628 revocaret
806 2563 999 2646 haereticos,
1028 2576 1096 2631 tum

15 2656 135 2724 l'athsros
151 2671 223 2724 tum
238 2661 443 2740 Waldenses,
460 2683 502 2724 ex
520 2663 681 2725 enarratis
696 2660 804 2744 colligi
822 2673 936 2747 potest.
962 2662 1099 2728 Summa

15 2749 179 2841 bduigentia
205 2768 238 2822 et
260 2757 465 2843 benignitate
476 2729 566 2823 xaaran
590 2781 685 2822 usum
704 2781 774 2822 esse
791 2761 825 2823 in
843 2759 1026 2824 haereticos
1042 2764 1099 2848 qui

15 2856 283 2935 econvertebant,
318 2877 456 2942 eamque
481 2865 514 2919 et
536 2855 744 2945 praesulibus
777 2859 1034 2930 commendasse.
1065 2870 1101 2923 ut

15 2945 122 3016 simios
136 2955 170 3018 in
188 2954 256 3018 fide
272 2953 432 3039 paulatim
458 2952 660 3036 roborarent,
687 2976 727 3017 ex
743 2953 860 3019 litteris
884 2957 955 3042 ejus
979 2955 1099 3040 colligi-

15 3063 49 3122 tf,
75 3053 216 3116 maxime
246 3074 288 3115 ex
321 3053 361 3114 iis
392 3073 476 3137 quae
509 3053 691 3136 respiciunt
715 3053 913 3118 Durandum
948 3053 988 3118 de
1013 3053 1098 3118 Osca

15 3137 205 3230 li'sldensem,
241 3151 297 3236 qui
322 3149 365 3214 ad
389 3148 573 3213 Ecclesiam
605 3148 802 3213 catholicam
827 3173 902 3215 cum
927 3154 1029 3216 variis
1052 3175 1101 3216 as·

15 3242 76 3306 aclis
105 3247 258 3328 redierat,
298 3247 356 3312 sed
387 3246 429 3310 ab
454 3248 619 3333 episcopis
643 3246 871 3330 accusabatur,
913 3249 1001 3335 quod
1034 3272 1099 3315 non

15 3343 107 3407 ascitus
136 3349 361 3410 renuntiasset
392 3345 559 3410 erroribus
591 3354 623 3409 et
653 3367 732 3410 usus
764 3349 1005 3432 superstitiosos
1028 3351 1100 3413 reti-

15 3443 110 3506 cuisset.
156 3445 195 3508 In
229 3444 367 3530 epistola
399 3443 442 3508 ad
473 3442 659 3507 Arnaldum
698 3443 985 3530 archiepiscopum
1021 3456 1102 3510 tunc

15 3531 260 3623 iarhonnensern,
285 3565 373 3607 anno
389 3541 474 3608 1216
491 3540 579 3623 data,
605 3543 633 3605 ei
657 3540 898 3626 indulgentiam
923 3553 955 3606 et
978 3544 1102 3630 patien-

15 3633 63 3697 hua
84 3639 302 3705 commendat.
353 3638 475 3712 Quodsi
498 3641 602 3719 etium,
628 3637 752 3720 scribit,
778 3664 798 3702 α
815 3644 926 3726 prisca
942 3653 1102 3706 occaecato-

15 3728 58 3795 h'ae
78 3763 134 3802 noo
157 3737 264 3803 subito
288 3739 415 3801 recedat
438 3761 477 3801 aa·
502 3747 575 3816 toto,
607 3737 732 3823 aliquid
763 3738 824 3802 sibi
855 3738 893 3800 de
917 3737 977 3801 itta
1005 3760 1102 3802 reser-

81 3937 132 3944 ---,
145 3939 188 3944 ..-

62 4057 79 4118 Ἰ
95 4059 145 4112 Cod
172 4059 278 4113 Jnstin.
298 4059 317 4110 Ι.
339 4061 364 4113 5.
384 4059 417 4111 de
435 4057 508 4112 haer.

59 4140 77 4191 *i
95 4139 152 4193 t'hr.
172 4139 266 4193 Natal.
287 4138 363 4193 alex.
383 4137 416 4191 H.
435 4138 466 4192 Ε.
486 4138 514 4192 in
533 4153 601 4192 saec.
622 4137 689 4191 XIII
708 4143 736 4190 et
756 4137 829 4191 XIV.
850 4135 963 4192 Dissert.
984 4137 1035 4192 111.

60 4217 71 4244 Ι
94 4219 178 4275 Praei.
200 4220 234 4273 ad
246 4219 337 4272 Traot.
358 4235 380 4272 c.
391 4219 547 4274 Petrobrus.
561 4219 655 4287 iligne
670 4218 698 4272 P.
714 4217 744 4272 L.
764 4217 794 4270 Τ.
810 4217 982 4272 CLXXXIX.
1002 4233 1027 4286 p.
1042 4220 1099 4274 721.
