3000 4838
374 435 415 488 De
434 433 587 488 conditione
605 432 664 487 Re
684 431 853 488 Pontificum.
1139 431 1172 484 21

84 579 190 644 denum
220 547 382 644 schisma!
399 578 486 642 Petri
517 577 640 641 Leonis
676 577 835 658 originem
869 574 997 640 habuit.
1050 575 1174 640 Versus

85 677 201 741 nedinm
224 675 393 741 saeculum
418 675 651 742 duodecimum
676 694 755 736 vero
784 683 892 738 motus
917 672 1090 759 populares
1114 673 1174 736 Ro·

83 795 138 838 mae
156 777 285 840 excitati
308 772 682 852 sunt'vebementiores,
708 793 860 858 novaque
884 769 1032 856 pericula
1054 770 1174 855 princi-

82 877 151 956 patui
181 872 268 936 civili
298 872 523 937 Romanorum
548 870 749 935 Pontificum
782 877 893 933 creata
926 891 968 933 ex
1000 867 1174 932 conatibus

80 972 273 1036 courtituendi
306 973 341 1034 in
374 969 465 1035 Urbe
495 969 643 1052 regimen
677 968 948 1032 democraticum.
994 964 1061 1030 Sed
1092 965 1174 1030 haec

81 1071 202 1133 innuisse
222 1068 378 1150 sufficiat,
404 1078 440 1132 ut
461 1066 625 1152 generalis
648 1067 738 1130 notio
761 1064 849 1129 illius
863 1066 981 1130 aetatis
995 1063 1173 1146 habeatur3

80 1165 111 1230 de
129 1165 255 1251 siugulis
278 1165 456 1231 eventibus
480 1163 618 1228 inferius
642 1165 830 1228 accuratius
853 1171 979 1246 agetur.

148 1282 195 1345 27.
239 1281 342 1346 Modo
368 1279 410 1346 de
433 1278 609 1343 eventibus
632 1277 831 1365 quibusdam
857 1289 997 1342 tractare
1021 1287 1174 1364 opportu-

80 1399 141 1442 nun
166 1378 305 1460 videtur,
345 1380 402 1466 qui
438 1378 572 1464 majoris
605 1378 763 1442 momenti
797 1377 941 1456 fuerunt,
979 1378 1172 1461 praesertim

80 1479 223 1560 posteriori
239 1489 399 1563 tempore,
428 1475 537 1561 quoad
550 1473 720 1560 politicam
736 1475 959 1539 conditionem
972 1475 1171 1539 Pontificum

79 1575 105 1637 in
123 1573 206 1638 ltalia
237 1595 420 1661 eorumque
452 1573 628 1638 relationes
659 1571 701 1636 ad
733 1561 815 1637 alios
838 1574 1016 1658 principes.
1061 1573 1172 1658 Atque
1183 1591 1282 1634 nonno
1297 1595 1345 1634 ua

79 1669 128 1734 buc
148 1674 305 1758 imprimis
328 1680 457 1757 spectat
479 1670 694 1736 celeberrima
717 1669 774 1734 illa
797 1670 938 1747 donatio,
963 1692 1028 1756 qua
1044 1669 1172 1734 Matllil-
1218 1657 1305 1698 ‘'²⁰⁶¹''

79 1769 118 1832 <lie
136 1769 258 1836 ducissa
281 1770 507 1856 possessiones
531 1790 607 1832 suas
631 1767 852 1853 amplissimas
875 1767 996 1831 obtulit
1019 1767 1097 1834 Sedi
1114 1768 1174 1832 Ro-

80 1887 181 1932 manae.
225 1869 313 1934 Eam
338 1867 550 1932 donationem
575 1865 746 1930 Mathildis
770 1866 914 1951 primum
938 1865 1018 1928 fecit
1041 1865 1175 1931 sedente

79 1961 211 2049 Gregorio
228 1966 295 2031 VH
321 1966 532 2044 ann010773
557 1987 659 2050 quum
683 1986 761 2028 vero
787 1963 975 2028 donationis
999 1964 1175 2030 documen·

79 2075 130 2124 tun
151 2065 297 2148 periisset
318 2061 373 2126 vel
392 2061 539 2126 ablatum
566 2073 659 2143 esset,
685 2061 746 2125 sub
760 2059 912 2125 Pascbali
925 2061 960 2126 II
975 2083 1062 2126 anno
1079 2062 1174 2144 1102,

81 2161 300 2243 quintodecimo
327 2159 380 2224 die
404 2158 479 2224 Kal.
504 2160 711 2240 Decembris,
744 2181 817 2224 eam
849 2159 1061 2224 donationem
1085 2181 1175 2225 reno-

84 2258 160 2322 uvir.
204 2259 242 2324 In
276 2258 477 2322 documento
501 2257 564 2322 hoc
597 2260 682 2322 inter
714 2255 795 2322 alia:
835 2257 910 2321 Ideo
941 2280 1005 2346 epo,
1043 2257 1174 2337 dicitur,

85 2375 138 2435 poe
168 2379 277 2443 repro,
321 2353 490 2420 Comitiesa
522 2355 698 2434 Motbilda,
735 2358 848 2419 iterum
882 2379 903 2419 a
930 2356 1095 2442 praetenti
1124 2354 1175 2418 ‹lie

82 2450 141 2514 imo
168 2465 195 2517 et
224 2454 324 2541 offero
355 2454 455 2518 eidem
485 2456 651 2518 Romanae
677 2454 835 2518 Ecclesiae
861 2476 924 2540 per
950 2476 1077 2516 mianum
1099 2453 1174 2516 Ber-

81 2551 155 2613 nurdi
179 2551 368 2618 Cordinalia
390 2563 420 2616 et
444 2552 555 2638 Lepati
578 2552 716 2642 ejttedem
741 2554 903 2616 Romanae
927 2551 1101 2630 Ecclesiae,
1130 2551 1175 2614 aio

79 2657 104 2706 at
121 2648 150 2710 in
170 2649 224 2713 illo
249 2661 391 2736 tempore
414 2650 491 2715 dedi
506 2674 570 2737 per
592 2673 719 2714 monum
737 2650 870 2714 Domini
887 2647 1044 2735 Greporii,
1069 2649 1175 2712 omnio

79 2741 142 2808 lona
162 2769 235 2826 meu,
269 2759 337 2812 tum
364 2771 444 2833 quoe
467 2772 549 2812 nnnc
572 2747 680 2825 babeo,
710 2771 804 2833 qnam
829 2771 909 2835 quoe
941 2749 976 2810 in
1002 2757 1174 2833 posteram,

80 2839 131 2902 Deo
146 2848 295 2931 propitio,
321 2847 517 2932 acquisituro
540 2869 618 2924 anm,
643 2857 753 2910 ettam
776 2868 814 2909 eo
837 2869 916 2931 qnae
941 2867 980 2908 en
1003 2845 1060 2908 bac
1078 2854 1195 2931 parte.

81 2943 213 3022 metium,
236 2967 331 3030 qaum
353 2945 389 3007 in
411 2944 659 3008 ultramontanis
679 2943 827 3030 portibus
849 2943 956 3021 babeo,
980 2966 1073 3029 quum
1095 2965 1175 3028 qnae

81 3035 105 3096 ln
120 3051 279 3122 posternam,
311 3043 379 3106 Deo
398 3043 554 3129 pnrpitio,
586 3043 781 3128 acquiritnra
804 3065 872 3106 enm
900 3042 965 3106 alio
988 3063 1175 3128 quocumque

74 3135 144 3217 jure,
160 3163 218 3224 pro
241 3141 380 3206 mercede
404 3153 434 3205 et
457 3141 593 3205 remedio
617 3141 743 3206 animae
766 3163 851 3206 meae
875 3152 905 3206 et
921 3150 1093 3227 parentum
1115 3161 1174 3201 me-

80 3235 186 3320 ῡπιηιῑ)
229 3238 409 3303 Territoria
433 3238 606 3303 Matbildis
637 3261 722 3324 quae
744 3239 787 3303 ab
812 3241 884 3325 ipsa
908 3237 987 3302 Sodi
1011 3233 1174 3323 Apostoli·

80 3347 126 3390 cae
145 3333 175 3396 in
188 3333 423 3400 haereditatem
443 3335 565 3400 donata
580 3344 666 3418 sunt,
691 3335 996 3422 complectebantur
1020 3354 1175 3417 magnam

82 3439 185 3506 portem
207 3431 332 3516 Italiae,
365 3433 522 3512 Tusciam
547 3433 704 3499 videlicet
727 3444 760 3498 et
782 3431 996 3520 Ligrrriam.²)
1042 3430 1175 3496 Mathil·

82 3519 122 3586 dis
142 3527 264 3612 quidem
289 3529 341 3595 bis
361 3533 570 3596 matrimonio
589 3531 708 3617 juncta
722 3532 794 3598 luit.
827 3531 976 3597 Primum
991 3528 1175 3596 Godefrido

81 3619 196 3702 gibboso
218 3631 340 3714 nupsit,
364 3630 447 3694 forte
471 3651 557 3694 anno
585 3629 712 3715 tow)
736 3632 793 3716 qui
817 3653 846 3695 a.
874 3630 960 3695 1080
984 3627 1176 3694 interfectus

83 3729 134 3798 θείς
161 3721 232 3789 <lein
255 3749 284 3792 a.
313 3727 398 3792 1089
422 3729 535 3812 nupsit
558 3726 677 3794 Guelso
700 3728 731 3791 V
755 3749 864 3796 crasso
889 3729 935 3816 (n.
961 3749 988 3791 c.
1014 3748 1043 3789 a.
1063 3724 1174 3804 1073).

86 3813 112 3874 ln
132 3817 229 3900 ltalia,
263 3825 372 3911 inquit
402 3825 585 3890 Bernoldus
618 3826 660 3891 ad
692 3849 721 3891 a.
749 3827 844 3910 1089,
879 3825 1079 3890 nobiliraima
1109 3822 1177 3886 dnm

87 3955 268 3975 Ἢ

145 4047 163 4114 ·)
178 4049 209 4106 v.
226 4053 357 4108 umen
376 4053 423 4108 ser
449 4054 514 4111 rau.
531 4053 562 4108 r.
582 4055 613 4108 v.
633 4072 659 4123 p.
677 4055 739 4111 eae,

143 4127 381 4201 eumue,
400 4133 433 4188 rc
454 4133 486 4189 o.
506 4135 528 4189 1.
548 4135 573 4189 s.
594 4135 654 4189 rm.

144 4205 207 4272 nv.
226 4211 342 4280 emm,
362 4213 475 4283 aragon
495 4213 558 4270 vn.
576 4215 613 4270 11.
635 4215 695 4272 rer.
