2870 4842
287 461 340 515 262
525 460 654 516 XXXIII.
675 462 714 516 De
734 478 832 526 magno
852 463 1004 516 OccidentIs
1025 463 1178 518 schismate.

287 605 439 688 Auamma
462 607 565 692 ipsam
588 605 709 692 elipcrc.
719 607 740 688 ¹)
770 607 885 670 Iliense
908 607 1008 692 Majo,
1034 607 1237 671 concedente
1263 605 1396 670 L'rbauo.

287 705 431 786 primum
471 705 536 767 duo
574 704 785 784 Cardiuales,
829 717 864 768 ut
903 705 1027 768 calores
1069 707 1214 768 aestiuos
1256 705 1396 768 vitarent.

286 799 476 884 Anagniam
500 803 679 888 petierunt,
710 825 792 889 quos
823 802 983 888 paulatim
1018 803 1136 888 reliqui
1162 802 1396 866 ultramontani.

286 900 406 982 partim
438 899 571 963 licentia
602 900 746 973 obtenta,
778 902 898 985 partim
923 903 994 966 siue
1019 901 1146 980 eadem,
1182 901 1286 964 secuti
1316 913 1396 962 suut:

286 995 360 1060 Itali
392 995 515 1060 Romae
548 1010 750 1063 manserunt.
797 1000 897 1062 Initio
930 998 1125 1064 Cardinales
1150 999 1326 1082 Anagniae
1354 997 1398 1060 dc·

284 1105 400 1178 gentes
424 1097 660 1160 continuarunt
676 1096 812 1161 Urbano
837 1095 955 1161 litteris
979 1097 1110 1182 scriptis
1127 1097 1240 1160 testari
1258 1115 1398 1158 reveren-

285 1193 364 1255 tiam
389 1215 493 1276 suam,
528 1195 585 1258 sed
609 1193 707 1280 paulo
733 1206 807 1281 post
830 1197 859 1258 ei
884 1195 963 1259 facti
989 1204 1066 1258 sunt
1095 1191 1240 1258 hostiles.
1289 1191 1399 1256 Proba·

285 1289 404 1370 biliter,
434 1313 535 1377 quum
561 1292 658 1357 simul
688 1305 796 1356 esseut
819 1303 852 1357 et
876 1293 1090 1357 vehementer
1114 1293 1233 1356 irritati
1258 1289 1400 1376 querelas

284 1388 325 1451 de
351 1387 485 1452 Urbano
511 1391 696 1472 miscerent,
730 1413 769 1455 ac
794 1393 877 1455 varii
904 1391 944 1455 de
969 1393 1086 1455 timore
1109 1392 1242 1455 incusso
1268 1410 1399 1472 conque-

283 1497 442 1567 rerentur,
468 1487 648 1552 voluntatis
671 1490 792 1552 affectu
811 1487 1013 1553 intellectum
1030 1489 1220 1567 seducente,
1245 1487 1398 1571 paulatIm

283 1585 474 1669 opiqunetu
498 1586 561 1650 sibi
586 1587 764 1668 linxerunt,
790 1610 824 1651 sc
848 1609 890 1650 ex
916 1587 1032 1672 majori
1049 1585 1165 1650 saltem
1183 1595 1399 1670 parterevera

282 1680 345 1744 sub
369 1681 426 1745 tali
451 1693 557 1747 metus
591 1683 720 1748 influxu
751 1686 866 1767 fuisse,
907 1695 943 1748 ut
981 1684 1097 1748 electio
1127 1682 1238 1748 valore
1271 1698 1399 1744 careret.

284 1777 384 1843 Haud
408 1781 497 1844 euim
521 1783 688 1866 auderem,
714 1805 828 1846 omues
853 1781 924 1847 illos
949 1781 1144 1847 Cardinales
1169 1781 1244 1845 talis
1270 1801 1400 1864 arguere

282 1879 518 1961 perversitatis,
551 1891 587 1944 ut
618 1902 699 1966 puro
725 1893 757 1944 et
781 1880 896 1966 putido
923 1881 1096 1944 mendacio
1121 1893 1237 1945 contra
1262 1891 1401 1944 mentem

281 1986 314 2038 et
353 1979 597 2059 persuasionem
636 2001 729 2042 suam
763 1978 907 2043 valorem
943 1978 1115 2044 electionis
1154 1989 1327 2064 negarent.
1365 2013 1400 2024 -

280 2074 455 2138 Praeterea
480 2097 557 2140 vero
582 2099 657 2140 cum
683 2099 759 2160 rege
784 2076 913 2141 Galliae
937 2088 969 2139 ot
993 2075 1152 2140 fratribus
1183 2077 1256 2161 ejus
1281 2095 1401 2139 secreto

280 2181 521 2252 tractaverunt3
541 2185 664 2238 metum
678 2177 718 2239 iis
734 2177 930 2260 injecerunt,
948 2197 991 2239 ne
1003 2174 1159 2240 Urbanus
1175 2195 1319 2258 reguum
1331 2175 1401 2236 An·-

279 2266 404 2332 latense
421 2273 501 2356 ipsis
517 2273 666 2357 eriperet.
699 2273 796 2338 Unde
821 2273 863 2337 ad
880 2273 1107 2359 dejiciendum
1124 2271 1300 2338 Urbanum
1327 2275 1401 2335 inci-
1429 2259 1430 2318 l

279 2367 337 2429 tati
364 2389 434 2431 esse
458 2370 624 2450 videntur,
660 2371 711 2435 vel
742 2372 857 2436 saltem
882 2381 1023 2436 testante
1047 2371 1217 2435 Bonifatio
1242 2369 1293 2433 IX
1327 2372 1403 2433 anti·

279 2485 400 2548 papam
418 2488 483 2530 uon
501 2466 681 2552 elegerunt,
698 2469 804 2532 donec
817 2469 1010 2554 pestiferum
1023 2489 1195 2532 assensum
1213 2469 1404 2553 principum

278 2559 408 2626 Galliae
433 2563 688 2650 obtinuerunt.²)

110 2673 267 2714 arationu-
368 2661 420 2726 23.
454 2662 567 2726 Mense
584 2663 686 2727 Juuio
711 2665 839 2726 aversio
859 2662 1087 2727 Cardiualium
1113 2665 1219 2746 magis
1244 2687 1277 2728 se
1305 2668 1404 2728 maui-

149 2747 230 2788 μω·
277 2760 421 2842 scotavit,
454 2761 576 2845 etjam
602 2760 788 2841 edicebant,
820 2759 1003 2824 invalidam
1028 2781 1098 2824 esse
1122 2758 1324 2826 electIouem
1353 2763 1429 2827 tr«

277 2857 376 2940 bani,
401 2868 548 2922 attamen
573 2859 721 2922 nondum
746 2869 981 2938 couvenerant,
1007 2880 1073 2944 qua
1095 2861 1225 2923 ratione
1248 2861 1406 2945 procede·

277 2965 360 3021 rent.
407 2955 511 3020 Varia
534 2956 576 3020 ab
602 2957 738 3020 Urbano
771 2956 847 3021 dein
872 2967 999 3020 tentata
1022 2966 1100 3020 sunt
1124 2957 1235 3021 media
1259 2961 1407 3024 reconci-

276 3053 422 3118 liationis
454 3076 513 3139 per
537 3053 732 3118 Cardiuales
766 3054 876 3118 Italos.
925 3053 1081 3118 Urbanus
1115 3077 1264 3140 eousque
1298 3059 1406 3121 cessit.

276 3161 314 3216 ut
337 3153 468 3216 offerret
492 3153 581 3217 litem
606 3153 828 3217 dirImeudam
859 3152 1044 3238 relinquere
1070 3151 1220 3218 ConciIIo
1246 3155 1406 3239 generali.

276 3249 334 3314 sed
371 3251 469 3313 etiam
510 3249 595 3314 hanc
634 3253 894 3336 propositionem
932 3249 1127 3315 Cardinales
1164 3251 1406 3318 ultramontani

276 3347 471 3432 rejecerunt.
519 3348 644 3412 Versus
676 3348 776 3412 finem
806 3348 950 3431 Augusti
980 3347 1119 3432 proiecti
1152 3362 1232 3414 sunt
1258 3351 1428 3436 Fundos}

277 3455 376 3532 atque
399 3455 478 3510 tunc
503 3449 603 3510 etiarn
618 3445 694 3510 Itali
711 3469 746 3510 se
761 3449 842 3531 ipsis
853 3447 1049 3530 junxerunt,
1075 3455 1215 3532 excepto
1230 3448 1408 3517 Cardluali

276 3565 301 3609 s.
325 3545 413 3608 Petri
439 3553 640 3627 aegrotante,
673 3545 729 3629 qui
755 3543 891 3608 Urbano
923 3542 1031 3608 fidelis
1054 3565 1159 3630 usque
1183 3545 1227 3610 ad
1253 3559 1408 3612 mortem.

277 3651 465 3725 attestans,
499 3643 607 3728 ipsum
632 3664 704 3706 esse
727 3641 932 3725 Pontificem,
965 3642 1019 3706 die
1045 3643 1082 3706 7⁰
1104 3641 1320 3728 Septembris
1356 3649 1408 3708 mi-

275 3743 386 3824 gravit
409 3740 451 3804 ad
469 3739 647 3805 Christum.
682 3740 839 3805 Urbanus
862 3751 974 3805 autem
999 3739 1183 3806 iuterhaeo
1207 3741 1408 3808 discrimina

272 3838 569 3903 vehementissima
593 3839 728 3924 quidem
753 3851 803 3901 est
825 3839 965 3902 affectus
995 3840 1145 3920 tristitia3
1184 3839 1245 3904 sed
1280 3843 1408 3907 consor·

271 3945 364 4000 tatus
388 3938 533 4000 maxime
564 3961 581 4000 a
614 3960 639 4002 s.
664 3935 847 4001 Catharina
871 3936 1020 4017 Senensi,
1052 3947 1207 4007 conamus
1232 3938 1270 4002 in
1298 3939 1427 4010 officio,

352 4167 372 4228 ¹)
393 4170 442 4234 Ap.
463 4167 563 4232 Balut,
583 4167 614 4226 V¹
635 4167 673 4232 P.,
692 4167 722 4222 T.
743 4167 764 4220 Ι.
783 4183 808 4234 p.
831 4167 906 4222 1080.

348 4247 372 4314 ³)
392 4247 432 4302 Ol.
453 4247 556 4306 Helele,
576 4247 604 4304 C.
626 4247 666 4310 G,
688 4245 734 4300 VI.
755 4251 778 4310 ξ.
799 4249 859 4302 tto.
