2858 4834
280 410 390 466 Henrioi
408 411 434 466 Π
453 412 590 480 expeditio
608 412 637 467 iu
656 411 861 504 Hibemiamp
956 475 959 485 Ι
1058 411 1112 466 213

26 555 56 614 cis
74 575 126 615 nco
150 554 328 619 modestum
341 555 433 638 silius
450 578 622 642 procreare
634 580 646 635 ;
672 556 784 642 frater
806 579 905 620 uaeore
920 555 1053 641 fratris,
1078 579 1113 620 eo

27 652 115 712 n'reate
141 649 300 732 abatiam
333 676 416 717 unus
446 653 570 718 duobus
605 675 638 717 se
661 653 821 717 sororibus
852 654 1030 717 concubinis
1058 657 1113 718 im-

26 749 115 824 us'oeet,
138 759 169 810 et
186 749 328 836 pictique
351 749 491 829 illosum,
514 761 613 816 moire
635 749 762 831 relicta,
782 750 876 835 filice
899 752 1112 816 introducunt.

25 845 88 907 licio
111 855 220 911 monet
241 869 327 928 eum,
351 859 389 912 ut
412 848 559 912 eradicet
583 850 732 931 erimina,
757 849 907 914 ordinem
932 861 964 913 ot
987 849 1115 934 religio·

24 963 78 1004 nem
106 946 268 1029 restituet,
304 945 542 1034 Ecclesiaeque
575 946 732 1012 honorem
761 958 964 1033 promoveat.
1009 947 1117 1012 Addit

23 1059 96 1102 vcro:
116 1041 159 1105 la
174 1045 258 1128 poio,
282 1045 363 1109 sicut
385 1047 473 1110 uouit
488 1056 561 1109 tuoe
576 1045 807 1132 magnitudinis
830 1045 1027 1126 mellentis,
1052 1049 1115 1112 Ro-

23 1159 95 1199 soac
125 1141 255 1204 ccclesia
282 1141 376 1206 aliud
404 1143 497 1207 babet
526 1148 584 1232 jas
620 1144 655 1206 in
686 1143 808 1222 insula,
848 1168 941 1230 pacm
971 1147 1006 1210 io
1029 1155 1117 1209 terra

23 1259 112 1319 arsum
133 1249 163 1300 et
186 1241 347 1318 cmstiasm,
371 1265 430 1306 uos
452 1265 522 1306 eom
545 1240 583 1306 de
599 1253 671 1306 tuce
687 1242 861 1306 deuotionis
876 1241 1008 1327 fervore
1032 1265 1117 1330 spem
1218 1233 1222 1245 ’

15 1331 202 1422 fiduciamque
232 1349 383 1418 teaemes,
413 1340 496 1424 qaod
512 1343 594 1428 juro
616 1341 719 1426 ipsius
751 1339 898 1405 ecclesiae
925 1363 990 1406 ooo
1017 1340 1118 1405 coium

22 1453 122 1494 urccre
148 1435 236 1513 celis,
267 1437 323 1500 sed
347 1439 442 1501 etiam
465 1437 633 1524 ampliare,
666 1447 696 1500 et
722 1438 777 1502 ubi
798 1437 921 1502 nullum
936 1442 994 1528 jus
1015 1438 1117 1516 babet,

23 1527 147 1596 iidcbes
168 1533 232 1596 sibi
253 1535 407 1621 conferre,
431 1536 694 1621 mopnificeatiom
718 1547 803 1600 tuom
824 1559 971 1622 ropcmus
993 1547 1022 1598 et
1058 1533 1118 1601 sol·

22 1625 86 1689 licite
113 1652 353 1713 commonemus,
393 1645 428 1698 ot
460 1637 495 1698 in
519 1637 726 1721 praescoipta
758 1645 843 1698 terro
864 1638 945 1723 jura
967 1634 1006 1699 B.
1031 1635 1120 1698 Petri

21 1723 127 1790 studeas
148 1726 283 1794 sollicite
307 1753 507 1809 conservare,
541 1744 571 1797 et
594 1733 623 1796 si
645 1733 740 1796 etiem
763 1732 810 1797 ibi
839 1732 1030 1812 nonhabet,
1064 1743 1118 1796 tua

23 1826 181 1906 poenitudo
212 1829 312 1894 eidem
347 1830 494 1894 eccleciae
516 1834 598 1919 jara
627 1833 800 1894 constituat
828 1841 857 1894 et
892 1831 1038 1914 ossipaet,
1071 1831 1120 1894 ito

22 1919 86 2000 pcc
111 1924 228 1988 exinde
259 1929 365 2013 rspice
395 1926 579 1992 celsitudini
609 1929 733 2013 pretias
764 1927 931 1992 debeamus
962 1926 1120 1992 emoluere

20 2019 153 2100 copiosos,
184 2033 214 2086 et
237 2035 270 2088 tu
290 2025 454 2111 pmmitics
478 2036 551 2090 trice
572 2025 695 2111 plorice
718 2036 748 2090 et
771 2026 922 2113 triumphi
944 2027 1013 2090 Deo
1035 2025 1119 2090 oide-

20 2116 73 2176 cris
93 2116 211 2202 offerre.
243 2161 280 2168 -
304 2121 427 2188 Omnia
450 2145 536 2209 quae
560 2124 594 2188 in
611 2122 664 2187 his
679 2122 797 2188 litteris
813 2125 1025 2189 continentur
1040 2146 1119 2188 sane

21 2211 192 2282 Alexander
218 2220 272 2284 111
311 2223 345 2286 in
375 2223 446 2287 istis
482 2243 592 2286 rerum
623 2221 790 2308 adjunctis
827 2223 898 2286 sine
935 2220 1002 2286 ulla
1033 2223 1120 2308 juris

19 2305 142 2379 laesione
166 2316 313 2384 scribere
337 2322 454 2404 potuit,
479 2321 544 2384 imo
570 2341 671 2405 quum
696 2341 734 2384 eo
758 2329 905 2404 tempore
923 2319 995 2405 jem
1019 2341 1120 2383 unam

21 2413 191 2479 societatem
217 2414 435 2483 christianam
458 2418 639 2484 formarent
662 2420 823 2499 nationes,
847 2417 1015 2482 Romanus
1038 2417 1119 2482 Pon·
1228 2459 1231 2488 f
1302 2407 1307 2416 ⁸

23 2505 86 2572 tifex
112 2521 148 2576 ut
170 2512 343 2580 Ecclesiae
374 2527 475 2600 caput
506 2526 539 2580 et
567 2517 716 2580 omnium
741 2513 1005 2580 Christianorum
1029 2525 1122 2602 pater

22 2623 46 2666 et
64 2621 170 2693 rector,
205 2614 321 2677 merito
346 2635 386 2678 ea
408 2615 535 2678 ratione
559 2612 735 2678 sollicitum
760 2635 794 2678 se
818 2612 962 2677 ostendit
984 2612 1026 2676 de
1049 2612 1121 2677 reli-

24 2704 108 2782 gionis
130 2711 282 2793 proiectu
306 2723 338 2776 et
361 2713 403 2776 de
426 2711 623 2798 populorum
653 2710 768 2776 salute.
813 2709 876 2776 llic
898 2732 977 2775 vero
1004 2712 1122 2796 episto·

25 2797 61 2863 lae
75 2806 186 2872 verbs:
212 2811 361 2874 Romana
385 2811 515 2898 ecclesia
539 2809 631 2875 aliud
652 2810 744 2874 babet
758 2813 817 2899 jas
839 2807 1006 2890 ininsula,
1030 2831 1123 2893 quam

25 2897 49 2960 in
67 2913 145 2970 terro
167 2930 285 2992 mopere
300 2918 331 2972 et
344 2911 505 2992 contiuua,
529 2907 675 2972 alludere
690 2907 847 2972 videntur
862 2906 905 2970 ad
921 2906 1123 2972 donationem

28 2993 218 3084 Comwatim,
248 3006 337 3091 quod
368 3006 614 3090 documentum,
651 3007 804 3092 quamvis
831 3006 1048 3090 suppositum,
1084 3028 1122 3071 eo

26 3108 157 3184 tempore,
186 3104 236 3166 uti
263 3103 416 3187 vidimus,
448 3103 552 3168 veluti
575 3105 757 3189 genuinum
781 3103 960 3190 quamdam
984 3105 1122 3168 auctori-

27 3207 105 3260 utem
127 3199 327 3266 obtinuerat.

94 3297 144 3362 58.
191 3298 259 3364 Sed
283 3310 431 3365 remanet
460 3299 560 3387 hujus
583 3300 796 3386 quaestionis,
830 3321 930 3384 quam
954 3319 1034 3385 pree
1059 3310 1246 3362 mss-Hanni
1261 3307 1294 3350 Ν

29 3390 104 3458 nibus
118 3395 289 3478 habemus,
313 3397 405 3464 aliud
422 3409 522 3484 caput
537 3397 706 3463 difficilius
731 3407 763 3462 et
786 3398 892 3481 magis
907 3395 1124 3482 implicatum.
1147 3371 1275 3415 ⁰⁰³⁰⁸'¹⁰'

30 3487 202 3561 Perbibetur
226 3496 383 3562 videlicet
408 3497 480 3583 jam
504 3505 581 3560 ante
604 3495 790 3560 Alexandri
813 3495 865 3560 ΙΙΙ
894 3493 1124 3581 pontificatum

33 3585 199 3660 Hsdnanus
229 3595 278 3660 IV
317 3595 463 3660 Henrico
493 3596 529 3659 11
561 3594 640 3680 jura
671 3593 835 3680 quaedam
867 3595 902 3657 in
926 3591 1124 3656 Hiberniam

32 3689 190 3775 tradidisse,
222 3703 255 3758 et
278 3693 320 3758 de
343 3693 406 3758 hoc
429 3693 516 3757 iacto
541 3714 608 3758 non
631 3691 807 3756 mediocris
840 3701 889 3755 est
921 3689 1126 3754 eruditorum

33 3782 213 3874 disceptatio.
258 3791 463 3878 Praecipuus
496 3789 594 3877 hujus
622 3790 844 3854 concessionis
875 3789 968 3853 testis
990 3789 1127 3852 affertur

34 3881 152 3954 ioannes
168 3889 433 3971 sarisberiensis,
458 3899 491 3954 et
514 3887 575 3954 sub
592 3889 726 3952 nomine
742 3886 906 3952 Hadriani
922 3885 971 3950 IV
988 3883 1126 3950 celebris

35 3995 117 4050 exstat
137 3987 277 4074 epistola
300 3989 344 4053 ad
369 3987 551 4052 Henricum
575 3985 619 4069 11,
648 3985 683 4048 in
707 4006 773 4070 qua
797 3987 860 4050 ista
883 3984 924 4048 de
947 4005 983 4048 re
1006 3985 1125 4067 egitur.

38 4077 153 4150 ioannes
177 4086 431 4152 Sarisbericnsis
454 4084 570 4150 ultimo
595 4084 703 4170 capite
727 4083 779 4170 (L.
805 4083 864 4151 1v.
890 4103 918 4146 c.
941 4082 999 4163 42)
1025 4081 1127 4144 Meta-

39 4175 107 4262 ipio'
132 4183 284 4270 pluribus
316 4183 460 4250 dolorem
492 4203 588 4246 suum
620 4183 779 4267 exprimit
811 4179 853 4246 de
890 4179 1055 4244 Hadriani
1078 4177 1127 4242 IV
