3000 4838
451 446 490 500 De
507 445 652 501 schismate
670 445 746 500 Petri
765 447 870 501 Leonis.
1185 417 1220 500 aa

112 588 267 654 involutus
289 589 364 654 fuit.
405 589 481 670 Qua
504 591 539 654 in
562 611 597 652 re
620 589 704 653 forte
726 592 940 655 Innocentius
968 592 1114 655 severius
1138 592 1220 676 egit3

110 696 206 751 exstat
233 689 323 752 enim
355 687 494 774 epistola
524 711 549 752 a.
573 687 735 752 Bernardi
764 690 807 753 ad
830 688 1062 754 Innocentium
1091 688 1126 753 II
1156 692 1221 773 (ep.

109 784 188 872 213),
226 807 293 872 qna
321 785 492 850 humiliter
520 785 672 873 quidem,
712 785 770 850 sed
799 785 903 850 libere
931 786 1119 872 expostulat
1145 808 1222 850 cum

108 882 269 964 Pontifice,
294 884 384 969 quod
399 883 534 947 Petrum
552 884 624 969 jam
640 893 717 948 ante
732 884 981 950 reconciliatum
1006 885 1121 949 eadem
1146 905 1222 948 cum

106 980 234 1067 reliquis
258 983 422 1046 sententia
439 981 656 1048 damnaverit.
693 982 757 1047 Uti
778 1005 842 1046 ooo
864 993 911 1046 eat
928 1005 994 1069 par
1017 981 1122 1069 culpo,
1147 983 1222 1046 scri·

108 1078 158 1160 bit,
176 1103 246 1166 pur
265 1079 365 1166 plane
380 1102 446 1144 nou
461 1079 550 1144 debet
560 1079 733 1167 procedere
743 1102 862 1166 poena,
885 1103 941 1144 uec
957 1081 1101 1145 convenit
1116 1081 1225 1144 eadem

107 1177 218 1242 involvi
240 1178 398 1242 renuntio
422 1201 490 1252 eum
512 1179 567 1263 qui
583 1189 758 1264 peccatum,
783 1203 850 1243 cum
873 1180 921 1242 lu's
944 1179 1134 1264 quoamopc's
1151 1199 1224 1263 pec·

106 1286 201 1339 rutum
232 1275 382 1340 deseruit.
432 1275 564 1360 liopter
593 1297 662 1339 eum
691 1277 746 1361 qui
772 1287 808 1340 ut
835 1276 1053 1362 peccatoribus
1077 1286 1226 1363 parceret

106 1373 162 1437 siti
183 1375 252 1460 ipsi
262 1397 326 1437 noo
339 1375 492 1459 pepercit,
513 1372 621 1459 offerte
636 1373 840 1460 opprobium
855 1397 964 1452 mcum,
989 1385 1018 1437 et
1033 1373 1225 1438 resumendo

105 1495 187 1556 pem
209 1472 381 1548 statuistis,
404 1481 526 1534 besuae
549 1472 645 1534 etium
669 1481 734 1534 tam
754 1493 852 1535 saoce
876 1483 905 1535 et
919 1473 1060 1557 intepruc
1077 1471 1224 1556 opinioni

105 1569 263 1634 conardite.
295 1607 339 1616 -
367 1568 526 1632 Attamen
553 1568 713 1654 adjuncta
741 1570 789 1633 rei
823 1591 889 1634 non
920 1570 1000 1633 satis
1029 1578 1107 1633 nota
1130 1577 1225 1646 sunt,

106 1669 181 1732 forte
204 1667 550 1732 fueruntlnnocentIo
566 1666 600 1731 II
624 1669 750 1732 motiva
774 1667 941 1753 specialia,
966 1690 1025 1732 cur
1049 1667 1225 1730 severitate

106 1765 263 1831 utendum
287 1787 359 1830 ease
382 1773 540 1829 censeret.
558 1803 601 1812 -
619 1763 753 1830 Conditi
778 1768 877 1830 etiam
902 1777 979 1830 sunt
1002 1767 1037 1830 in
1061 1765 1124 1828 hoc
1142 1763 1226 1829 Con-

107 1863 175 1927 cilio
199 1865 340 1947 triginta
363 1883 506 1927 canones
531 1861 772 1949 disciplinares,
797 1865 882 1929 inter
897 1885 978 1950 quoa
1002 1862 1056 1928 ille
1075 1883 1139 1948 quo
1163 1863 1228 1947 pri·

106 1960 248 2046 calapium
278 1960 409 2024 canorus
444 1981 502 2046 pro
527 1959 656 2024 clericis
680 1963 851 2044 statuitur;
892 1963 1004 2026 variae
1036 1959 1110 2025 lites
1142 1961 1230 2024 inter

106 2057 1228 2144 monasteriaterminatnesunt,etimpositnmestsilentiumArnaldo

104 2179 122 2218 a
149 2157 269 2220 Brixia
299 2154 493 2242 presbytero
523 2155 654 2239 lectori,
691 2159 748 2243 qui
780 2157 987 2222 sermonibus
1024 2159 1091 2221 suis
1123 2154 1230 2220 multi·

109 2255 259 2318 tudinem
291 2253 461 2318 excitabat
495 2264 609 2321 contra
646 2255 886 2320 ecclesiasticos
922 2255 1011 2320 bono
1038 2253 1232 2340 temporalia

109 2351 327 2437 possidentes.

197 2450 251 2515 87.
283 2447 612 2514 AbsolutaConcilio
636 2435 852 2516 Innocentius
875 2452 910 2516 II
933 2454 1003 2539 ipse
1028 2474 1104 2517 cum
1128 2453 1232 2537 copiis

110 2548 277 2633 profectus
301 2547 416 2612 estad
440 2547 673 2613 debellandum
699 2549 876 2634 Rogerium
894 2547 1054 2632 Siculum,
1079 2551 1136 2635 qui
1160 2559 1234 2635 post

109 2644 260 2710 Letharii
276 2642 489 2730 Imperatoris
504 2645 686 2710 discessum
702 2648 853 2730 regiones
868 2646 984 2712 Italiae
1007 2647 1232 2713 meridionalis

110 2744 202 2808 brevi
237 2742 302 2807 eibi
333 2743 452 2807 iterum
481 2742 676 2830 subjecerat.
724 2743 789 2810 Sed
812 2747 860 2809 uti
885 2745 1053 2831 quondam
1076 2746 1145 2810 Leo
1168 2745 1230 2828 IX,
1258 2753 1386 2795 ⁰0²¹v⁰¹²⁸¹⁰

110 2843 154 2905 ita
177 2842 280 2906 etiam
305 2839 519 2905 Innocentius
542 2840 576 2906 II
608 2842 853 2906 aNormannis
877 2853 993 2929 captus
1016 2853 1074 2927 est,
1111 2866 1232 2929 magna
1263 2815 1386 2924 ffilssf

110 2961 184 3004 cum
208 2941 397 3004 reverentia
420 2950 531 3005 tamen
554 2949 713 3004 tractatus
737 2963 757 3004 a
776 2940 928 3025 Rogerio,
953 2943 1009 3028 qui
1029 2941 1232 3028 suppliciter,

111 3046 145 3100 ut
168 3059 238 3122 pax
262 3036 517 3103 concluderetur
540 3061 559 3103 a
582 3039 745 3104 Pontifice
768 3042 874 3125 petiit.
912 3041 1042 3104 Annuit
1065 3043 1167 3125 igitur
1182 3041 1233 3107 ln-

112 3137 284 3200 nocentius
306 3135 351 3216 II,
380 3147 479 3224 atque
503 3137 664 3222 Rogerius
687 3137 880 3222 homagium
904 3137 1021 3221 ligium
1046 3141 1075 3203 ei
1099 3142 1233 3226 pracati-

111 3235 157 3314 tit,
199 3243 237 3297 ut
267 3231 427 3316 Siciliam,
467 3234 625 3321 Apuliam
659 3245 692 3299 et
725 3233 915 3300 Calabriam
945 3247 1104 3322 tanquam
1134 3237 1235 3302 feuda

111 3329 321 3416 Apostolicae
346 3331 441 3397 Sedis
464 3333 664 3418 possideret;
688 3335 775 3418 regia
798 3332 931 3398 titulum
956 3335 986 3398 ei
1011 3337 1111 3400 etiam
1126 3335 1232 3400 Ponti·

113 3427 165 3492 lex
197 3427 419 3495 confirmavit.
450 3467 493 3478 -—
524 3431 664 3496 Romam
693 3431 825 3496 rediens
858 3452 978 3515 magno
1012 3455 1088 3498 cum
1111 3432 1234 3519 gaudio

112 3526 325 3591 Innocentius
340 3528 376 3592 11
399 3551 420 3592 a
442 3527 601 3593 Romanis
624 3537 783 3615 exceptus
807 3538 865 3611 est,
889 3532 946 3616 qui
971 3532 1069 3594 etiam
1093 3530 1235 3616 postulo-

113 3633 187 3688 runt
210 3635 247 3688 ut
270 3623 386 3689 foedus
410 3646 486 3689 cum
510 3626 651 3711 Rogerio
682 3629 801 3690 initum
826 3627 1048 3713 disrumperet
1069 3628 1234 3693 Pontifex.

114 3721 176 3786 Sed
208 3725 364 3808 quamvis
395 3745 456 3788 rex
488 3723 542 3789 ille
577 3724 673 3810 plura
707 3727 927 3789 committeret
953 3725 1106 3790 Pontifici
1137 3724 1235 3790 valde

116 3819 257 3902 molesta,
281 3829 393 3886 tamen
417 3824 527 3908 potius
551 3822 669 3887 habuit
683 3823 898 3888 Innocentius
921 3845 1038 3910 pacem
1063 3847 1138 3889 cum
1155 3826 1235 3890 Nor·

116 3937 242 3982 mannis
266 3938 409 3985 servare.

200 4015 253 4080 88.
300 4015 414 4081 Altero
439 4039 526 4082 anno
553 4017 641 4081 1140
664 4016 831 4082 Tiburtini
865 4018 1061 4084 seditionem
1085 4020 1236 4085 fecerunt

117 4111 149 4175 in
178 4112 374 4178 Pontificem
407 4123 440 4178 et
464 4115 645 4198 Romanos,
678 4115 805 4202 hosque
837 4118 936 4181 ctiam
974 4116 1127 4181 cladibus
1158 4119 1235 4182 affo-

119 4221 244 4294 oernnt,
268 4223 303 4276 at
325 4213 420 4278 brevi
443 4223 517 4299 post
540 4237 570 4278 a.
597 4213 683 4278 1142
706 4216 894 4279 auctoritati
920 4214 1091 4280 Pontificio
1114 4217 1233 4280 iterum
