2850 4834
386 467 427 521 De
445 463 636 520 Minoritarum
654 464 751 522 turbis.
1074 467 1126 520 187

24 613 181 676 Lndovico
202 613 333 676 Bavaro
366 609 574 690 dedicarunt,
606 607 647 672 de
671 618 830 694 potestate
854 608 1026 674 Ecclesiae
1057 631 1127 694 per-

24 713 194 774 versissima
224 708 280 774 illa
309 708 475 795 principia
506 717 669 788 statuunt,
709 729 794 793 quae
825 706 956 772 saeculo
986 707 1073 773 XVI
1107 731 1127 772 a

23 807 205 894 quibusdam
236 809 422 872 instaurata
461 806 604 869 fuerunt
658 804 927 870 Praetendcbant
959 805 1126 884 videlicet,

22 917 199 990 potestatem
224 904 483 970 ecclesiasticam
515 902 720 988 originaliter
750 903 895 969 residere
918 907 954 969 in
977 903 1127 969 fidelium

21 1005 260 1086 communitate3
290 1002 377 1066 hanc
401 1023 479 1064 vero
504 1003 683 1086 praecipue
706 1000 748 1065 ab
773 1001 976 1088 Imperatore
998 1024 1128 1089 reprae-

20 1105 140 1168 sentari.
184 1102 215 1165 A
244 1102 481 1164 communitate
504 1097 653 1162 fidelium
678 1109 874 1185 potestatem
898 1111 931 1164 et
953 1102 1127 1164 auctorita·

18 1211 72 1263 tem
90 1200 256 1266 transferri
278 1201 313 1263 in
328 1197 464 1277 clerum,
489 1195 589 1282 hujus
604 1207 715 1260 autem
730 1197 880 1262 diversos
895 1199 1127 1284 cpiscoporum

17 1312 43 1360 et
70 1298 335 1382 presbyterorum
359 1295 482 1380 gradus
506 1293 598 1359 haud
621 1297 654 1358 in
680 1296 886 1360 institutione
910 1296 1036 1379 divina,
1068 1296 1129 1361 sed

16 1397 43 1459 in
71 1397 283 1481 Imperatoris
322 1393 535 1458 concessione
574 1415 671 1456 snum
706 1391 830 1456 habere
860 1393 1126 1459 fundamentum.

16 1493 182 1579 Propterea
205 1493 402 1578 Imperatori
426 1491 483 1578 jus
512 1512 582 1554 ease
606 1491 803 1555 instituendi
827 1491 954 1576 Papam
985 1514 1127 1578 eumque

15 1591 204 1676 deponendi,
236 1591 472 1674 neminemque
496 1589 567 1652 sine
591 1587 804 1674 Imperatoris
835 1590 1051 1674 permissione
1083 1588 1126 1654 ab

16 1691 155 1754 Ecclesia
177 1711 273 1774 posse
297 1688 418 1772 puniri.
460 1684 573 1765 Quum
598 1707 693 1770 porro
719 1684 869 1750 Christus
893 1708 959 1750 non
984 1710 1026 1750 ex
1048 1687 1127 1752 libe·

14 1788 131 1852 ralitate
145 1808 224 1852 suae
239 1786 382 1872 pietatis,
407 1784 464 1848 sed
489 1783 684 1848 necessitate
709 1794 842 1848 coactus
866 1783 1001 1848 solverit
1024 1784 1126 1849 tribu-

14 1904 82 1966 tum,
112 1885 192 1950 inde
216 1884 320 1969 sequi,
354 1884 466 1947 omnia
490 1883 685 1968 temporalia
709 1882 880 1948 Ecclesiae
904 1884 1039 1949 subesse
1063 1884 1126 1948 Im-

12 1986 156 2069 peratori,
181 2003 258 2047 eum
282 2003 377 2066 posse
400 2003 440 2045 ea
463 1982 614 2066 accipere
638 1991 676 2044 ut
698 2003 767 2064 sua,
793 1983 964 2066 ipsiusque
989 1982 1125 2068 disposi-

13 2085 82 2147 tioni
107 2082 228 2146 eadem
251 2101 322 2144 esse
339 2081 524 2143 commissa.
532 2080 556 2163 ¹)
573 2117 617 2126 -
631 2079 780 2144 loannes
796 2079 900 2144 XXII
915 2081 1009 2164 impii
1027 2081 1126 2166 hujus

11 2179 75 2245 libri
114 2181 286 2244 doctrinas
324 2200 354 2241 a.
380 2177 467 2240 1328
506 2198 565 2261 per
589 2176 866 2241 constitutionem
906 2178 994 2241 Licet
1024 2183 1127 2268 jacta

11 2279 179 2342 doctrinam
217 2276 406 2356 damnavit,
445 2275 582 2361 ejusque
613 2285 764 2339 auctores
803 2277 1125 2358 excommunicavit;

10 2377 57 2442 sed
87 2376 331 2463 protectionem
354 2395 468 2438 eorum
493 2375 639 2458 suscepit
661 2374 869 2455 Ludovieus,
904 2375 960 2459 qui
985 2384 1018 2436 et
1041 2373 1125 2438 Mar-

9 2477 107 2540 silium
134 2476 300 2538 vicarium
326 2473 453 2536 creavit
476 2471 645 2536 Romanae
657 2470 837 2536 Ecclesiae.
866 2509 903 2518 -
930 2473 982 2536 De
1006 2483 1126 2536 natura

10 2571 135 2661 lmperii
172 2571 312 2636 Romani
344 2571 468 2654 pariter
491 2568 616 2635 Occam
648 2571 750 2634 variis
781 2569 943 2655 scriptis¹)
982 2573 1125 2655 pessime

8 2675 107 2754 sensit,
134 2670 219 2736 dum
242 2670 378 2753 antiquo
403 2667 547 2752 Imperio
571 2666 687 2751 gentili
711 2666 792 2731 illud
817 2679 994 2754 coaequat3
1020 2669 1125 2753 digni-

8 2783 94 2835 tatem
129 2769 223 2852 regis
246 2765 446 2832 Germaniae
479 2775 511 2828 et
535 2765 747 2850 imperatoris
779 2777 815 2829 ut
846 2766 998 2831 eamdem
1022 2769 1126 2831 conai-

7 2867 98 2948 dcrat
124 2885 328 2949 omnemque
349 2863 489 2926 Romani
506 2863 678 2926 Pontificis
701 2863 867 2927 influxum
891 2865 926 2927 in
950 2873 1125 2950 utramque

6 2977 196 3052 potestatem
221 2963 339 3048 rejicit.

83 3065 139 3128 38.
170 3062 224 3126 Ex
239 3059 536 3124 Pseudominoritis
560 3059 631 3122 istis
648 3058 792 3123 Michacl
809 3058 974 3123 Caesenas
989 3083 1018 3126 a.
1037 3060 1123 3124 1344
1134 3043 1297 3140 Etlaefiffi'

6 3164 90 3226 morti
116 3157 335 3247 proximus,³)
365 3155 531 3222 Occamus
555 3179 633 3221 vero
657 3180 687 3224 a.
714 3159 810 3238 1349,
846 3157 969 3244 aliique
993 3159 1123 3244 pauci⁴)

7 3262 178 3346 resipuisse
210 3267 241 3320 et
273 3254 444 3320 Ecclesiae
476 3254 681 3320 reconciliati
713 3256 899 3320 traduntur.
948 3255 1123 3322 Caeterum

7 3358 252 3425 Fraticellorum
277 3355 433 3441 pestilera
456 3365 546 3419 secta
568 3361 636 3418 toto
661 3354 792 3418 saeculo
817 3354 901 3419 XIV
925 3353 1123 3420 catholicam

7 3463 192 3522 societatem
219 3453 377 3534 turbavit,
403 3475 507 3539 eoque
522 3453 708 3517 dementiae
733 3455 863 3516 sectarii
888 3452 936 3517 illi
960 3455 1124 3538 progressi

6 3567 78 3640 sunt,
112 3565 153 3619 ut
176 3554 356 3640 jactarent,
387 3550 647 3616 ecclesiasticam
679 3550 901 3615 hierarchiam
933 3553 1019 3614 inter
1049 3574 1125 3617 suos

6 3671 122 3718 natum
143 3651 321 3731 contineri,
338 3649 492 3714 Pontifici
508 3661 630 3730 autem,
649 3648 883 3713 Cardinalibus
900 3659 933 3713 et
948 3649 1125 3734 Episcopis

5 3766 128 3839 propter
161 3748 281 3813 luxum
317 3746 369 3810 vel
402 3745 538 3811 delicias
570 3747 762 3830 abrogatam
788 3769 859 3810 esse
882 3749 1124 3813 auctoritatem.

8 3915 218 3925 0...-...-.-—--.—

66 4023 85 4090 ¹)
106 4018 167 4073 Cfr.
188 4015 298 4070 Riezler
317 4013 333 4068 L
355 4029 376 4068 c.
395 4030 421 4081 p.
443 4013 494 4070 193
513 4028 569 4080 sqq.

64 4101 86 4169 ³)
107 4099 153 4153 De
172 4096 234 4164 ejus
252 4093 362 4161 scriptis
380 4093 427 4148 cfr.
448 4093 556 4148 Riezler
574 4093 591 4146 l.
612 4109 633 4148 c.
653 4109 678 4160 p.
698 4094 748 4146 241
769 4106 826 4157 sqq.

63 4181 87 4248 ¹)
108 4181 143 4236 V.
165 4175 303 4244 Raynald.
323 4190 348 4230 a.
369 4174 446 4229 1344.
466 4189 491 4228 u
509 4175 551 4228 13.

63 4259 151 4328 ⁴)1d.
173 4273 199 4310 a.
221 4254 301 4310 1349.
321 4270 347 4308 n.
370 4255 410 4309 17.
