2916 4842
298 445 334 498 86
496 444 601 500 XXIII.
620 445 662 500 De
678 450 756 500 statu
775 443 877 500 Eccles.
896 442 980 512 priori
998 441 1086 498 medio
1105 457 1174 497 saec.
1193 442 1254 498 xit.

302 589 373 653 lieri
390 597 506 674 potest,
531 591 696 654 serviente
720 587 763 652 ad
779 587 843 653 hoc
858 587 985 651 ratione
999 595 1032 650 et
1047 584 1257 672 philosophia
1271 585 1437 669 illustret,

301 686 454 773 explicet,
488 710 611 752 nexum
635 709 749 752 earum
774 687 961 772 patefaciat,
998 694 1097 770 atque
1131 685 1177 748 ita
1205 685 1435 749 scientificum

300 784 434 871 aliquod
451 795 595 870 systema
611 785 774 850 conficiat.
822 783 1008 868 Utrumque
1025 783 1126 868 igitur
1140 783 1248 847 cuivis
1270 781 1437 868 theologo

134 883 279 986 mm
299 883 535 969 praestandum
559 893 618 948 est.
665 883 732 949 Sed
764 884 850 947 siin
874 881 986 967 aliqua
1010 879 1165 944 methodo
1190 882 1336 967 primum
1362 882 1434 946 ele·

299 991 446 1045 mentum
470 981 649 1067 praevalet,
674 981 796 1046 dicitur
818 979 979 1046 methodus
1001 979 1140 1064 positiva
1151 1001 1165 1057 ,·
1188 981 1216 1043 si
1240 980 1433 1044 secundum

298 1078 497 1144 elementum
513 1079 691 1166 praevalet,
703 1105 704 1108 ¹
716 1078 903 1164 appellatur
926 1075 1123 1158 scholastica,
1148 1078 1226 1162 quia
1250 1079 1284 1142 in
1301 1078 1434 1144 scholis

297 1177 399 1241 medii
423 1177 498 1240 aevi
524 1179 671 1250 maxime
695 1176 846 1242 adhibita
870 1185 929 1240 est.
976 1175 1087 1260 Atque
1111 1173 1194 1239 adeo
1219 1178 1318 1240 etiam
1343 1179 1433 1242 inde

296 1273 482 1358 theologiae
493 1277 654 1361 positivae
669 1285 702 1339 et
716 1274 920 1338 scholasticae
935 1272 1105 1337 distinctio
1123 1281 1155 1336 et
1167 1292 1297 1339 nomen.
1322 1274 1431 1340 Prae-

298 1370 486 1437 cedentium
509 1372 715 1438 saecularum
748 1370 893 1456 theologi
925 1370 1082 1435 videlicet
1115 1371 1150 1434 in
1175 1392 1213 1435 eo
1242 1375 1431 1459 praecipue

297 1471 418 1534 versati
442 1481 549 1552 erant,
580 1481 617 1535 ut
639 1470 796 1555 dogmata
819 1469 949 1554 singula
972 1468 1050 1532 fidei
1084 1490 1126 1531 cx
1158 1467 1348 1554 Scripturas
1384 1495 1430 1536 ac

297 1566 500 1631 'l'raditionis
523 1571 720 1633 testimoniis
753 1567 941 1654 probarent,
971 1577 1004 1630 et
1027 1565 1215 1652 depositum
1244 1567 1321 1632 fidei
1346 1591 1428 1635 con-

297 1678 468 1730 servarent
499 1667 682 1750 incolume3
720 1667 937 1731 scientificum
974 1673 1084 1728 sutem
1118 1667 1359 1750 expositionem
1393 1683 1430 1733 et

297 1762 519 1829 evolutionem
544 1765 769 1830 doctrinarum
793 1766 903 1828 minus
919 1761 1136 1828 attenderant.
1176 1763 1231 1828 Ab
1255 1764 1318 1828 hae
1340 1787 1428 1831 vero

296 1872 404 1926 aetate
420 1863 634 1950 explicationi
659 1866 847 1946 veritatum,
872 1861 1103 1949 philosophice
1127 1861 1303 1947 disciplina
1318 1863 1427 1928 ancil·

296 1957 395 2041 lanto,
420 1959 565 2045 theologi
587 1951 784 2046 incubuere3
809 1983 848 2025 sc
873 1958 1033 2046 paulatim
1057 1959 1201 2023 effloruit
1224 1959 1281 2024 illa
1298 1958 1427 2026 theolo-

296 2060 352 2141 gia
375 2058 580 2142 scholastica,
604 2081 690 2146 quae
714 2060 858 2123 maxime
882 2057 1012 2122 saeculo
1037 2057 1166 2122 decimo
1190 2059 1285 2122 tertio
1310 2059 1411 2124 etde

297 2157 383 2220 cimo
407 2165 523 2244 quarto
547 2156 749 2242 peculiarem
773 2156 904 2221 addidit
926 2154 1074 2240 gloriam.
1122 2154 1206 2240 Ejus
1238 2177 1359 2242 parens
1385 2160 1423 2223 in

297 2252 479 2320 Occidente
508 2254 650 2320 habetur
686 2278 710 2321 s.
738 2254 935 2336 Anselmus3
975 2255 1009 2319 in
1041 2252 1177 2320 Oriente
1216 2277 1240 2321 s.
1270 2255 1426 2321 Joannos

297 2353 526 2418 Damascenus
572 2353 781 2440 aliquatenus
815 2353 886 2439 ejus
925 2351 1118 2416 methodum
1165 2352 1333 2439 quondam
1372 2377 1429 2419 se-

197 2446 199 2452 ’
298 2461 393 2514 cutus
417 2461 474 2518 est.

389 2592 461 2659 110.
488 2592 778 2673 Quemadmodum
803 2594 904 2676 igitur
926 2591 1079 2656 adhibita
1103 2593 1138 2655 in
1153 2593 1325 2656 servitium
1351 2593 1425 2679 phi-

297 2689 447 2776 losophia
463 2691 646 2756 strationis
662 2692 917 2775 investigatione
933 2689 1108 2772 subtiliori,
1134 2689 1311 2776 disciplina
1332 2690 1426 2755 theo-

297 2787 405 2873 logica
427 2811 494 2855 non
509 2810 627 2874 parum
651 2787 801 2873 profecit,
825 2789 872 2851 ita
888 2789 988 2852 etiam
1012 2787 1083 2851 fieri
1108 2809 1174 2851 non
1197 2791 1313 2873 potuit,
1339 2792 1424 2874 quin

297 2889 541 2952 controversiae
565 2884 752 2950 subtiliores
776 2896 810 2950 et
832 2885 1035 2950 difficiliores
1059 2887 1276 2952 exorirentur.
1316 2890 1424 2952 Dum-

297 3007 361 3071 que
386 2985 543 3051 doctrinis
558 2982 795 3072 philosophicis
819 2983 862 3048 ad
885 3005 937 3047 res
960 2983 1093 3048 divinas
1114 2983 1328 3070 exponendas
1354 2995 1425 3049 ute·

220 3139 228 3158 p
297 3091 411 3147 rentur
426 3085 584 3168 magistri,
609 3085 671 3147 ista
685 3083 869 3146 certamina
884 3080 973 3145 haud
991 3103 1025 3146 se
1049 3083 1241 3146 continuere
1266 3083 1300 3145 in
1317 3082 1423 3146 rebus

299 3201 387 3244 mere
410 3179 658 3266 philosophicis,
692 3179 750 3244 sed
775 3181 985 3266 quaestiones
1009 3177 1213 3264 theologicas
1245 3180 1311 3242 imo
1347 3181 1424 3265 ipsa

297 3277 376 3342 fidei
401 3277 557 3361 dogmata
572 3280 762 3364 attigerunt.
810 3276 922 3362 Atque
946 3299 988 3340 ex
1012 3277 1084 3362 ipsa
1100 3276 1211 3341 indole
1227 3298 1337 3340 rerum
1354 3278 1421 3341 fac·

297 3386 367 3440 tum
392 3386 449 3458 est,
481 3385 518 3440 ut
541 3375 666 3462 duplici
690 3377 883 3462 praesertim
914 3375 975 3439 sub
999 3383 1152 3460 respectu
1177 3376 1423 3439 controversiae

296 3473 561 3539 vehementiores
595 3473 849 3538 exardescerent
883 3475 1078 3557 animosque
1108 3472 1307 3539 dividerent.
1357 3473 1421 3536 Im-

296 3575 413 3659 primis
437 3571 727 3637 commemorsnda
751 3580 801 3635 est
824 3569 880 3634 illa
904 3579 1121 3654 systematum
1146 3569 1247 3634 medii
1272 3572 1347 3634 aevi
1373 3568 1421 3633 di-

229 3709 236 3719 ·
299 3671 393 3750 visio,
418 3691 503 3755 quae
526 3671 587 3735 sub
616 3656 837 3756 appellatidne
862 3668 1092 3734 Nominalismi
1123 3678 1155 3732 et
1179 3667 1337 3733 Realismi
1365 3690 1419 3732 no·

297 3770 425 3832 tissima
448 3777 505 3832 est.
554 3768 666 3849 Quum
697 3767 855 3832 videlicet
877 3764 1107 3853 philosophiae
1154 3765 1324 3852 objectum
1354 3769 1420 3830 sint

298 3868 444 3930 maxime
459 3865 665 3931 universales
688 3887 798 3929 rerum
818 3866 972 3947 rationes,
997 3866 1121 3950 primas
1135 3865 1203 3930 iere
1227 3875 1338 3952 partes
1354 3864 1417 3930 sibi

298 3986 376 4028 mox
400 3963 588 4027 vindicavit
610 3963 667 4028 illa
684 3963 726 4028 de
749 3962 983 4028 uniuersalibus
1007 3965 1165 4049 quaestio,
1191 3965 1358 4051 quaejam
1374 3961 1418 4028 ab

297 4062 442 4146 antiquis
465 4059 672 4148 philosophis
695 4061 778 4127 adeo
803 4063 970 4148 exagitata
993 4071 1052 4143 est,
1078 4071 1217 4126 ettanta
1231 4061 1357 4146 habita,
1380 4071 1418 4124 ut

295 4181 371 4222 eam
394 4158 602 4244 Porphyrius
632 4181 763 4246 quoque
797 4161 831 4224 in
855 4161 998 4247 Isapoqis
1021 4161 1105 4240 suis,
1137 4181 1239 4246 quum
1273 4161 1314 4225 de
1347 4159 1415 4224 uni-
