2868 4844
164 986 253 1026 electro

139 1049 235 1088 Msrtlnl
251 1050 277 1091 V.

298 446 352 500 306
587 443 713 498 XXXIV.
734 444 773 499 De
793 444 910 498 Concilio
930 445 1141 500 Constantiensi.

298 600 521 677 opportunum
553 586 732 652 videbatur
763 587 805 652 ad
837 587 1016 652 firmiorem
1047 589 1095 652 rei
1127 589 1348 654 certitudinem
1371 601 1395 652 st

298 687 509 774 plenissimae
534 685 731 750 concordiae
754 687 992 766 testimonium,
1017 685 1306 771 utquodsmmodo
1327 699 1396 750 totns

297 786 387 850 orbis
425 783 607 848 catholicus
641 785 675 846 in
706 785 784 846 novi
817 783 989 848 Pontificis
1028 783 1190 848 electione
1227 789 1395 850 convenisse

296 883 497 948 luculentius
521 891 705 966 appareret.

390 981 439 1046 18.
465 980 617 1046 Sessione
641 977 896 1064 quadragesima
911 980 1019 1064 prima
1041 977 1127 1044 lecta
1143 980 1206 1044 fnit
1221 980 1396 1044 Constitutio

299 1079 479 1144 Clementis
495 1078 543 1142 VI
567 1077 655 1141 Licet
678 1076 720 1140 de
736 1075 834 1141 modo
858 1087 891 1139 et
914 1078 1020 1141 t'orma
1037 1076 1217 1162 (mitigata)
1242 1077 1396 1142 conclavis.

298 1177 426 1242 Eadem
451 1177 505 1240 die
529 1176 649 1258 viginti
674 1185 740 1238 tres
755 1173 950 1238 Cardinales
975 1187 1164 1260 praesentes
1188 1197 1265 1239 cum
1286 1176 1397 1258 triginta

299 1275 466 1360 deputatis
505 1275 677 1338 nationum
709 1270 867 1336 conclave
900 1274 1039 1358 ingressi
1073 1283 1164 1353 sunt,
1202 1289 1236 1337 et
1270 1275 1398 1359 quamvis

298 1375 392 1436 initio
417 1372 458 1436 ob
483 1370 684 1435 simultatem
709 1371 893 1452 nationum,
926 1393 1011 1457 quae
1035 1381 1194 1456 papatum
1226 1370 1289 1435 sibi
1314 1369 1397 1433 vindi·

299 1491 374 1534 care
407 1468 655 1550 desiderabant,
688 1467 855 1532 discordia
891 1481 962 1532 orta
996 1480 1094 1549 esset,
1128 1481 1239 1534 tamen
1275 1491 1345 1534 mox
1372 1489 1396 1529 en

299 1568 423 1648 sedata,
449 1577 521 1652 post
533 1567 681 1631 triduum
696 1565 749 1629 die
767 1565 823 1630 11⁰
837 1565 1039 1631 Novembris
1062 1590 1092 1631 a.
1112 1569 1196 1630 1417
1221 1569 1398 1632 unanimiter

299 1669 332 1730 in
364 1666 559 1730 Pontificem
593 1664 763 1748 elegerunt
795 1662 951 1728 Ottonem
977 1664 1175 1729 Columnam
1209 1665 1396 1730 Cardinalen

299 1765 503 1845 Diaconum,
536 1765 593 1848 qni
628 1763 681 1826 die
714 1762 774 1826 20⁰
802 1762 1001 1826 Novembris
1035 1763 1207 1827 ordinatus
1240 1763 1396 1849 presbyter.

297 1863 401 1926 altera
425 1861 479 1926 die
503 1863 683 1925 Dominica
706 1862 739 1924 in
766 1859 905 1924 ecclesia
923 1859 1169 1925 Constantiensi
1194 1863 1329 1926 solemni
1351 1863 1397 1922 rim

298 1973 429 2025 etcum
455 1961 601 2024 maxima
625 1958 751 2023 laetitia
773 1957 931 2022 Pontifex
955 1970 1167 2024 consecratus
1190 1969 1224 2024 et
1248 1973 1398 2024 coronatus

298 2059 360 2124 fuit
391 2058 451 2122 sub
477 2059 610 2121 nomine
635 2057 774 2120 Martini
803 2057 837 2123 V.
886 2057 961 2141 lpse
985 2059 1123 2121 sessioni
1147 2058 1398 2143 quadragesimae

297 2155 465 2221 secundae
489 2165 521 2219 et
545 2157 683 2219 caeteris
708 2175 811 2240 usque
836 2154 879 2218 ad
904 2154 992 2219 diem
1017 2155 1100 2218 22ιιιῃ
1124 2154 1252 2241 Aprilis
1276 2181 1305 2222 a.
1324 2159 1397 2220 llis

297 2276 362 2341 quo
395 2255 448 2320 die
473 2252 588 2318 habita
612 2263 660 2316 est
683 2254 784 2316 sessio
813 2251 1067 2338 quadragesima
1099 2255 1215 2339 quinta
1240 2265 1273 2320 et
1297 2255 1423 2318 ultima.¹

298 2352 473 2438 praesedit.

390 2451 439 2514 19.
488 2449 541 2512 Ad
571 2449 830 2535 rafmnsationam
859 2449 1031 2514 Ecclesiae
1062 2449 1150 2535 quod
1181 2463 1318 2536 spectat,
1345 2451 1398 2534 jan

297 2558 374 2613 ante
399 2548 593 2612 electionem
617 2546 800 2610 MartiniV
825 2549 1013 2611 commissio
1039 2569 1080 2610 ex
1105 2549 1207 2612 variis
1231 2547 1399 2614 nationibus

297 2647 476 2710 constituta
507 2655 586 2726 erat,
618 2655 655 2707 ut
685 2646 796 2729 capita
826 2644 1069 2709 reformationis
1104 2646 1277 2712 faciendae
1307 2667 1398 2732 propo-

297 2755 431 2824 nerent3
456 2752 530 2828 post
545 2740 738 2806 electionem
757 2763 834 2806 vero
847 2742 980 2808 Martini
999 2745 1167 2828 negotium
1183 2745 1273 2812 istud
1288 2745 1400 2810 ulteris

297 2850 474 2906 tractatum
499 2850 556 2906 est.
603 2840 681 2905 Jam
712 2841 1023 2922 animadvertimus,
1055 2844 1195 2906 nimiam
1226 2865 1297 2908 sese
1319 2843 1399 2906 mani·

298 2941 433 3004 festasse
457 2938 663 3003 tendentium
689 2939 909 3022 restringendi
929 2939 1206 3024 juraPontilicis,
1230 2965 1288 3006 seu
1311 2943 1399 3027 potius

299 3060 394 3102 usum
420 3047 452 3101 et
475 3037 733 3122 applicationem
753 3037 880 3121 jurium
911 3037 981 3122 ejus
1005 3039 1040 3100 in
1065 3041 1339 3124 exemptionibus,
1366 3061 1399 3100 re·

296 3135 552 3214 secretionibus
600 3133 860 3219 provisionibus,
907 3137 1049 3216 annatis,
1097 3138 1312 3218 commendis,
1352 3153 1420 3210 clep

296 3234 464 3313 Quemvis
488 3235 576 3297 enim
603 3243 751 3317 tempore
775 3232 963 3296 schismatis
988 3232 1039 3296 his
1056 3235 1090 3298 in
1107 3235 1206 3298 rebus
1220 3239 1312 3300 varia
1333 3217 1420 3320 quael

298 3333 408 3395 minus
432 3330 678 3394 conveniebant
701 3330 901 3412 acciderent,
927 3331 1091 3394 immerito
1109 3343 1220 3397 tamen
1243 3333 1398 3418 taliaquas

296 3440 426 3493 tantum
447 3451 508 3515 par
531 3428 676 3492 cecideras
699 3426 841 3490 abusum
866 3449 979 3491 secum
1003 3428 1159 3506 tulerunt,
1191 3431 1293 3496 veluti
1319 3429 1399 3494 mari·

298 3549 427 3592 morum
451 3526 612 3590 malorum
637 3523 762 3588 fontem
787 3523 897 3610 plures
922 3527 1183 3593 considerarunt.
1230 3527 1295 3593 Sed
1318 3529 1398 3592 etiam

296 3627 383 3688 inter
423 3623 571 3688 membra
617 3625 889 3690 commissionum
930 3627 1106 3710 variasque
1153 3630 1304 3692 nationes
1339 3625 1418 3688 mos

297 3721 467 3788 discordes
480 3722 520 3787 de
533 3723 666 3807 punctis
684 3721 904 3786 reformandis
920 3745 954 3788 se
969 3723 1220 3790 manifestarunt
1235 3727 1397 3810 opiniones.
1417 3737 1418 3762 i

297 3819 355 3886 Sic
379 3843 406 3887 e.
419 3843 450 3906 g.
476 3822 624 3884 maxima
647 3832 719 3884 orta
743 3831 792 3884 est
817 3823 1042 3886 controversia
1066 3821 1299 3888 decollatione
1321 3823 1396 3886 beor·
1417 3781 1418 3864 l

296 3917 458 3982 liciorum,
509 3917 620 3997 Quum
645 3919 734 3980 eninr
759 3916 815 3982 alii
841 3920 1081 3983 reservationes
1105 3919 1143 3986 R.
1162 3921 1329 3984 Pontificis
1350 3917 1397 3980 bac

298 4018 334 4080 in
358 4039 392 4080 re
417 4015 539 4080 vellent
562 4018 760 4100 restringere
784 4027 816 4078 et
841 4017 1027 4081 Ordinariis
1049 4016 1189 4083 liberam
1211 4015 1395 4082 collationem

297 4113 475 4178 multorum
501 4113 738 4178 beneficiorum
762 4113 961 4193 adscribere,
997 4115 1063 4196 alii,
1088 4137 1127 4180 ac
1150 4118 1337 4202 praesertim
1357 4111 1399 4176 ds

296 4213 405 4297 putati
453 4212 736 4294 Universitatum,
790 4212 1001 4277 difficultates
1048 4235 1184 4298 magnas
1233 4227 1396 4278 moverunt
