2916 4842
254 473 342 528 Lnrta
361 473 494 528 Friderici
513 474 527 527 I
546 479 640 528 contre
660 472 842 528 Alexandrum
863 473 913 528 III.
1098 477 1148 530 123

43 642 90 678 auu
117 619 314 696 consentiret,
344 620 379 680 ia
403 619 636 682 consecratione
659 640 771 680 111111
799 619 1002 702 impoti-creat.
1052 619 1147 699 Quae

42 717 68 776 iu
94 714 179 778 hisce
207 717 455 800 exaggerationi
487 726 519 778 et
547 714 700 778 fallaciae
732 714 897 799 malignae
925 716 1147 782 adscribenda

39 815 101 882 siut,
132 834 173 875 ex
199 814 239 878 iis
264 835 348 900 quae
373 815 524 899 superius
549 814 759 876 narravimus
782 811 880 877 facile
905 812 1078 899 colligitur.
1103 853 1145 861 -

37 909 180 976 Scribant
210 932 324 997 porro:
366 911 526 994 „Romam
557 931 692 996 corpore
732 911 924 994 (Hadriani)
963 913 1144 998 deportato,

36 1011 114 1092 prius
146 1011 179 1072 in
215 1009 318 1074 verbo
348 1011 498 1073 veritatis
522 1008 587 1072 tale
612 1019 746 1095 pactum
770 1010 972 1074 unanimiter
994 1011 1145 1094 fecimus,

34 1107 117 1192 quale
140 1129 230 1171 nunc
255 1109 420 1192 sequitur:
447 1107 506 1188 ,In
531 1108 665 1198 nomine
690 1107 838 1171 Domini.
867 1107 985 1172 Amen.
1020 1107 1146 1174 Conve-

34 1216 141 1268 nerunt
177 1207 336 1291 episcopi,
377 1204 573 1291 presbyteri,
613 1203 755 1286 diaconi,
796 1206 981 1270 cardinales
1013 1217 1146 1272 sanctae
1165 1207 1192 1290 j
1286 1193 1287 1201 ¹

32 1303 188 1366 Romanae
223 1302 383 1368 ccclesiae
416 1313 449 1365 et
482 1304 705 1388 promiserunt
728 1303 790 1366 sibi
816 1305 960 1368 invicem
986 1306 1019 1368 in
1044 1306 1145 1372 verbo

32 1402 182 1482 ueritatis,
225 1402 313 1487 quod
352 1401 392 1465 de
424 1400 585 1464 electione
620 1399 721 1464 futuri
751 1399 920 1466 Pontificis
957 1403 1148 1468 tractabunt

31 1499 203 1562 secundum
236 1498 511 1564 consuetudinem
552 1499 647 1562 istius
684 1497 859 1580 ecclesiae,
900 1499 1026 1564 scilicet
1058 1501 1145 1586 quod

33 1607 235 1680 segregentur
273 1596 405 1682 aliquae
443 1617 603 1681 personae
644 1595 684 1660 de
720 1597 844 1661 eisdem
880 1597 1048 1678 fratribus,
1089 1600 1145 1684 qui

34 1693 157 1758 audiant
192 1692 398 1758 voluntatem
423 1692 628 1777 singulorum
654 1704 686 1756 et
710 1691 886 1778 diligenter
916 1696 1086 1780 inquirant
1115 1707 1146 1759 et

35 1791 160 1856 tidelitcr
193 1791 396 1873 describant,
431 1800 464 1854 et
486 1793 513 1855 si
538 1793 631 1854 Deus
655 1791 793 1873 dederit,
825 1792 913 1877 quod
940 1793 1147 1858 concorditer

33 1893 181 1972 passimus
208 1890 397 1970 convenire,
422 1888 524 1970 bene3
549 1890 736 1968 sinautem,
762 1889 871 1953 nullus
894 1891 1052 1975 procedat
1075 1893 1145 1955 sine

32 1990 188 2052 communi
214 2009 389 2069 consensu,
415 1995 447 2048 et
469 1985 533 2050 hoc
558 1985 752 2051 observetur
777 1990 847 2051 sine
863 1988 979 2052 fraude
1003 1998 1036 2052 et
1059 1988 1144 2054 malo

35 2087 185 2168 ingenio.“
293 2083 377 2149 Cum
402 2092 536 2170 propter
558 2086 837 2169 conspirationem
861 2085 1020 2152 adversae
1044 2089 1146 2174 partis

35 2183 134 2248 electio
159 2184 249 2248 lente
279 2183 482 2269 procederet,
516 2184 613 2246 tertia
637 2183 690 2246 die
714 2183 782 2248 fere
814 2196 980 2249 transacta
1010 2187 1053 2250 ad
1081 2187 1145 2251 hoc

36 2281 152 2345 andem
184 2281 366 2346 deventum
398 2291 455 2362 est,
493 2281 582 2366 quod
607 2281 690 2345 XIV
714 2281 898 2346 cardinales
927 2305 969 2346 ex
993 2285 1144 2366 adverso,

37 2381 77 2461 qui
99 2389 306 2444 sacramento
331 2380 499 2443 constricti
534 2377 741 2460 tenebantur,
773 2379 959 2445 Rolendum
985 2381 1144 2447 cancella-

35 2479 105 2540 rium
129 2480 399 2542 nominaverunt.
447 2476 515 2540 Nos
540 2487 651 2542 autem
676 2477 728 2542 IX
753 2500 900 2560 numero,
925 2481 982 2564 qui
1006 2480 1143 2545 nefandi

27 2572 195 2654 juramenti
229 2585 360 2639 exortes
392 2596 533 2656 eramus,
571 2575 796 2640 venerabilem
829 2577 964 2640 fratrem
996 2589 1144 2643 nostrum

32 2675 254 2754 lacorianum,
291 2672 520 2757 presbyterum
556 2672 769 2758 cardinalem,
802 2676 913 2738 virum
945 2677 1059 2761 utique
1090 2676 1144 2740 ho·

34 2785 147 2834 1111111
179 2782 213 2835 11
237 2769 427 2856 religiosum
451 2771 494 2835 ad
519 2772 666 2856 regimen
691 2770 902 2856 Apostolicae
927 2773 1022 2838 Sedis
1047 2784 1079 2836 11
1101 2773 1144 2838 ad

32 2869 216 2932 concordiae
241 2881 275 2932 et
298 2871 390 2954 pacis
419 2870 579 2933 unitatem
605 2871 691 2932 inter
714 2868 887 2934 ecclesiam
913 2879 945 2934 et
967 2872 1144 2956 imperium

32 2963 265 3030 reformandam
305 2977 338 3030 et
375 2967 638 3032 conservandam
680 2967 818 3052 dignum
857 2981 889 3032 11
924 2967 1038 3033 utilem
1073 2991 1144 3034 esse

33 3077 263 3146 cognoscentes,
289 3065 450 3150 eligimus.
483 3065 572 3129 Dum
596 3088 647 3130 res
672 3064 781 3130 taliter
793 3077 953 3149 ageretur,
970 3076 1003 3130 11
1016 3078 1144 3152 partem

35 3163 217 3226 contrariam
244 3173 389 3248 pactum,
424 3163 513 3249 quod
538 3165 571 3228 in
597 3163 698 3226 verbo
724 3165 873 3227 veritatis
906 3164 1072 3228 firmatum
1096 3165 1144 3228 fu-

36 3269 100 3340 erat,
130 3262 264 3346 penitus
286 3262 472 3344 transgredi
498 3261 663 3326 volentem
695 3263 901 3340 sentiremus,
932 3272 1068 3345 pactum
1092 3285 1144 3326 su·

38 3355 202 3432 predictum
235 3357 300 3422 illis
334 3357 377 3422 ad
410 3361 603 3423 memoriam
633 3359 828 3424 reducentes
858 3361 1054 3423 auctoritate
1079 3359 1143 3424 Dei

37 3455 255 3540 omnipotentis
279 3469 312 3519 et
335 3458 485 3521 omnium
509 3467 699 3521 sanctorum
724 3466 824 3543 atque
848 3469 960 3521 nostra
983 3459 1030 3520 eis
1053 3459 1142 3542 peni·

38 3562 80 3610 tus
99 3553 337 3634 interdiximuS,
371 3577 412 3618 ne
435 3555 561 3641 absque
590 3557 758 3619 communi
789 3577 950 3620 consensu
984 3557 1142 3636 omnium,

38 3645 531 3738 1111111111111111111111111,
557 3652 720 3717 ullatenus
737 3653 881 3739 aliquem
899 3656 1143 3734 immantarent,

39 3743 251 3812 adolandum
268 3749 503 3814 cancellarium
528 3750 645 3814 eadem
662 3753 868 3833 auctoritate,
893 3773 935 3815 ne
952 3752 1142 3836 susciperet,

40 3837 233 3910 nihilominus
249 3847 490 3932 prohibuimus.
525 3848 688 3928 Quidum
707 3849 809 3913 verba
833 3858 866 3912 et
889 3851 1143 3913 ammonitiones

41 3951 145 4005 noscas
175 3943 427 4029 vilipenderent,
472 3956 503 4010 et
539 3945 726 4011 Rolandum
760 3947 994 4011 cancellarium
1031 3956 1142 4010 manto

42 4031 212 4104 festinarent
235 4042 384 4122 induere,
410 4043 558 4109 nondum
576 4055 687 4109 111111
706 4043 760 4109 1111
777 4045 903 4127 induto,
928 4066 987 4109 nos
1012 4043 1142 4109 illorum

46 4132 166 4202 malitiae
182 4143 289 4224 potius
305 4143 477 4223 contraire,
504 4166 604 4229 quam
622 4145 808 4207 consentire
822 4142 980 4222 volentes,
995 4156 1038 4226 vet
1054 4142 1142 4229 quod

45 4229 115 4293 male
143 4239 342 4303 conabantur
365 4243 502 4304 minime
525 4245 762 4328 permittentes,
795 4242 838 4306 ad
870 4243 1063 4328 petitionem
1087 4264 1143 4328 po·
