2850 4834
424 425 581 494 suppressio
600 424 717 482 Ordinis.
1093 430 1145 483 113

37 581 63 632 et
84 575 214 659 majores
232 571 489 657 Praeapmffa
475 572 588 656 ipsius,
607 592 670 657 per
693 593 798 634 eorum
821 570 1033 657 consessiones
1056 595 1147 659 spon·

37 679 142 732 taneos
168 668 204 732 de
229 666 409 755 praedictis
432 667 621 748 haeresibus,
652 668 813 734 erroribus
829 681 865 732 et
887 669 1054 734 sceleribus
1077 681 1150 734 sunt

35 768 200 848 manicias,
240 768 316 852 quia
349 767 445 829 etiam
477 767 567 852 ipsae
600 767 813 853 consessiones
845 769 963 832 dietam
999 769 1151 834 Ordinem

35 863 165 928 reddunt
191 875 376 950 suspectum,
408 874 438 926 et
467 865 543 949 qnia
574 863 715 948 infamia
738 875 768 927 et
790 867 928 951 suspicio
946 867 1152 952 praelibatae

35 961 148 1024 dictum
172 962 321 1026 Ordinem
351 960 490 1025 reddunt
512 961 673 1042 Ecclesiae
704 974 833 1026 sanctae
856 963 921 1026 Dei
943 975 973 1027 et
993 965 1153 1051 praelatis

34 1059 166 1145 ejusdem
202 1057 338 1144 aliisque
378 1059 580 1144 principibus
617 1070 646 1123 et
685 1062 819 1124 caeteris
852 1059 1020 1127 Catholicis
1057 1065 1153 1134 nimir

33 1155 268 1221 abominabilem
288 1169 338 1248 *et
379 1179 525 1236 enosum,
569 1159 645 1242 quia
678 1158 773 1221 etiam
802 1159 972 1224 verisimile
1003 1162 1152 1244 creditur,

34 1254 115 1338 quod
140 1257 248 1320 amodo
274 1255 357 1318 bona
379 1277 443 1318 non
465 1256 658 1341 reperiretur
674 1279 826 1341 persona,
851 1281 929 1342 quae
953 1259 1070 1325 dictum
1097 1261 1154 1326 Or·

34 1351 136 1415 dinem
162 1352 253 1418 vellet
275 1355 409 1430 intrare,
437 1363 570 1438 propter
592 1376 673 1437 quae
702 1354 770 1439 ipse
798 1355 884 1434 Ordo
908 1357 1068 1422 Ecclesiae
1091 1359 1155 1422 Dei

36 1473 69 1511 ae
92 1453 212 1536 negotio
242 1451 357 1514 Terrae
388 1461 516 1513 nanctae
540 1450 585 1513 ad
608 1455 697 1539 crijim
720 1453 881 1516 seruitium
895 1455 1034 1540 filerunt
1058 1458 1154 1544 depu-

35 1549 100 1630 tati,
133 1549 256 1612 inutilis
278 1547 474 1626 redderetur,
506 1550 654 1632 quoniam
676 1550 806 1635 insuper
834 1573 873 1614 en
895 1553 1051 1617 dilatione
1075 1555 1155 1619 deei-

34 1647 129 1709 sionis
153 1669 204 1710 sea
228 1646 443 1710 ordinationis
467 1648 546 1710 dicti
567 1647 695 1734 nepotii,
720 1649 765 1712 ad
787 1673 879 1734 quam
894 1653 1085 1738 faciendam
1107 1655 1156 1718 ael

34 1747 215 1808 sententiam
243 1745 514 1832 promulpandam
546 1748 695 1810 terminus
722 1751 954 1835 peremptoriae
977 1753 1094 1838 fuerat
1121 1753 1156 1815 in

31 1845 192 1926 praesenti
218 1841 359 1907 Concilio
381 1843 549 1930 praefatis
581 1844 698 1909 Ordini
728 1855 757 1908 et
780 1845 945 1932 fratribus
975 1853 1156 1938 assipnotus

37 1941 169 2018 anobis,
193 1942 344 2005 bonoram
364 1940 487 2028 Templi
510 1991 517 2006 .
537 1993 569 2008 ..
595 1943 706 2007 totalis
729 1945 858 2008 amieria
882 1959 1070 2032 sequeretur,
1096 1997 1156 2016 ...

36 2037 125 2124 lonya
159 2051 188 2103 et
218 2051 345 2103 matura
368 2039 595 2104 deliberatione
614 2041 822 2126 praehabita,
855 2044 956 2107 solum
978 2045 1080 2109 Deum
1103 2047 1156 2109 ba·

37 2134 152 2200 bernes*
161 2161 247 2224 prae
278 2137 378 2201 oculis
410 2149 440 2200 et
470 2137 514 2200 ad
543 2135 714 2202 utilitatem
737 2142 856 2223 nepotii
882 2143 998 2206 Terrae
1030 2155 1158 2208 senectae

36 2246 206 2320 respectum
234 2234 392 2312 babentes,
427 2257 491 2299 non
523 2235 719 2300 declinantes
750 2236 794 2299 ad
817 2239 981 2304 dexteram
1010 2241 1059 2304 oel
1081 2243 1155 2306 sini·

36 2345 142 2410 stram,
172 2335 258 2396 ciam
286 2335 481 2419 provisionis
505 2345 535 2396 et
559 2333 775 2399 ordinationis
798 2337 947 2400 donimus
971 2337 1157 2424 elipendam,

33 2456 87 2515 per
116 2455 211 2516 quam
243 2430 392 2495 tollentur
421 2431 587 2509 scaudala,
622 2432 807 2496 vitabuntur
824 2436 982 2520 pericula,
1015 2448 1043 2499 et
1077 2437 1159 2502 bona

36 2527 301 2592 conservabuntur
328 2528 469 2592 subsidio
497 2531 526 2592 Τ
525 2551 615 2593 errae
638 2541 778 2595 sanctae.

124 2625 371 2691 Considerantes
393 2629 500 2712 itaque
529 2627 709 2712 infamiam,
742 2631 958 2714 suspicionem,
992 2631 1162 2698 clamosam

38 2727 281 2790 insinuationem
305 2737 333 2788 et
359 2725 427 2789 alia
451 2725 650 2812 supradicta,
682 2749 762 2812 qnae
791 2737 904 2790 contra
930 2731 1082 2796 Ordinem
1103 2732 1161 2819 sa-

37 2827 118 2887 cirrnt
150 2824 380 2909 supradictum,
413 2846 469 2888 nec
492 2847 556 2888 non
580 2835 609 2887 et
632 2825 785 2889 occultam
808 2836 838 2888 et
860 2827 1090 2893 clandestinam
1113 2855 1160 2896 re-

38 2925 207 3007 ceptionem
222 2921 405 3006 fratrum'
392 2923 495 3008 ipsius
522 2922 666 3002 Ordinis,
697 2923 970 3010 differentiamque
993 2928 1161 2993 multorum

40 3021 173 3090 fratrum
207 3019 344 3108 ejusdem
368 3044 389 3083 a
413 3021 567 3083 communi
589 3023 835 3102 conversatione,
868 3025 935 3088 vita
965 3036 996 3089 et
1025 3027 1163 3093 merebus

39 3117 170 3181 aliorum
199 3115 319 3181 Obristi
333 3117 528 3196 fidelium,
515 3142 549 3181 en
572 3140 606 3180 eo
632 3120 766 3182 momine
789 3121 873 3206 quod
894 3124 1080 3209 recipientes
1104 3126 1162 3190 erli-

40 3241 110 3302 pnos
144 3217 181 3279 in
201 3215 331 3300 fratres
355 3217 405 3278 sui
431 3215 564 3279 Ordinis
585 3228 726 3333 receptos
753 3219 883 3304 inipso
907 3243 965 3284 sua
988 3225 1164 3308 receptione

38 3316 269 3402 professionem
293 3316 429 3376 emittere
444 3313 617 3399 faciebant
641 3325 670 3377 et
686 3319 812 3403 jurare,
836 3318 961 3380 modurn
973 3322 1164 3406 receptionis

41 3415 158 3478 tuemini
178 3412 328 3490 recolere,
352 3435 408 3476 nee
430 3409 613 3497 relipionem
635 3412 726 3476 illam
751 3415 848 3492 enine,
873 3437 912 3477 en
927 3415 1038 3500 quibus
1052 3429 1163 3482 contra

41 3536 88 3576 eos
105 3513 329 3598 praemmitur
352 3511 532 3590 evidenter;
556 3511 753 3575 attendentes
768 3514 899 3598 insuper
913 3537 1007 3598 yram
1030 3517 1164 3579 scanda-

41 3609 99 3673 lnm
134 3631 177 3672 en
204 3607 384 3694 praedictis
417 3620 529 3672 eontra
568 3609 719 3673 Ordinem
750 3609 969 3696 praelibatum
1006 3613 1165 3677 subortum

37 3709 153 3794 titisse,
176 3707 260 3792 quod
282 3728 345 3770 non
368 3705 528 3770 videretur
545 3729 642 3792 posse
666 3707 775 3772 sedari
797 3709 904 3772 eodem
923 3709 1043 3774 Ordine
1066 3735 1165 3775 rema·

43 3818 142 3884 neate,
175 3827 231 3868 nec
253 3827 318 3868 non
341 3815 370 3868 et
391 3805 467 3882 fidei
490 3816 520 3868 et
542 3808 722 3869 animarum
740 3807 898 3892 pericula,
928 3819 957 3870 et
980 3831 1073 3894 quam
1090 3810 1166 3896 plu·

44 3907 192 3968 namn
215 3902 361 3987 fratrum
389 3903 469 3967 dieti
501 3903 634 3968 Ordinis
665 3902 833 3968 horribilia
865 3903 963 3970 multa
985 3907 1098 3992 facta,
1137 3920 1167 3972 et

46 4001 159 4066 multas
188 3999 273 4063 alias
304 4002 445 4064 rationes
470 4005 580 4090 jentas
613 4012 642 4065 et
673 4023 797 4084 causas,
837 4025 916 4088 quae
950 4017 1090 4069 nostrum
1123 4007 1168 4070 ad

46 4101 129 4186 infra
145 4100 269 4184 scripta
283 4121 401 4164 morere
418 4101 558 4163 animum
572 4099 813 4164 rationabiliter
822 4112 851 4163 et
861 4101 964 4166 debite
972 4113 1167 4189 potuerunt,·

47 4199 116 4282 puio
139 4207 172 4260 st
194 4198 311 4284 majori
329 4199 422 4282 parti
452 4197 605 4262 dictorum
635 4195 857 4262 Cardinalium
880 4210 910 4263 et
928 4202 1168 4287 praedictorum

95 4314 241 4362 emmanu,
256 4313 443 4354 Dira-stetisses.
459 4315 525 4355 Tam.
541 4315 579 4354 vl.
990 4305 1008 4361 8

1199 579 1266 619 suns

1176 639 1214 683 roe
1200 643 1305 681 ret-nm

1207 703 1268 744 culeo
