2844 4840
353 431 395 486 De
413 431 493 486 Bulla
515 431 604 486 Unam
623 432 765 487 Sanctam.
1089 433 1124 486 57

32 573 97 637 lecit
117 575 234 640 directe
256 584 290 640 et
312 574 515 657 immediate,
544 573 602 638 sed
626 576 698 658 ipsa
721 575 756 639 id
781 576 913 660 exigere
943 583 1051 660 potest
1081 573 1124 639 ab

30 675 203 738 anctoritate
229 670 331 754 civili,
363 695 384 736 a
406 671 541 756 regibus
571 679 670 757 atque
694 671 922 758 principibus3
946 673 1035 736 acsi
1060 672 1125 759 ipsi

30 772 208 834 mntrarium
231 779 346 855 agunt,
371 769 574 834 intervenire
597 779 706 852 potest
728 768 879 834 Ecclesia
908 771 1034 834 ratione
1054 793 1124 856 pee-

28 870 80 929 mti
99 879 130 931 et
152 891 204 932 eos
221 867 376 954 judicare
399 877 432 932 at
455 875 616 933 coercere.
651 865 702 931 lta
719 869 862 954 pertinet
877 867 920 932 ad
935 889 1008 931 cam
1024 869 1125 931 etiam

28 965 153 1050 quodam
179 989 276 1032 sensu
304 967 483 1030 auctoritas
514 965 713 1050 temporalis,
746 975 779 1030 et
802 987 841 1030 ea
868 968 995 1030 ratione
1024 964 1127 1030 habet

27 1061 156 1142 gladium
185 1063 388 1128 materialem
421 1085 488 1127 non
512 1063 555 1127 ad
580 1083 686 1144 usum,
718 1063 775 1128 sed
806 1064 850 1129 ad
874 1075 992 1128 nutum
1016 1073 1049 1128 ot
1071 1086 1124 1148 pa·

26 1159 173 1242 tientiam3
196 1160 301 1243 brevi,
317 1160 449 1245 gladius
472 1160 527 1226 ille
540 1160 721 1225 materialis
735 1169 784 1226 est
803 1173 947 1246 potestas
963 1161 1126 1226 indirecta

26 1255 175 1324 Ecclesiae
197 1261 232 1324 in
255 1259 460 1344 temporalia,
484 1261 609 1323 ratione
630 1261 763 1345 peccati,
787 1258 841 1323 vel
859 1262 987 1326 ratione
1011 1259 1126 1324 salutis

24 1355 194 1441 fidelium.¹)

97 1453 149 1519 61.
194 1453 444 1519 Consideranda
476 1454 532 1518 hic
564 1455 664 1518 etiam
697 1464 774 1518 sunt
808 1477 893 1540 quae
923 1454 1017 1520 brevi
1050 1465 1126 1520 ante
1155 1443 1283 1488 ⁰⁸“¹¹¹¹⁸¹¹⁸

25 1549 259 1616 Constitutionis
283 1552 463 1617 editionem
494 1555 528 1616 in
560 1550 761 1616 Consistorlo
793 1551 981 1618 Cardinalis
1012 1553 1126 1617 Portu.
1146 1508 1290 1548 mem*

23 1651 95 1713 ensis
111 1673 219 1715 coram
236 1651 353 1735 legatis
371 1650 502 1715 Galliae
527 1651 668 1714 dixerat.
717 1651 901 1732 ,Dominus
918 1661 1028 1716 noster
1042 1673 1127 1714 sum·

24 1767 83 1812 mus
105 1748 267 1830 Pontifex,
292 1751 350 1831 ait,
374 1747 475 1812 habet
497 1748 740 1834 plenitudinem
774 1753 945 1834 potestatis
975 1753 1010 1814 in
1035 1751 1127 1836 spiri·

22 1845 159 1927 tualibus,
184 1847 273 1911 unde
298 1869 356 1933 pro
380 1845 533 1911 libertate
558 1846 729 1912 Ecclesiae
760 1858 792 1911 et
822 1869 880 1932 pro
906 1851 977 1935 ipso
1001 1869 1061 1932 ego
1096 1859 1128 1911 et

21 1963 119 2007 omnes
142 1945 260 2008 fratres
284 1946 368 2008 sacri
395 1943 534 2028 Collegii
566 1945 765 2008 auderemus
789 1955 821 2008 et
844 1946 1005 2011 vellemus
1029 1967 1127 2031 expo-

20 2061 83 2103 nere
106 2063 244 2128 corpora
267 2052 435 2105 nostriset
460 2043 563 2105 vitam
589 2054 744 2108 nostram.
798 2043 882 2108 Item
907 2043 1042 2130 planum
1067 2052 1126 2124 est,

20 2139 92 2224 quod
116 2138 227 2204 nullus
251 2138 350 2203 debet
373 2161 530 2204 revocare
563 2142 596 2204 in
623 2139 774 2224 dubium,
804 2145 893 2228 quin·
917 2144 1021 2228 possit
1037 2142 1127 2227 judi-

19 2259 79 2299 care
111 2236 151 2300 de
182 2239 273 2301 omni
305 2236 477 2322 temporali
509 2239 637 2301 ratione
673 2243 813 2323 peccati.
867 2239 1034 2326 Scriptum
1059 2250 1127 2303 est:

18 2335 91 2398 Fecit
113 2337 202 2398 Dens
226 2335 287 2400 duo
313 2335 487 2399 luminaria
512 2359 638 2420 mayoc,
663 2335 819 2400 luminare
842 2344 955 2428 majus,
979 2350 1014 2402 ut
1032 2359 1127 2424 proc·

19 2443 84 2496 met
104 2434 181 2512 dici,
207 2443 237 2497 ct
259 2433 415 2497 luminare
439 2435 551 2512 minus,
576 2445 611 2498 at
629 2445 793 2520 praeesset
807 2437 901 2500 nocti.
939 2435 1024 2501 Sunt
1038 2436 1127 2499 enim

19 2527 89 2594 duae
107 2531 372 2617 jurisdictiones,
406 2531 587 2618 spiritualis
611 2543 643 2596 et
666 2533 866 2618 temporalis.
918 2533 1126 2598 Jurisdictio·

18 2649 79 2692 scm
102 2627 310 2715 spiritualem
335 2629 564 2714 principaliter
595 2628 696 2694 habet
720 2653 868 2695 summus
898 2631 1063 2712 Pontifex,
1095 2641 1127 2694 et

18 2725 61 2790 ills
88 2729 152 2793 fuit
188 2727 311 2790 tradita
345 2725 521 2792 aOhristo
552 2728 649 2792 Petro
683 2738 715 2792 et
745 2731 884 2793 summis
907 2727 1126 2793 Pontificibus

17 2824 250 2890 successoribus
272 2825 362 2911 ejus:
382 2825 651 2911 jurisdictionem
675 2827 890 2911 temporalem
914 2825 1040 2891 habent
1063 2825 1125 2889 Im·

17 2935 134 3006 perator
157 2933 191 2987 et
205 2921 261 2987 alii
277 2944 380 3008 reges,
405 2934 516 2987 tamen
535 2924 575 2988 de
592 2927 681 2987 omni
699 2925 871 3016 temporali
890 2925 993 2989 habet
1007 2947 1125 3010 cogno-

17 3043 92 3084 scere
116 3043 267 3085 summus
291 3021 447 3085 Pontifex
472 3032 504 3085 et
522 3021 677 3107 judicare
700 3023 827 3086 ratione
852 3025 989 3109 peccati.
1027 3021 1125 3087 Unde

16 3115 87 3200 dico,
111 3119 203 3205 quod
223 3118 413 3203 jurisdictio
438 3119 628 3205 temporalis
655 3130 763 3205 potest
793 3122 995 3187 considerari
1029 3131 1126 3206 prout

14 3220 159 3303 competit
193 3215 292 3280 alicui
322 3219 450 3282 ratione
474 3227 567 3282 actus
592 3229 625 3282 et
647 3241 735 3300 usus,
770 3219 822 3282 vel
847 3231 945 3304 prout
968 3221 1126 3304 competit

14 3313 100 3379 alicui
139 3317 183 3380 de
218 3315 306 3401 jure.
375 3313 473 3380 Unde
506 3315 697 3401 jurisdictio
737 3317 928 3403 temporalis
967 3318 1126 3401 competit

15 3435 128 3478 summo
153 3413 320 3495 Pontifici,
345 3415 401 3500 qui
427 3427 476 3477 est
500 3415 645 3478 vicarius
661 3413 785 3479 Christi
808 3425 840 3479 et
853 3416 952 3495 Petri,
978 3414 1019 3478 de
1037 3416 1124 3500 jure.

16 3509 98 3575 l'nde
122 3514 181 3598 qui
208 3509 289 3574 dicit
319 3513 520 3576 contrarium
551 3513 707 3597 impingit
737 3515 770 3576 in
805 3513 898 3577 illum
930 3512 1124 3576 articulum:

14 3609 216 3672 iudicaturus
240 3619 285 3672 est
308 3611 394 3674 vivos
418 3621 619 3688 semermos,
651 3621 683 3674 et
713 3613 746 3675 in
776 3611 868 3675 illum
900 3612 999 3674 etium
1034 3631 1124 3695 prae-

15 3705 145 3771 dictum:
179 3705 369 3801 Sanctorum
392 3710 645 3773 communionem.
700 3709 765 3774 Sed
785 3709 975 3795 jurisdictio
1001 3718 1124 3793 tempo-

14 3804 86 3870 ralis.
111 3817 279 3891 quantum
303 3803 345 3868 ad
366 3827 462 3869 usum
487 3817 519 3869 et
547 3817 708 3892 quantum
735 3808 779 3870 od
802 3809 1013 3871 executionem
1036 3817 1124 3870 cents

14 3925 64 3966 non
86 3904 235 3990 competit
263 3905 301 3981 ci,
334 3905 416 3967 unde
440 3905 558 3968 dictum
582 3915 627 3968 est
652 3905 764 3969 Petro:
801 3903 949 3971 Converte
981 3903 1124 3990 pladiam

33 4031 233 4144 ψμ’)Α--ᾱῌτζιιι
253 4070 336 4126 etiam
355 4071 569 4138 'l‘nrrccremata
589 4075 697 4128 Summa
716 4075 748 4128 de
768 4073 888 4128 Ecclesia
906 4074 936 4128 L.
956 4073 993 4128 ΙΙ.
1012 4090 1035 4128 c.
1056 4073 1123 4128 114:

14 4151 168 4207 ¹literanum
183 4151 343 4208 Pontificem
354 4151 453 4208 habere
468 4153 684 4222 jnrisdictioncm
698 4156 727 4210 in
740 4153 932 4222 temporalibus
945 4169 978 4208 ex
991 4168 1022 4208 eo
1035 4159 1123 4207 osten·

14 4231 81 4298 ditur,
99 4233 170 4300 quod
190 4239 336 4300 utrumque
354 4233 475 4302 gladium
494 4233 594 4290 habere
608 4234 801 4304 dignoscitur.“
