2964 4838
540 457 631 512 Julius
650 455 684 510 Π.
1125 461 1179 513 457

60 603 124 664 sine
152 599 294 666 haerede
317 612 463 682 mortuo,
499 600 608 665 eidem
637 601 794 686 stipendii
825 599 930 666 debiti
962 603 1097 667 nomine
1128 625 1176 667 aa·

59 701 202 784 signavit.
213 702 234 781 ¹)

140 798 193 862 61.
228 798 349 862 Veneti
384 819 422 862 eo
464 807 613 883 tempore
648 797 868 878 Ariminium,
908 799 1107 862 Faventiam
1142 807 1272 862 atratum
1286 827 1340 856 eon·

59 893 245 959 Ravennam
279 905 314 958 et
351 894 447 980 plura
479 895 545 959 alia
577 894 702 980 oppida
740 894 782 958 de
814 893 972 960 ecelesiae
1006 895 1176 960 Romanae
1185 887 1219 919 ἠ
1239 879 1346 920 ‘'m''

57 991 176 1056 ditione
199 1003 463 1079 occupaverant,
497 1003 667 1079 praeterea
690 1013 769 1056 vero
788 993 866 1078 jura
890 991 1061 1058 Ecclesiae
1084 996 1177 1058 iuva·

58 1087 184 1172 debant,
208 1102 242 1153 et
256 1090 442 1156 libertatem
467 1091 727 1156 ecclesiasticam
751 1113 792 1156 ac
815 1091 1022 1176 majestatem
1040 1093 1178 1176 Aposto-

56 1183 148 1250 licam
183 1190 217 1252 iu
251 1189 461 1255 conferendis
494 1189 689 1254 sacerdotiis
720 1191 835 1275 inique
860 1189 1039 1255 violabant
1087 1189 1178 1254 Hinc

53 1284 180 1366 Julius,
215 1307 318 1372 quum
331 1290 469 1354 ,monita
499 1289 572 1372 ejus
606 1299 815 1373 spernerent,
846 1309 921 1352 cum
946 1287 1177 1353 Maximiliauo

55 1382 262 1469 Imperatore,
288 1387 491 1450 Francorum
518 1395 551 1450 et
572 1385 758 1472 Hispaniae
781 1385 926 1471 regibus,
950 1385 1122 1451 Ferrariae
1145 1396 1179 1450 et

54 1479 209 1546 Mantuae
240 1482 392 1561 ducibus,
415 1483 547 1570 (borum
573 1486 720 1548 omnium
746 1485 857 1548 varias
881 1485 1033 1548 civitates
1058 1483 1177 1548 Veneti

53 1575 113 1641 sibi
135 1577 373 1666 subjecerant),
398 1581 570 1646 Cameraci
595 1583 629 1645 in
643 1581 755 1665 Belgis
777 1581 895 1646 foedus
910 1583 996 1663 iniit,
1020 1580 1176 1645 Venetos·

51 1697 113 1759 que
136 1689 363 1762 repugnantes
385 1681 583 1764 gravissimo
607 1679 819 1744 anathemate
843 1679 1014 1765 percussit.
1053 1679 1176 1743 Veneti

53 1774 177 1857 ingenti
211 1775 336 1860 praelio
369 1799 389 1840 a
412 1776 587 1842 Ludovieo
612 1777 681 1842 XlI
704 1777 876 1842 Gallorum
909 1799 986 1861 rege
1019 1779 1175 1862 superati,

51 1883 188 1937 cunctas
211 1873 305 1938 brevi
323 1886 490 1940 momento
514 1877 629 1961 copias
652 1885 685 1940 et
707 1873 807 1940 urbes
830 1897 913 1962 quas
937 1878 971 1939 in
986 1877 1177 1939 continente

50 1969 274 2054 possidebant,
298 1973 449 2039 amisere.
491 1971 614 2038 Caesar
630 1975 718 2038 euim
735 1972 997 2054 Maximilianus,
1017 1973 1075 2058 qui
1092 1970 1176 2036 nihil

49 2067 115 2132 fere
139 2079 272 2155 praeter
292 2071 418 2156 legatos
442 2081 475 2134 et
497 2081 675 2154 augustum
692 2091 815 2136 nomen
835 2071 878 2136 ad
901 2070 936 2135 id
954 2069 1078 2135 bellum
1101 2091 1176 2134 cou-

49 2165 180 2248 tulerat,
202 2167 381 2250 Veronam,
397 2168 599 2246 vicentiam,
616 2168 794 2232 Patavium
812 2191 889 2233 eum
906 2171 1042 2250 Caruis3
1060 2167 1176 2234 Gallus

50 2263 261 2348 Bergamum,
299 2265 460 2348 Brixiam,
500 2267 701 2331 Cremonam
735 2276 769 2330 et
792 2267 966 2350 Cremam;
1006 2265 1176 2351 Hispanus

49 2360 210 2444 Tranum,
257 2362 461 2449 Monopolim
497 2373 531 2427 et
565 2362 745 2427 Barlettam
782 2365 816 2429 iu
841 2363 979 2449 Apulia;
1019 2363 1176 2428 Pontifex

49 2457 257 2544 Ravennam,
275 2462 480 2526 Ariminium
497 2471 531 2525 et
545 2461 724 2526 Aemiliam
742 2481 891 2544 omnem3
915 2463 1088 2527 Ferrariae
1105 2461 1176 2526 dux

49 2554 239 2642 Rodigium,
264 2559 423 2625 Mantuae
446 2581 525 2624 vero
551 2559 689 2624 Asulam
714 2570 919 2646 receperunt
951 2560 1070 2624 Veneti
1094 2571 1176 2624 tunc

48 2655 81 2718 iu
96 2664 209 2720 tantas
232 2661 404 2741 angustias
419 2657 556 2740 redacti,
582 2669 619 2722 ut
635 2659 677 2723 de
696 2661 948 2723 conservatione
970 2656 1175 2743 reipublicae

47 2751 273 2838 desperarent,
306 2757 479 2821 Pontificis
511 2759 654 2840 gratiam
684 2756 920 2842 imploraruut3
960 2757 989 2820 is
1018 2755 1175 2841 precibus

47 2870 163 2915 eorum
187 2851 295 2916 flexus
318 2864 352 2918 et
374 2863 563 2920 exterorum
596 2853 859 2919 dominationem
891 2855 926 2918 in
950 2853 1048 2919 Italia
1077 2855 1174 2940 perti-

47 2969 208 3030 mescens,
233 2952 447 3016 concordiam
471 2973 548 3016 cum
573 2953 615 3016 iis
639 2953 723 3034 iniit,
748 2961 780 3015 et
803 2977 824 3017 a
848 2973 988 3017 censura
1006 2952 1175 3018 absolutos

46 3047 80 3109 in
112 3049 257 3130 gratiam
286 3052 421 3134 recepit.
469 3050 553 3115 Inde
578 3071 657 3114 vero
689 3053 868 3136 praecipue
892 3051 1016 3116 lactum
1046 3061 1104 3132 est,
1139 3059 1175 3114 ut

44 3143 302 3212 Maximilianua
326 3158 359 3211 et
381 3150 576 3233 praesertim
592 3147 788 3212 Ludovicus
805 3147 935 3214 Galliae
957 3171 1018 3212 rex
1035 3148 1055 3213 J
1060 3145 1125 3213 ulio
1139 3149 1174 3213 II

44 3243 167 3307 infensi
193 3243 420 3326 redderentur,
445 3267 590 3332 moxque
615 3245 809 3310 Ludovicus
832 3245 901 3311 XII
925 3246 1095 3311 schismati
1120 3269 1174 3310 ex-

44 3341 184 3406 citando
213 3342 351 3408 faveret.
412 3342 488 3423 Qua
520 3344 562 3408 de
592 3367 628 3408 re
660 3344 798 3408 inferius
822 3366 973 3429 agemus,
1005 3365 1108 3429 quum
1132 3344 1174 3409 de

45 3435 198 3504 Concilio
222 3440 440 3506 Lateraneusi
464 3441 496 3504 V
520 3465 539 3506 a
563 3441 655 3507 Julio
680 3443 713 3506 ΙΙ
738 3453 936 3526 congregato
961 3441 1172 3508 disseremus.

137 3555 189 3621 62.
238 3553 425 3621 Laboribus
455 3567 488 3622 et
521 3556 634 3622 morbo
666 3567 901 3645 consumptus,
940 3579 1062 3642 magua
1097 3580 1174 3622 cum

43 3653 170 3736 pietate
193 3675 232 3720 ac
255 3653 442 3720 bumilitate
466 3656 549 3721 obiit
572 3654 684 3723 Julius
707 3657 742 3721 11
774 3657 1026 3742 septuagenario
1057 3655 1173 3743 major,

42 3747 173 3814 Romae
210 3753 243 3815 in
275 3751 442 3819 Vaticano
481 3778 511 3820 a.
539 3755 634 3836 1513,
675 3754 729 3819 die
767 3753 827 3818 21ο
852 3753 1037 3818 Februarii.
1085 3753 1174 3817 Ante

42 3847 278 3932 pontificatum
303 3849 432 3932 tulerat,
458 3853 505 3916 uti
522 3855 698 3939 scriptores
714 3852 860 3931 tradunt,
885 3849 988 3916 filiam
1002 3851 1173 3933 Feliciam‚

38 3965 148 4031 quam
171 3945 296 4012 Joanni
313 3949 462 4014 Jordano
488 3950 611 4016 Ursino
636 3949 792 4015 Pontifex
817 3950 924 4014 factus
948 3950 983 4014 iu
1007 3949 1174 4013 matrimo-

42 4045 141 4107 nium
167 4045 275 4127 dedit;
300 4047 366 4111 alia
389 4058 499 4112 autem
524 4071 609 4134 quae
634 4050 698 4135 ipsi
722 4047 936 4135 objiciuntur,
971 4070 1003 4111 v.
1027 4069 1058 4134 g.
1084 4046 1174 4133 quod

121 4231 374 4303 pmmm
