2868 4844
292 425 345 478 296
572 423 701 481 XXXIV.
722 425 761 480 Ds
780 425 900 482 Concilio
919 425 1131 484 constantiensi.

289 567 484 652 suffragium
502 566 664 632 definiens
689 571 723 632 in
739 568 874 652 Synodo
899 568 1070 651 haberent,
1096 571 1154 636 sed
1175 573 1273 636 etiam
1294 593 1386 635 omnes

290 666 439 755 doctores
462 663 647 749 theologiae
672 675 704 730 et
722 667 819 752 juris,
851 689 890 732 ac
915 668 1063 754 deputati
1089 669 1315 754 capitulorum,
1336 671 1386 732 ino

288 785 382 847 reges
406 785 536 848 quoque
559 785 599 828 ac
624 765 791 849 principes
814 775 848 828 et
870 775 1015 830 oratores
1039 787 1162 832 eorum.
1211 766 1387 853 Objectioni.

289 863 323 928 id
347 885 418 928 esse
444 873 557 928 contra
580 885 677 927 usum
694 863 864 928 Ecclesiae
888 873 921 928 et
944 865 979 928 in
993 864 1271 950 praecedentibus
1294 861 1387 928 Conci·

287 961 341 1026 liis
364 959 574 1045 generalibus
601 961 791 1026 nullatenus
822 961 956 1040 factum,
989 961 1162 1047 respondit
1186 961 1330 1026 Alliacus
1355 964 1389 1024 in-

288 1059 392 1124 firmis
415 1059 620 1124 ratiunculis.
652 1059 810 1124 Advertit
826 1059 992 1138 videlicet,
1018 1071 1192 1145 propterea
1216 1059 1296 1126 illud
1312 1069 1391 1124 antea

287 1156 378 1222 haud
402 1159 542 1240 factum,
575 1161 654 1245 quia
678 1160 829 1224 doctores
853 1160 1016 1245 ejusmodi
1042 1159 1190 1224 nondum
1215 1159 1390 1224 existebant

288 1259 322 1321 in
336 1255 484 1322 Concilio
510 1280 588 1322 vero
606 1259 727 1324 Pisano
752 1257 879 1343 idjam
903 1257 1013 1324 locum
1038 1257 1206 1324 habuisse.
1239 1257 1391 1322 Praeterea
1417 1259 1418 1332 l

287 1376 366 1418 vero
397 1357 450 1438 agi
483 1355 524 1418 de
556 1358 776 1421 exstinctione
807 1356 1005 1438 schismatis,
1041 1356 1129 1442 qnod
1164 1357 1330 1440 negotium
1360 1351 1390 1416 ad

289 1473 404 1516 ornnes
435 1453 604 1518 Ecclesiae
636 1455 769 1519 ordines
802 1457 975 1540 pertineat
1030 1453 1190 1519 Rationes
1222 1455 1305 1518 istae
1334 1464 1392 1514 sunt
1418 1452 1419 1544 l

289 1552 440 1636 ineptae3
472 1552 714 1617 administratio
744 1555 834 1616 enim
858 1553 1029 1617 Ecclesiae
1053 1563 1181 1638 spectat
1204 1554 1317 1616 nativo
1333 1551 1392 1634 jure
1418 1545 1419 1612 l

288 1648 329 1714 ad
355 1650 541 1714 Romanum
567 1651 763 1716 Pontificem
794 1661 827 1715 et
858 1653 1041 1736 episcopos.
1074 1687 1116 1698 -
1149 1649 1315 1714 Statumm
1337 1647 1392 1714 init
1418 1649 1419 1652 ’

151 1763 164 1790 ⁸
186 1759 402 1812 ooo-contra
441 1747 645 1813 voluntatem
686 1749 828 1814 Joannis
860 1748 980 1814 XXllI
1019 1757 1051 1812 et
1090 1750 1267 1833 antiquum
1307 1767 1420 1840 usum,

199 1833 228 1861 ‘¹¹'
288 1846 327 1908 2⁰
359 1856 395 1908 ut
425 1847 584 1929 suffragia
615 1843 726 1927 haud,
765 1849 812 1910 uti
845 1868 976 1931 semper
1008 1847 1133 1910 factum
1173 1855 1258 1925 erat,
1297 1843 1420 1906 stass

288 1941 456 2024 darentur,
493 1943 550 2007 sed
584 1945 752 2008 secundam
783 1946 939 2012 aedona.
986 1943 1112 2010 Omnes
1143 1942 1294 2008 Concilio
1323 1962 1394 2026 prae·

287 2051 397 2104 sentes
421 2039 578 2106 videlicet
601 2042 702 2106 divisi
726 2044 858 2106 suntin
884 2044 1036 2108 nationes
1060 2051 1221 2128 quatu0r3
1254 2040 1394 2104 Italicam.

286 2135 505 2218 Gallicanam,
545 2139 747 2204 Germanam
780 2151 813 2204 et
840 2139 1074 2224 Anglicauam,
1112 2138 1156 2204 ad
1186 2161 1271 2224 quas
1302 2147 1395 2223 postes
1420 2090 1421 2170 l

292 2238 432 2300 accessit
454 2239 579 2322 quinta,
606 2237 802 2322 Hispanias.
830 2238 894 2303 Pro
922 2259 1122 2324 unaquaque
1146 2239 1283 2302 natione
1306 2243 1396 2298 certus

290 2355 447 2400 numerus
477 2335 710 2420 deputatorum
742 2335 989 2417 nominabatur,
1029 2334 1247 2400 ecclesiastici
1279 2343 1311 2398 et
1336 2330 1395 2394 laici

290 2453 365 2496 cum
389 2435 525 2498 notariis
549 2445 581 2498 et
604 2433 882 2520 procuratoribus.
914 2435 1092 2520 Daputatis
1115 2444 1229 2498 autem
1254 2431 1396 2516 cujusque
1421 2408 1422 2488 l

286 2531 431 2594 nationis
454 2543 605 2616 praeerat
622 2532 821 2597 Psaesidens
846 2535 1059 2618 (episcopus),
1085 2531 1169 2596 alius
1192 2553 1252 2616 per
1268 2526 1396 2610 singulos

288 2651 426 2710 menses,
459 2641 492 2694 et
520 2633 658 2717 quaevis
684 2634 772 2696 natio
797 2653 875 2698 suas
899 2631 1047 2696 habebat
1070 2629 1256 2717 peculiares
1280 2645 1396 2708 congre·

287 2728 437 2812 gationes
460 2738 497 2792 ut
520 2729 561 2794 de
585 2731 726 2813 negotiis
750 2731 785 2794 in
803 2730 952 2796 Concilio
978 2727 1161 2793 mactandis
1177 2723 1395 2790 deliberarent

285 2825 326 2889 In
351 2827 422 2890 istis
446 2826 774 2912 congregationibus,
808 2850 894 2914 quae
918 2830 1022 2892 instar
1046 2823 1265 2890 tribunalium
1289 2822 1399 2907 primae

287 2925 465 2989 instantiae
496 2935 599 3008 erant,
639 2947 753 2990 omnes
778 2927 938 3012 deputati,
979 2925 1136 3011 episcopi,
1171 2921 1294 3002 clerici,
1325 2917 1398 2984 laici.

287 3025 359 3086 sine
389 3023 602 3090 distinctione
633 3025 827 3108 suffragium
860 3023 1027 3106 serebant,
1059 3033 1093 3086 et
1122 3020 1228 3105 major
1257 3037 1399 3082 numerus

289 3120 512 3185 constituebat
541 3131 656 3186 votum
690 3143 749 3186 seu
779 3123 977 3186 sententiam
1002 3119 1155 3184 nationis.
1203 3115 1335 3182 Deinde
1356 3133 1398 3176 na·

286 3219 392 3282 tiones
415 3218 479 3283 sibi
505 3220 799 3285 communicabant
823 3219 955 3284 decreta
979 3241 1048 3298 sua,
1083 3227 1121 3280 ut
1149 3215 1192 3282 ad
1217 3211 1397 3278 concordem

285 3317 483 3380 sententiam
508 3321 748 3402 perveniretur.
786 3317 930 3398 Quando
956 3323 1159 3382 convenerat
1182 3315 1269 3377 inter
1292 3307 1396 3375 assde

287 3414 399 3500 aliquo
422 3416 571 3497 articulo,
604 3414 780 3480 tenebatur
804 3416 1017 3500 congregatio
1041 3411 1207 3498 generalis
1231 3411 1397 3474 nationum.

288 3523 321 3576 et
344 3513 371 3576 si
396 3513 555 3577 articulus
579 3516 640 3578 iste
655 3515 755 3578 etiam
774 3515 808 3578 in
823 3513 885 3578 hac
901 3513 1158 3597 congregatione
1175 3505 1399 3595 (nationalnen

287 3611 490 3697 approbatus
532 3621 619 3696 erat,
667 3611 879 3676 deferebatur
921 3611 962 3676 ad
1003 3611 1190 3696 proximam
1235 3605 1400 3670 sessionem

287 3709 475 3793 generalem
492 3708 643 3792 Consilii,
668 3720 705 3774 ut
730 3709 854 3775 ibidem
875 3721 976 3775 stote
993 3707 1143 3774 Concilio
1164 3701 1399 3791 (conciliariter

288 3807 511 3892 adoptaretur.
536 3809 707 3872 -Totus
732 3807 786 3873 ille
812 3808 929 3872 modus
952 3806 1073 3892 agendi
1099 3802 1197 3868 valde
1221 3799 1400 3866 arbitrarius

289 3915 360 3969 erat
389 3927 428 3968 aa
460 3907 647 3988 singularis,
686 3916 719 3970 et
748 3907 827 3992 jura
858 3908 1089 3992 episcoporum
1122 3912 1156 3966 et
1186 3897 1399 3966 Cardinaliurn

284 4001 448 4068 laedebat.
481 4003 645 4084 Quamvis
669 4028 696 4071 e.
720 4027 751 4089 g.
777 4027 819 4068 ex
844 4006 978 4068 natione
995 4002 1183 4088 Anglicana
1206 4019 1273 4062 non
1308 4004 1400 4062 essem

285 4104 349 4168 nisi
373 4113 439 4166 tres
463 4104 621 4189 episcopi,
656 4113 769 4167 tamen
793 4113 922 4168 tantum
948 4100 1082 4166 valebat
1113 4097 1187 4182 ejus
1210 4097 1399 4180 suffragium.

285 4223 385 4286 quam
432 4209 546 4264 votum
595 4202 740 4264 nationis
786 4200 907 4282 Italae,
964 4200 997 4264 in
1045 4221 1111 4286 qua
1158 4215 1300 4278 magnus
1342 4207 1399 4257 erat
