2858 4834
373 481 412 535 De
431 483 520 536 luctae
538 483 749 536 continuatione.
1076 484 1125 536 193

37 645 96 707 «puae
118 626 267 688 unctione
283 637 315 687 et
332 626 578 690 consecratione
598 648 690 710 reges
707 627 877 690 constituit
901 640 936 689 ut
960 627 1126 711 principes

37 721 209 786 venerandos
244 720 357 808 populi
392 721 509 788 tidelis.
556 723 644 788 Hinc
676 723 739 788 snb
764 722 826 787 boc
849 733 1002 810 respectu
1025 724 1125 787 etiam

36 819 155 884 Ecclesia
176 820 326 905 gladium
351 822 419 904 regi
437 820 547 901 tradit,
573 833 721 886 sanctam
738 823 895 884 nimirum
913 833 946 884 et
961 831 1123 884 sacratam

35 921 232 982 aucmntatem
258 921 452 984 innocenter
475 917 655 984 ulciscendi
682 921 860 1004 injustitias
884 930 916 982 et
932 918 1123 1004 protegendi

32 1015 164 1097 justitiam
187 1039 226 1080 ac
251 1016 410 1102 populum
428 1019 504 1082 Dei.
551 1017 634 1082 Inde
659 1016 714 1081 illa
738 1019 911 1098 sententia,
936 1016 1124 1081 Ecclesiam

35 1113 129 1178 labere
150 1115 309 1196 gladium,
338 1115 495 1178 videlicet
518 1117 689 1180 eminenter
712 1126 741 1178 ct
763 1117 887 1194 uirtute,
917 1117 961 1178 ita
986 1125 1023 1178 ut
1046 1113 1124 1178 dum

33 1233 85 1274 ram
108 1235 167 1276 non
192 1213 298 1293 decet,
323 1217 478 1299 pietatem
503 1235 542 1278 ac
565 1215 708 1300 seipsam
733 1223 868 1278 cruento
894 1213 990 1276 modo
1016 1213 1125 1276 defen·

33 1309 102 1388 lere,
138 1311 170 1374 id
205 1313 391 1375 committat
420 1311 627 1396 principibus
659 1321 696 1375 ut
727 1312 896 1376 ministris.
945 1311 1125 1396 Quousque

34 1427 91 1472 cero
110 1409 265 1484 loannes,
291 1431 392 1496 quum
417 1409 600 1474 sublimiori
626 1413 688 1474 ista
711 1412 838 1474 ratione
863 1421 1059 1494 potestatem
1083 1411 1126 1473 ci-

33 1505 109 1570 ulem
131 1511 264 1594 respicit
287 1519 320 1572 et
343 1508 496 1590 celebrat,
521 1509 632 1572 verbis
647 1508 700 1571 vel
725 1520 887 1592 conceptu
911 1507 993 1570 forte
1017 1529 1126 1572 exces-

34 1605 97 1675 serit,
119 1627 181 1670 non
207 1615 257 1670 est
280 1606 379 1692 hujus
402 1607 465 1670 loci
490 1609 692 1670 examinare.

97 1705 157 1798 393
179 1704 245 1770 Sed
265 1705 338 1789 jam
361 1705 536 1770 redeamus
560 1706 601 1770 ad
627 1703 846 1770 recensendos
870 1715 1019 1768 eventus.
1045 1704 1125 1767 Pon'-

34 1801 120 1864 viniaci
144 1813 295 1866 versatus
326 1815 375 1867 est
407 1827 432 1868 s.
457 1803 603 1867 'l'homas
636 1803 765 1867 duobus
789 1803 895 1884 anuis,
924 1813 1022 1888 atque
1047 1801 1126 1866 dum

32 1896 63 1958 ibi
96 1899 286 1964 versabatur
321 1905 415 1988 eique
446 1901 643 1986 legationem
676 1904 709 1965 in
736 1900 892 1982 Angliam
917 1902 1128 1964 commiserat

32 1993 197 2062 Alexander
221 1998 283 2079 III,
308 2000 564 2064 consuetudines
581 1999 784 2082 Anglicanas
809 2000 843 2062 in
866 1996 1126 2062 Clareudoneusi

31 2105 171 2159 unventu
207 2096 431 2182 promulgatas
476 2099 670 2162 auctoritate
716 2095 895 2182 apostolica
944 2095 1126 2169 damnavit,

31 2193 176 2278 episcopos
200 2216 221 2257 a
239 2195 429 2280 juramento
454 2216 519 2280 quo
544 2217 577 2258 se
602 2194 645 2258 ad
661 2216 716 2257 eas
740 2193 965 2258 observandas
990 2193 1128 2258 adstrin-

5 2307 125 2360 ‚rcrant
151 2292 305 2374 absolvit,
339 2295 513 2358 universos
537 2293 776 2374 observatores,
810 2301 989 2372 exactores,
1025 2293 1128 2354 consi-

30 2385 127 2472 liarios,
150 2391 320 2476 adjutores
343 2415 400 2456 seu
426 2393 613 2456 defensores
638 2391 951 2472 excommunicavit,
976 2412 1037 2454 nec
1062 2411 1129 2455 non

31 2507 78 2553 uos.
100 2491 152 2573 qui
170 2489 332 2554 ecclesiae
347 2489 597 2554 Cantuariensis
622 2487 709 2555 bona
734 2487 928 2552 detinebant
952 2487 1005 2551 vel
1029 2486 1128 2551 schis-

32 2587 136 2650 maticis
160 2589 192 2650 iu
207 2587 389 2652 Germania
414 2590 705 2652 communicarent.
740 2586 851 2667 Quum
877 2587 1021 2671 episcopi
1037 2585 1127 2649 vide·

32 2697 97 2760 unt,
133 2707 166 2748 se
200 2685 322 2750 talibus
353 2689 500 2750 censuris
533 2689 745 2750 constrictum
775 2687 828 2765 iri,
869 2693 1031 2770 quatenus
1059 2686 1128 2768 regi

32 2777 169 2846 cedebant
193 2795 226 2847 et
249 2784 404 2848 articulos
429 2785 501 2849 illos
524 2806 655 2848 servare
685 2783 876 2868 pergebant,
908 2780 1128 2867 appellatione

32 2875 62 2938 ul
82 2879 270 2945 Pontificem
295 2883 534 2968 archiepiscopi
560 2905 725 2958 censuras,
752 2883 798 2944 uti
824 2881 981 2957 diximus,
1006 2877 1128 2943 elidere

32 2975 172 3045 studuere.
198 2980 353 3065 idemque
378 2980 542 3044 Henricus
566 2980 599 3044 II
628 2981 716 3043 fecit.
754 3015 790 3026 —
826 2976 1003 3044 Saeuiebat
1032 2998 1127 3062 porro

34 3093 75 3134 rex
103 3075 314 3142 vehementer
343 3079 378 3141 in
418 3103 442 3140 s.
474 3078 647 3143 Thamam.
700 3077 847 3140 Primum
881 3073 1129 3140 Cantueriensis

34 3170 311 3261 archiepiscopatus
335 3187 368 3238 et
390 3177 536 3239 omnium
563 3175 755 3238 clericorum
787 3196 810 3239 s.
837 3175 979 3259 praesuli
1010 3173 1129 3236 adhae-

35 3271 152 3336 rentium
191 3271 318 3336 reditus
356 3275 431 3359 capi
450 3274 551 3357 jussit
579 3278 612 3336 et
644 3274 677 3336 in
711 3271 828 3336 fiscum
853 3272 977 3349 referri,
1018 3293 1132 3334 omues

36 3365 155 3448 ipsorum
181 3382 337 3454 cognatos
362 3391 497 3456 eregno
521 3370 724 3450 amandavit,
750 3367 838 3433 nullo
863 3367 977 3433 habito
1003 3368 1132 3433 delectu

35 3467 130 3529 aeratis
152 3493 190 3532 ac
215 3491 324 3545 sexus,
344 3470 534 3554 juramento
560 3470 651 3554 prius
675 3468 859 3548 adstrictos,
884 3477 920 3530 ut
943 3467 1132 3532 Pontiniaci

37 3559 183 3644 *legentem
216 3569 450 3646 convenirent,
484 3589 547 3652 quo
578 3568 673 3630 novis
705 3565 905 3629 domesticae
937 3565 1133 3629 calamitatis

38 3664 208 3738 epectacrdis
233 3667 266 3728 iu
292 3665 362 3730 dies
386 3665 656 3750 archiepiscopus
680 3665 892 3727 cruciaretur.
934 3661 1045 3742 Quum
1070 3662 1133 3726 dis·

39 3755 134 3823 =idinm
159 3763 362 3848 perduraret,
397 3787 426 3828 a.
456 3763 537 3826 1161
564 3762 831 3826 comminatorias
854 3759 979 3824 litteras
1003 3761 1133 3845 scripsit

39 3851 68 3914 ul
88 3857 315 3925 Cistercienses
339 3861 519 3926 monachos
544 3863 577 3924 in
600 3861 742 3924 comitiis
766 3856 976 3941 generalibus
1000 3879 1132 3942 congre-

41 3965 118 4034 ·:ttoa
150 3959 349 4042 siguiticens,
380 3961 491 4024 omnia
516 3959 640 4025 ordinis
673 3958 759 4022 bona
789 3959 822 4020 in
848 3957 915 4018 suis
951 3954 1133 4019 ditionibus

42 4055 189 4120 constituta
207 4059 240 4123 in
253 4057 371 4121 fiscum
390 4081 423 4121 se
437 4057 658 4136 redacturum,
679 4056 742 4119 nisi
761 4054 887 4119 hostem
903 4074 999 4131 soum
1016 4075 1033 4116 e
1049 4051 1133 4118 Pon-

44 4147 138 4217 t'uiaco
160 4158 356 4221 monasterio
380 4155 591 4241 expellerent.
621 4155 719 4238 Regis
733 4152 858 4217 litteras
875 4173 951 4216 cum
966 4173 991 4216 s.
1005 4149 1134 4214 Thomu

45 4255 300 4319 communicarunt
328 4253 482 4319 monachi
507 4253 788 4332 Pontiniacenses,
821 4271 895 4324 nec¹
912 4261 1024 4314 tamen
1057 4271 1132 4314 eum

83 4367 208 4420 tremor,
223 4371 410 4410 ornsmrroner.
426 4369 490 4410 Tum.
510 4369 536 4410 t‘.
992 4355 1025 4408 13
