2964 4838
295 431 350 484 426
480 431 607 488 XXXVI.
627 432 667 486 De
685 439 762 487 statu
781 434 919 489 Ecclesiae
938 444 1071 520 vergente
1089 452 1159 492 esec
1179 437 1238 493 XV.

296 598 326 640 a.
356 575 440 640 1464
472 585 601 640 creatus
632 586 682 640 est
706 575 907 660 Cardinalis,
941 589 974 642 et
1004 602 1034 644 a.
1070 581 1153 644 1471
1189 584 1223 645 in
1255 603 1415 646 summum
1469 559 1470 622 1

297 673 493 740 Pontificem
518 675 652 739 eiectus.
699 675 829 740 Bellum
855 674 1122 742 Christianorum
1155 691 1271 743 contra
1295 679 1417 744 Tuscae

296 773 397 834 ctiam
423 772 478 836 hic
498 773 655 838 Pontifex
678 776 799 837 acriter
821 775 989 859 promovit
1011 785 1045 837 et
1067 774 1168 840 rebus
1190 777 1418 843 ecclesiasticis

297 867 411 932 sedulo
437 870 612 955 providere
636 871 781 952 studuit3
807 893 865 956 per
889 870 1021 936 Buliam
1046 875 1141 937 liare
1166 899 1315 960 mapsam
1339 877 1417 940 Reli·
1469 871 1470 888 ¹

295 969 462 1052 giosorum
476 967 623 1034 firmavit
646 969 831 1054 privilegia,
857 980 890 1034 et
903 969 1029 1034 cultum
1054 971 1092 1036 B.
1106 971 1151 1036 M.
1167 973 1218 1053 V,
1243 977 1417 1060 praecipue

297 1064 532 1130 immaculatae
542 1066 786 1153 Conceptiouis,
796 1071 946 1153 impense
956 1068 1050 1134 fovit.
1068 1108 1112 1118 -
1128 1070 1271 1135 Multum
1289 1093 1417 1158 quoque

296 1160 411 1227 Sixtus
427 1163 475 1228 IV
500 1175 532 1228 et
555 1167 610 1252 qui
635 1188 710 1230 eum
736 1167 838 1230 secuti
858 1176 936 1230 suut
951 1167 1130 1231 Pontifices
1152 1169 1252 1233 rebus
1277 1169 1419 1254 politicis

296 1260 413 1325 Italiae
444 1284 478 1325 se
511 1263 683 1348 implicare
712 1263 867 1328 debuere.
915 1264 1088 1351 Principes
1123 1265 1284 1330 videlicet
1308 1267 1418 1332 Italiac

296 1357 562 1447 quibuscumque
586 1361 705 1426 mediis
729 1383 766 1426 eo
791 1375 939 1447 tempore
963 1365 1145 1447 potentiam
1180 1384 1275 1428 suam
1309 1365 1418 1451 ampli·

296 1457 396 1521 ficare
420 1469 453 1521 et
476 1458 616 1523 dilatare
640 1459 828 1540 studebant,
853 1459 937 1524 adeo
961 1471 998 1524 ut
1023 1461 1089 1524 isit.
1108 1461 1290 1526 Pontifices
1314 1463 1418 1546 adige·

296 1565 420 1636 rentur,
446 1565 483 1619 ut
498 1557 539 1621 de
552 1557 685 1642 juribus
702 1559 769 1621 suis
793 1579 832 1620 ac
850 1557 892 1622 de
909 1557 1036 1622 ditione
1060 1557 1288 1624 ecclesiastica
1313 1560 1418 1624 deien-

297 1653 416 1718 dendis
430 1654 528 1718 vaide
552 1655 683 1720 solliciti
709 1664 827 1736 essent,
855 1658 1009 1740 viresque
1032 1679 1109 1721 suas
1132 1657 1176 1721 ad
1200 1658 1235 1721 id
1253 1659 1418 1744 impende

295 1761 379 1816 rent.
426 1753 511 1818 Sunt
541 1755 597 1838 qui
630 1752 707 1816 inde
738 1777 757 1816 a
781 1751 875 1818 Sixto
901 1753 950 1815 IV
989 1775 1094 1840 usque
1131 1755 1173 1818 ad
1202 1755 1349 1819 Paulum
1373 1756 1416 1820 lll

296 1851 462 1934 Pontifices
480 1850 634 1937 politicos
657 1861 843 1929 numerant,
868 1871 906 1914 eo
931 1851 1020 1936 quod
1045 1851 1144 1915 rebus
1167 1852 1316 1937 politicis
1341 1875 1413 1917 con·

296 1948 459 2033 ponendis
475 1971 553 2034 prae
568 1949 642 2013 aliis
662 1951 724 2034 ipsi
749 1948 946 2014 studuerint.
980 1948 1108 2028 Quodsi
1133 1951 1302 2034 ejusmodi
1325 1951 1409 2015 rebla

296 2067 412 2110 revera
445 2045 585 2111 multum
616 2069 736 2112 vacare
760 2048 824 2110 visi
849 2055 935 2130 suut,
972 2055 1157 2131 temporum
1192 2048 1357 2134 adjuncta
1381 2047 1406 2110 id

296 2145 431 2208 omnino
460 2144 682 2230 requirebant.
741 2144 795 2208 Ab
828 2165 892 2208 uuo
925 2142 1071 2209 alterove
1102 2157 1213 2210 tamen
1246 2169 1408 2211 excessum

296 2265 366 2308 esse
397 2244 532 2324 fectum,
576 2242 626 2308 vel
661 2242 738 2306 inde
770 2242 897 2328 aliquid
930 2263 1029 2306 curae
1062 2241 1161 2307 rebus
1192 2245 1414 2329 spiritualibus

296 2339 532 2426 promovendis
562 2363 634 2406 esse
671 2340 888 2420 subtractum,
929 2361 995 2404 non
1035 2356 1085 2404 est
1121 2363 1181 2405 cur
1221 2343 1414 2407 inficiemur:

296 2459 403 2525 neque
428 2461 557 2525 semper
580 2439 693 2503 felices
718 2442 751 2503 in
777 2439 924 2503 consiliis
948 2440 1016 2514 suis
1041 2452 1073 2502 et
1097 2437 1274 2504 conatibus
1291 2441 1416 2505 fuerunt

295 2535 488 2603 Pontifices.

258 2665 270 2693 0
386 2635 439 2698 25.
486 2634 644 2699 Nonnulli
669 2635 859 2720 scriptores,
885 2645 921 2696 ut
945 2634 997 2699 vel
1023 2637 1094 2720 ipse
1118 2633 1317 2720 Onuphrius
1339 2637 1416 2700 Pau·

150 2727 164 2756 ²
180 2728 278 2756 ΗΜ·
299 2733 405 2814 vinus,
430 2734 486 2818 qui
505 2732 754 2818 postPlatiuam
780 2733 858 2796 inde
875 2735 1002 2797 aSixto
1016 2733 1063 2796 IV
1089 2754 1193 2816 usque
1217 2733 1261 2798 ad
1281 2733 1378 2796 Pium
1391 2733 1415 2794 l·

304 2831 392 2894 Vitas
417 2831 602 2915 Pontificum
626 2832 767 2915 scripsit,
792 2841 937 2913 arguunt
960 2831 1093 2896 Sixtum
1110 2831 1169 2912 IV,
1194 2831 1285 2917 quod
1309 2832 1416 2895 odium

296 2931 382 2992 inter
405 2927 615 2994 Florentinas
639 2929 865 2992 Mediceorum
894 2939 927 2992 et
959 2930 1153 2992 Peaziorum
1193 2928 1340 2993 familias
1377 2931 1416 2992 io·

297 3030 396 3109 verit,
428 3050 468 3092 ac
498 3028 644 3092 famosae
677 3027 795 3092 horum
826 3029 861 3092 in
894 3027 965 3091 illos
989 3027 1229 3112 conjurationis
1254 3029 1416 3112 particeps

295 3127 406 3190 fuerit.
440 3126 512 3190 imo
531 3127 793 3211 conjurationem
819 3127 852 3189 in
869 3124 1009 3189 aedibus
1023 3125 1200 3188 Vaticanis
1225 3124 1417 3210 dispositam

296 3225 399 3288 fuisse
411 3226 528 3288 asserit
539 3224 707 3304 Villari3¹)
732 3246 772 3287 ac
785 3222 1010 3308 Gregorovius
1026 3221 1207 3302 contendit,
1225 3222 1417 3287 Pontificem

297 3322 400 3386 fuisse
438 3323 657 3408 conjuratinis
688 3319 776 3386 illius
814 3331 916 3406 caput
954 3320 1168 3407 politicum.²)
1221 3321 1269 3384 111
1300 3319 1418 3384 solidae

297 3422 446 3484 rationes
480 3443 546 3485 non
585 3421 722 3500 adsunt,
763 3441 822 3483 cur
860 3441 953 3484 acres
996 3418 1071 3483 illae
1110 3419 1343 3483 accusationes
1390 3421 1417 3480 in

297 3518 429 3582 Sixtum
454 3518 506 3581 IV
540 3519 697 3583 ferantur.
754 3517 852 3597 Quod
884 3529 919 3581 ut
948 3527 1061 3602 pateat
1089 3526 1272 3580 eventuum
1305 3519 1417 3580 seriem

297 3619 413 3702 paucis
437 3616 676 3681 enarrabimus.
690 3655 733 3664 —
746 3617 785 3679 11
797 3614 971 3702 republica
983 3614 1177 3680 Florentius
1194 3613 1418 3678 Mediceorum

297 3712 425 3778 familia
457 3735 649 3800 supremum
682 3716 830 3797 regimen
867 3713 946 3777 inde
981 3712 1023 3777 ab
1056 3713 1149 3776 initio
1173 3711 1274 3796 hujus
1300 3711 1418 3776 caecidi

298 3813 361 3877 sibi
389 3813 629 3897 vindicaverat,
655 3822 754 3898 atque
770 3812 832 3876 hoc
848 3822 994 3897 tempore
1008 3811 1208 3875 Laurentius
1222 3821 1256 3871 et
1267 3809 1418 3872 Julianus

373 4045 392 4110 ¹)
412 4043 586 4098 lischiavelli
606 4059 620 4098 e
640 4044 648 4098 i
667 4043 725 4098 suoi
744 4041 837 4110 tempi,
858 4041 880 4096 I.
899 4043 950 4105 48;
968 4041 1082 4094 Pirenze
1103 4037 1179 4094 1877.

371 4133 395 4200 ²)
416 4133 505 4264 SItoria
524 4133 551 4187 di
572 4134 663 4198 Roma,
683 4133 746 4188 vii.
766 4133 826 4188 285.
847 4131 879 4187 V.
899 4131 986 4184 Baleu
1006 4129 1095 4184 Storia
1114 4127 1224 4182 11111111
1244 4125 1275 4182 L.
1297 4123 1416 4181 xxxvi

300 4229 327 4270 u.
349 4213 423 4266 XLll
445 4252 451 4263 .
