2868 4844
441 453 620 508 Continuatio
639 453 738 508 luctae.
1097 455 1151 509 ale

47 601 190 662 terminum
213 599 361 662 decimae
379 596 632 684 prorepaudum,
659 652 664 662 .
691 646 697 659 .
724 646 731 660 .
757 608 932 682 ape-rantes,
958 597 1040 683 qnod
1056 610 1089 662 tu
1113 599 1151 662 de

44 699 197 761 {nomme
219 707 331 760 nostem
353 696 478 759 siucero
506 705 536 757 et
566 705 666 759 mente
691 694 840 758 benevola
863 694 1066 780 insomnutua,
1093 744 1149 760 ...

44 819 124 882 super
144 794 401 859 reconciliatione
420 793 595 880 praedicto
616 794 802 880 procederes
825 814 921 878 usque
945 793 989 856 od
1012 815 1151 857 eoactum

42 895 201 957 meorum.
247 891 302 956 Ex
326 890 378 955 his
401 889 521 955 litteris
545 890 667 955 inferre
696 889 821 971 licebit,
853 887 1024 955 obstacula
1054 911 1151 976 quae·

43 989 106 1053 dam
130 990 309 1054 occurrisse
329 990 365 1052 in
382 990 515 1073 negotio
530 989 621 1053 circa
636 988 844 1054 conditiones
861 987 1151 1070 reconciliationis,

40 1111 73 1152 ac
93 1091 221 1156 nuntios
244 1098 420 1174 propterea
456 1089 722 1172 prorogationem
762 1086 961 1172 postulasse;
1007 1087 1153 1172 potuisse

40 1195 137 1250 autem
151 1185 363 1252 Ludovicum
387 1205 456 1248 rem
481 1184 524 1249 ad
537 1183 668 1250 felicem
684 1184 785 1249 finem
801 1183 991 1270 perducere.
1017 1184 1153 1269 Propte-

38 1305 86 1346 rea
114 1307 196 1370 quae
229 1285 354 1370 passim
379 1282 576 1364 referuntur,
609 1305 640 1348 v.
664 1303 696 1366 g.
728 1283 816 1368 quod
844 1282 1045 1347 Benedictus
1076 1303 1152 1345 cum

38 1382 182 1466 lacrymis
205 1382 334 1446 nuntiis
358 1379 491 1462 dixerit,
515 1403 549 1444 se
573 1392 708 1466 propter
731 1402 842 1465 regem
867 1381 1072 1444 Francorum
1097 1377 1152 1443 ab·

37 1480 220 1546 solutionem
258 1479 432 1544 Lndnvico
479 1481 641 1564 impertiri
681 1501 747 1544 non
788 1501 892 1564 posse,
939 1476 1061 1542 fabulis
1097 1477 1151 1542 ad-

37 1578 202 1643 scribenda
227 1589 312 1644 sunt.

114 1677 168 1742 63.
214 1676 295 1740 Mox
327 1685 438 1740 autem
463 1675 658 1740 Ludovicus
691 1677 883 1740 inconstans
913 1675 1025 1738 animo
1058 1695 1149 1760 spem
1166 1699 1318 1744 namucu-

36 1795 157 1837 omnem
191 1773 472 1838 reconciliationis
504 1773 648 1858 abrupit.
700 1773 824 1838 Contra
863 1772 1024 1858 promissa
1061 1773 1151 1836 enim
1188 1765 1296 1805 '‘³⁸²⁸'‘

35 1893 146 1936 nomen
164 1873 379 1957 Imperatoris
402 1873 523 1935 iterum
548 1872 733 1956 usurpavit,
757 1869 874 1934 foedus
899 1877 1013 1934 contra
1028 1867 1154 1954 Philip-

35 1992 105 2056 pum
138 1970 215 2033 iniit
246 1991 323 2033 cnm
347 1969 518 2048 Eduardo,
551 1971 617 2033 imo
649 1979 730 2033 tunc
754 1969 891 2054 Imperii
924 1967 1087 2031 vicarium
1120 1969 1153 2031 in

34 2067 209 2132 Germania
234 2067 382 2132 inferiori
408 2069 589 2149 constitnit,
619 2091 658 2132 ac
681 2067 877 2152 generatim,
906 2077 942 2129 ut
965 2076 1073 2144 antea,
1106 2068 1154 2130 in·

33 2164 113 2228 felici
139 2185 334 2250 progressus
349 2176 400 2230 est
413 2167 479 2229 via.
505 2164 674 2246 Referunt,
699 2165 734 2230 id
750 2187 828 2229 eum
843 2165 970 2247 fecisse,
996 2165 1153 2248 quoniam

32 2263 184 2328 taedebat
208 2264 317 2347 ipsum
343 2265 500 2349 protracti
534 2265 692 2328 continuo
715 2261 994 2327 reconciliationis
1019 2264 1153 2346 negotii,

32 2361 80 2425 sed
106 2361 189 2425 inde
212 2383 292 2425 sane
316 2359 407 2425 nulla
431 2363 602 2426 excusatio
627 2361 733 2426 solida
756 2362 823 2446 peti
849 2371 973 2445 potest;
1014 2362 1041 2424 si
1074 2382 1153 2426 vero

31 2461 229 2524 Benedictus
283 2459 412 2545 aliquid
462 2460 546 2524 forte
604 2458 725 2540 detulit
770 2458 944 2523 desideriis
992 2458 1152 2544 Philippi,

28 2561 135 2642 gravis
160 2568 273 2622 tamma
298 2560 467 2623 accusatio
501 2559 535 2622 in
560 2580 636 2622 eum
659 2558 737 2622 ferri
762 2557 886 2642 nequit.
910 2594 953 2604 -
978 2557 1154 2621 Venerunt

29 2658 161 2743 quidem
188 2657 289 2721 etiarn
313 2679 342 2720 a.
370 2657 456 2721 1338
480 2658 590 2720 nuntii
615 2677 657 2720 ex
674 2654 856 2720 Germania
879 2653 922 2718 ad
938 2653 1047 2718 aulam
1065 2654 1150 2718 Ave·

30 2757 232 2834 niouensem,
258 2763 294 2818 ut
318 2776 452 2818 causam
469 2754 634 2818 Ludovici
659 2763 847 2838 tractarent,
873 2753 930 2817 sed
947 2751 990 2817 ad
1008 2754 1152 2839 speciem

28 2854 131 2934 potius
157 2861 193 2914 et
215 2851 329 2916 fucum
354 2852 557 2933 faciendum,
581 2874 682 2940 quam
706 2863 742 2916 ut
766 2853 850 2916 serio
875 2851 1043 2936 negotium
1060 2852 1153 2936 pacis

26 2950 237 3034 perficerent.
286 2947 469 3015 Obstacnla
494 2972 572 3014 vero
597 2950 878 3016 reconciliationis
902 2951 1005 3014 variis
1029 2951 1153 3013 eventi-

28 3047 84 3111 bus
119 3067 225 3134 quam
267 3050 413 3112 maxime
451 3058 550 3113 aucta
587 3059 674 3113 sunt.
722 3049 837 3112 Mense
869 3047 960 3112 lulio
996 3045 1154 3110 videlicet

27 3159 147 3232 septem
176 3146 242 3209 viri
266 3145 434 3226 electores,
459 3156 598 3232 excepto
622 3146 752 3211 Joanne
767 3145 925 3225 Bohemo,
951 3155 1152 3210 conventum

28 3245 166 3308 libaneis
200 3242 400 3322 habuerunt,
434 3243 547 3330 ibique
576 3252 713 3327 urgente
737 3242 921 3322 Ludovico‚
954 3243 1152 3307 documento

26 3342 108 3407 adito
144 3339 414 3422 declaraverunt,
446 3363 523 3406 eum
555 3344 611 3428 qui
643 3365 662 3405 a
694 3342 819 3426 majore
850 3341 1028 3405 electorum
1060 3349 1153 3425 parte

25 3441 119 3505 luerit
133 3439 273 3521 electus,
284 3438 475 3503 habendum
488 3462 559 3503 esse
576 3449 612 3504 ut
626 3461 738 3524 regem
754 3441 941 3504 Romanum
956 3439 1153 3523 legitimum.

27 3539 94 3603 llac
111 3539 248 3604 ratione
266 3536 503 3622 obligationem
520 3535 691 3601 electionis
708 3539 876 3602 unanimis
893 3536 1104 3616 sustulerunt,
1121 3545 1154 3600 et

25 3642 188 3702 minorem
218 3648 357 3720 partem,
390 3646 427 3699 ut
457 3657 490 3698 se
522 3636 637 3721 majori
671 3636 858 3721 subjiceret,
887 3634 1152 3714 adstrinxerunt3

24 3734 117 3800 simul
144 3735 262 3808 etiam,
288 3755 390 3818 quum
416 3731 587 3820 lepitimum
610 3756 720 3818 regem
746 3734 895 3799 dicerent
919 3742 995 3796 ente
1018 3732 1154 3796 Pontifi-

25 3838 67 3897 cis
84 3832 389 3912 confirmationem,
405 3831 493 3896 hanc
507 3830 610 3895 veluti
627 3854 911 3918 supervacaneam
925 3840 1152 3917 seposuerunt.

22 3933 92 3997 lam
121 3951 205 3995 vero
232 3927 366 4012 electus,
392 3931 470 4015 quia
493 3938 607 4014 postea
631 3930 878 4014 promovendus
902 3940 973 3993 erat
996 3931 1029 3993 in
1047 3927 1153 4014 Impe-

24 4042 165 4095 ratorem
198 4049 243 4092 ex
266 4029 441 4114 principiis
466 4027 553 4112 juris
578 4030 611 4091 in
638 4026 804 4092 Decretali
835 4026 1051 4092 Venerabilem
1079 4048 1153 4090 oon·

22 4131 154 4210 stitutie,
190 4135 225 4190 et
255 4147 298 4189 ex
327 4125 427 4210 longa
451 4123 702 4205 consuetudine,
734 4148 792 4189 rex
818 4126 984 4209 legitimus
1008 4147 1075 4189 non
1098 4123 1153 4188 ha-

22 4229 164 4292 bebatur
189 4232 269 4287 ante
294 4243 435 4288 examen
460 4232 492 4286 et
515 4222 802 4287 confirmationem
827 4223 1007 4300 Pontificis,
1033 4224 1089 4308 qui
1115 4245 1153 4286 eo
