2858 4834
300 411 410 466 Henrici
431 410 459 463 11
479 411 615 479 expeditio
634 411 662 463 in
681 408 838 462 Hiberniam
1080 407 1133 462 215

45 555 82 618 iss
100 554 142 618 al
163 557 310 644 josetitiae
342 553 488 620 Christus
520 553 645 633 illusit,
678 563 707 614 et
734 575 813 637 qnae
844 551 1026 615 documenta
1053 550 1133 634 fidei

43 657 202 718 etsistianas
223 664 380 740 ceperant,
405 654 450 717 nd
464 655 523 742 jae
545 653 584 717 B.
608 653 697 715 Petri
721 660 750 713 et
773 659 992 714 sacrosanctae
1017 651 1131 712 lloma·

43 750 239 830 strictissime,
264 751 364 836 (qaod
387 761 416 812 et
439 762 496 814 tna
510 749 663 814 nobilitas
677 747 894 834 recognoscit),
918 747 983 810 iton
1006 756 1051 809 est
1075 744 1130 808 da·

42 851 102 911 den
126 851 291 935 pertinere.
344 848 433 912 Unde
467 858 555 912 tanto
585 849 621 912 ia
650 848 695 910 eis
723 845 872 910 libentius
900 843 1132 930 plantationem

42 947 132 1011 idclrm
154 958 183 1011 et
204 969 327 1032 pennen
349 957 473 1032 pratum
496 946 564 1008 Deo
588 932 766 1024 inserimus,
800 953 915 1029 quanto
939 942 974 1005 iel
998 966 1020 1004 a
1041 939 1133 1004 nolis

40 1049 135 1108 interno
157 1047 299 1108 examine
323 1045 500 1108 districtiss
516 1045 733 1130 prospicimus
764 1041 959 1128 enipendnm.
1006 1039 1131 1125 Sipniti·

39 1145 99 1204 costi
117 1143 266 1228 Quidem
288 1142 389 1220 nobis,
404 1141 460 1226 fili
483 1144 518 1205 in
535 1139 661 1206 Christo
685 1142 882 1216 charissime,
908 1150 936 1202 te
955 1138 1131 1202 Hiberniae

39 1241 156 1318 iactam,
180 1241 224 1303 ad
247 1239 441 1304 subdendam
475 1237 567 1302 illam
590 1239 746 1325 populum
777 1236 896 1322 lepidas
928 1247 957 1300 et
985 1238 1131 1300 citiornm
1246 1297 1248 1304 ,

36 1338 175 1420 plantaria
199 1338 274 1402 inde
297 1338 518 1423 snotirpanda,
542 1337 621 1400 celle
643 1340 777 1413 intrare,
806 1346 835 1398 et
858 1336 897 1398 ele
919 1333 1055 1418 sinpnlis
1078 1332 1131 1396 do·

39 1436 112 1498 adres
133 1459 271 1501 annnam
295 1437 388 1499 anias
416 1436 545 1498 denarii
569 1436 605 1498 B.
633 1436 725 1498 Petro
753 1433 828 1498 nelle
862 1432 980 1497 solvere
1002 1433 1131 1518 pensio·

38 1555 94 1610 scm,
114 1547 140 1596 et
155 1539 236 1623 jara
259 1533 461 1598 ecclesiaram
484 1531 572 1598 illins
591 1545 692 1596 terrae
707 1531 836 1596 illibata
861 1543 889 1593 at
913 1534 1036 1615 intepra
1061 1552 1130 1592 con·

37 1653 142 1696 errare.
198 1633 268 1696 Nos
302 1634 408 1717 iterque
434 1633 527 1717 piam
563 1642 592 1694 et
624 1629 787 1694 landabile
821 1630 1013 1694 desideriam
1045 1638 1132 1690 taam

35 1730 206 1812 nonfacere
230 1751 366 1814 conpesce
386 1739 620 1814 proseqaentes,
647 1739 676 1791 ct
694 1729 847 1814 petitioni
871 1738 942 1790 tnae
967 1725 1132 1811 benipnnm

36 1827 219 1909 inpendentes
241 1849 413 1904 cessassem,
437 1837 561 1912 pramm
584 1837 613 1889 ct
637 1837 797 1913 acceptum
826 1825 983 1902 ltalemns,
1014 1834 1048 1887 nt
1067 1845 1130 1916 pro

34 1923 186 1990 dilatandis
209 1924 370 1990 Ecclesiae
395 1927 545 2002 martinia,
574 1949 637 2010 pso
659 1926 806 1989 titionem
830 1922 1047 2007 restrinpendo
1080 1921 1130 1982 de-

34 2047 112 2096 serar,
138 2049 199 2111 pro
222 2024 419 2108 corripendis
447 2023 584 2087 monins
608 2035 637 2084 et
659 2022 828 2087 virtutibus
851 2021 1038 2098 inserendis,
1067 2039 1131 2104 pro

32 2119 192 2186 flrna'anac
203 2122 372 2205 religionis
396 2133 571 2208 aapmento,
595 2120 734 2186 insolam
758 2121 849 2184 ellam
872 2119 1075 2206 inpaediaris,
1101 2125 1131 2178 et

34 2219 97 2296 qnod
125 2221 167 2284 ad
188 2221 334 2285 honorem
357 2221 421 2284 Dei
452 2231 481 2282 et
510 2220 644 2284 salntem
674 2218 764 2283 illias
795 2230 897 2282 terrae
930 2218 1129 2304 spectaverit,

34 2319 192 2399 revocaris:
215 2329 245 2380 et
267 2317 359 2382 illins
383 2329 486 2382 terrae
504 2316 647 2404 papulae
675 2319 842 2402 honorifice
875 2329 903 2380 te
934 2317 1069 2401 recipiat
1100 2325 1130 2376 et

34 2413 93 2474 tant
114 2415 268 2480 dominam
291 2428 473 2480 veneretur:
496 2421 572 2504 jare
594 2417 744 2479 nimirum
768 2416 974 2480 ecclesiastico
1003 2412 1128 2478 illibato

35 2519 54 2568 rt
71 2513 178 2598 intepro
196 2527 412 2600 permanente,
442 2526 471 2578 et
495 2514 601 2584 scalea,
617 2514 706 2577 beato
731 2515 823 2577 Petro
857 2523 886 2576 et
909 2522 1128 2576 srrcrosanatae

36 2605 169 2672 leoninae
193 2609 340 2676 ecclesiae
365 2610 403 2674 de
428 2609 560 2698 sirspalis
584 2611 727 2675 domibus
751 2635 861 2674 anneta
883 2613 977 2674 anias
1001 2610 1129 2672 denarii

32 2709 164 2784 pomieno.
219 2707 256 2772 Si
283 2732 355 2794 erpo
386 2711 470 2795 qnod
501 2711 674 2795 concepisti
704 2712 823 2790 animo,
858 2708 967 2794 effecto
998 2708 1128 2770 dnneris

35 2804 231 2887 complendam,
256 2807 345 2871 stende
368 2807 594 2894 pentemillam
617 2808 707 2872 bonis
730 2807 867 2871 moribus
890 2807 1075 2894 informare,
1100 2815 1128 2866 at

35 2921 92 2982 apes
116 2915 177 2968 tam
201 2927 264 2992 per
293 2917 331 2986 te,
356 2931 450 2992 qnam
482 2929 539 2992 per
568 2905 644 2970 illos
671 2929 748 2991 qnos
779 2905 924 2984 actites,
958 2927 1034 2991 qnos
1047 2903 1126 2987 fide,

37 2997 104 3061 'nlo
125 3013 152 3066 et
174 3005 240 3066 vita
263 3003 395 3068 idoncos
427 3027 492 3068 esse
511 3005 728 3090 perspexeris,
759 3015 794 3068 nt
817 3004 979 3067 decorator
1002 3002 1047 3065 ibi
1071 3003 1127 3065 Ec-

35 3090 116 3169 elena,
133 3100 297 3184 plantetur
321 3113 350 3166 et
373 3114 493 3166 crescat
517 3103 609 3166 Fidei
632 3103 823 3167 christianae
846 3101 969 3187 celicia,
997 3112 1026 3163 et
1049 3125 1127 3185 qnae

35 3192 204 3262 “dloaorem
219 3201 283 3263 Dei
306 3211 335 3264 et
357 3199 490 3264 salntem
509 3204 672 3288 pertinent
696 3203 885 3277 animarem,
901 3222 961 3285 per
976 3211 1004 3262 te
1021 3195 1128 3262 taliter

36 3289 200 3378 aninumr,
231 3309 265 3362 nt
293 3323 314 3360 a
337 3299 406 3362 Deo
430 3301 640 3384 sempiternae
665 3299 816 3364 mercedis
839 3296 994 3363 cantelam
1024 3319 1125 3360 conse-

36 3390 74 3465 μ’
91 3399 239 3474 narare,
264 3408 294 3459 ct
318 3399 352 3461 in
376 3398 468 3460 terris
492 3396 664 3482 ploriosnm
687 3421 798 3461 nomen
813 3396 922 3462 calcas
945 3400 980 3458 in
993 3394 1128 3459 sescentis

37 3481 183 3577 stanceff)

101 3613 146 3679 61.
172 3615 221 3680 De
246 3617 435 3704 hujusmodi
452 3619 617 3684 Hadriani
631 3619 680 3686 IV
698 3619 835 3707 epistole
860 3633 892 3683 et
916 3624 1127 3686 concessione
1151 3637 1285 3682 essentne

40 3699 152 3776 Henrico
175 3713 207 3778 11
232 3716 319 3780 facte
346 3716 441 3780 valde
466 3716 635 3782 diversum
668 3731 716 3782 est
747 3729 919 3784 auctorum
948 3719 1124 3805 judicium.
1177 3703 1261 3744 '⁸⁸⁸⁸'

40 3800 85 3866 Alii
104 3813 334 3889 genuinitetem
357 3813 546 3882 documenti
564 3815 756 3896 admittunt,
781 3816 838 3880 sed
855 3819 1036 3880 severiores
1051 3826 1128 3880 sunt

41 3917 61 3958 ²11
86 3901 276 3974 Hadrianum
310 3910 358 3975 IV
390 3911 433 3976 ob
463 3913 626 3997 ejusmodi
661 3916 926 3994 concessionem,
960 3916 1006 3976 uti
1040 3915 1126 3977 ntae-

91 4177 283 4248 1ἰΑ[).Βιιῐοῐι.
303 4185 402 4239 Annel.
422 4185 455 4237 ed
475 4201 498 4237 n.
522 4187 597 4238 1159.
637 4185 728 4238 Lnbbe
747 4186 779 4240 X.
802 4189 881 4242 ΠΗ,
