2870 4842
405 435 444 488 De
463 433 581 494 concilio
600 433 709 490 Pisone.
1085 432 1136 489 289

28 578 132 642 Patres
157 579 427 644 Constantienses
457 580 567 664 potius
597 578 739 644 Ioannis
769 576 902 658 XXIII,
935 599 1035 664 quam
1059 575 1138 642 Gre-

26 677 99 760 gorii
124 687 159 740 et
179 675 352 740 Benedicti
377 685 486 761 partes
509 686 671 758 tenerent,
701 674 780 740 inde
804 674 927 740 factum
959 684 1017 759 est,
1049 675 1140 762 quod

25 795 93 858 pars
124 775 272 838 maxima
306 773 461 840 catholici
493 774 582 840 orbis
612 775 737 840 Ioanni
772 772 967 855 obediebat,
1005 783 1039 837 et
1068 773 1140 859 ejus

20 873 90 954 jura
128 881 208 936 tuno
247 873 374 956 potiore
412 892 483 938 esse
521 872 733 939 videbuntur.
784 871 902 936 Petrus
930 871 1138 953 Alliacensis,

25 968 206 1036 Cardinalis
218 970 478 1051 Cameracensis,
503 971 658 1056 quemvis
678 978 780 1034 steret
792 991 852 1054 pro
864 969 995 1035 Joanne
1008 969 1139 1049 XXIII,

23 1067 202 1132 Alexandri
233 1089 439 1146 successore,
484 1068 649 1154 professus
686 1077 797 1132 tumen
829 1078 894 1150 ost,
939 1068 1022 1133 dues
1058 1067 1141 1132 alias

23 1166 236 1232 Obedientias
267 1165 389 1230 bebere
422 1164 612 1252 probabiles
642 1167 805 1239 rationem
842 1164 981 1251 proinde
1010 1174 1043 1228 et
1070 1167 1141 1250 ipse

22 1263 204 1330 dubitabat.
236 1265 333 1342 Licet,
358 1263 483 1346 scribit,
512 1261 686 1330 Concilium
709 1263 862 1328 Pisanum
875 1262 983 1348 fuerit
1006 1262 1142 1348 lepitime

20 1373 47 1424 rt
68 1363 219 1426 carronice
243 1359 442 1438 celebratum,
475 1371 505 1424 et
527 1361 589 1425 duo
614 1349 689 1426 olim
712 1359 931 1426 contendentes
955 1361 994 1424 de
1012 1372 1143 1447 papatu

13 1465 95 1548 jurate
120 1469 150 1524 et
172 1461 321 1523 canonice
346 1460 555 1538 condemnati,
587 1470 617 1524 et
646 1459 753 1524 electio
777 1459 960 1524 Alexandri
989 1459 1019 1522 V
1038 1459 1144 1546 fhcrit

18 1560 76 1622 rite
107 1569 138 1620 et
168 1558 317 1622 cononice
342 1557 451 1642 factu,
479 1568 577 1644 prout
607 1558 682 1621 haec
714 1559 821 1620 omniu
848 1567 929 1620 tenet
956 1557 1143 1622 Odedientia

18 1656 149 1720 Domini
171 1656 275 1718 nostri
284 1679 396 1741 popae
412 1655 553 1722 Jconnis
568 1656 692 1734 XXIII,
718 1666 822 1720 tumen
837 1655 918 1718 duae
940 1655 1143 1720 Odedientioe

17 1754 151 1818 duorum
174 1753 426 1818 contendentium
447 1752 658 1838 probabiliter
672 1763 777 1818 tenent
792 1755 995 1818 contrarium.
1028 1754 1144 1839 Inque

18 1853 203 1936 opinionum
232 1850 360 1916 diuersa
390 1860 420 1913 et
452 1849 588 1916 aduersu
624 1852 778 1916 uarietate
808 1872 872 1914 non
904 1863 976 1915 runt
1008 1853 1144 1916 minores

17 1949 227 2036 difficultates
250 1951 339 2038 juris
370 1960 399 2012 et
420 1949 520 2035 fecti,
554 1971 646 2033 quum
679 1960 753 2012 autc
787 1945 961 2014 Concilium
991 1949 1144 2012 Pisonum

16 2058 110 2112 erunt
131 2047 173 2110 de
189 2048 323 2137 y'ustitia
348 2047 481 2112 duorum
504 2046 767 2114 contendentium.
777 2047 800 2126 ¹)

104 2146 161 2208 54.
210 2143 397 2211 Concilium
428 2145 598 2225 Pisanum,
639 2145 685 2211 uti
719 2145 919 2225 monuimus,
950 2152 1143 2228 exoptatum
1155 2151 1314 2253 hhffiiiidn

15 2243 117 2308 finem
151 2242 386 2326 exstinguendi
417 2240 607 2308 schismatis
637 2263 705 2308 non
729 2241 891 2322 obtinuit,
931 2241 990 2306 sed
1022 2242 1144 2306 exinde
1292 2241 1298 2252 '

8 2341 79 2424 jam
121 2349 189 2406 tres
228 2339 269 2404 de
307 2340 502 2426 pontificatu
534 2340 788 2406 contenderunt.
839 2337 1021 2404 Benedicto
1055 2340 1144 2404 enirn

14 2439 186 2524 Hispania
216 2437 382 2516 adhaesit,
415 2440 450 2502 in
483 2437 636 2522 Gregorii
670 2459 748 2502 vero
784 2437 975 2502 obedientia
1005 2455 1143 2521 regnum

11 2537 275 2623 Neapolitanum
305 2547 338 2600 et
370 2535 434 2600 alin
466 2537 629 2622 quaedam
661 2535 778 2601 Italiae
808 2535 982 2618 territoria,
1014 2557 1144 2601 necnon

11 2635 186 2721 Repertus
210 2633 410 2700 Germanice
443 2657 503 2697 rex
527 2655 603 2698 eum
627 2632 740 2699 multis
764 2633 951 2714 Germanis,
980 2655 1144 2698 remense

12 2744 106 2800 runt.
134 2770 173 2780 -
201 2732 383 2817 GregorIus
406 2729 475 2796 XII
501 2753 613 2796 mense
636 2730 728 2798 Julio
752 2754 782 2796 a.
808 2731 895 2796 1409
919 2732 1084 2816 synodum
1108 2735 1142 2797 in

10 2831 141 2917 oppido
182 2827 336 2894 Cividale
385 2851 486 2915 prope
526 2829 714 2915 Aquilejam
750 2828 949 2912 celebravit,
991 2832 1145 2916 quamvis

8 2931 114 3012 pauci
141 2939 271 2992 tantum
297 2926 434 3012 praelati
451 2927 616 2992 adessent.
646 2925 698 2990 lbi
720 2928 840 2990 iterum
864 2937 1062 3012 protestatus
1085 2939 1143 3010 est,

8 3051 42 3092 se
71 3029 236 3092 unionem
254 3025 443 3090 desiderare
466 3035 501 3090 et
523 3035 675 3110 paratum
700 3047 771 3090 esse
794 3023 1045 3106 adsessorem,
1071 3047 1145 3090 eon·

6 3126 228 3210 ditionesque
245 3124 356 3188 varias
380 3145 466 3208 quae
491 3124 553 3208 ipsi
578 3145 704 3208 aequae
730 3122 931 3188 videbantur
955 3126 1142 3210 proposuit3

4 3225 133 3288 ambos
158 3243 236 3286 vero
262 3243 337 3285 suos
370 3225 601 3306 competitores
631 3231 667 3284 ut
695 3223 838 3286 intrusos
860 3232 895 3284 et
917 3220 1144 3287 schismaticos

4 3321 202 3388 damnavit.
249 3319 363 3384 Mense
395 3317 581 3405 Septembri
625 3341 690 3385 non
723 3320 794 3384 sine
828 3321 957 3403 magnis
987 3319 1145 3404 periculis

3 3443 48 3484 ex
76 3417 217 3484 insidiis
240 3417 302 3503 ipsi
327 3419 452 3502 paratis
476 3418 677 3482 Ariminiurn
712 3440 865 3482 reversus
892 3429 951 3482 est.
975 3455 1017 3466 -
1040 3417 1143 3482 Bene-

3 3519 125 3584 dictus
159 3513 265 3581 solute
296 3515 424 3598 synodo
456 3516 711 3600 Perpinianensi
742 3537 777 3578 se
807 3517 935 3600 recepit
966 3517 1000 3580 in
1033 3537 1143 3580 arcem

3 3619 148 3680 firmam
161 3612 369 3680 Peniscolam
395 3614 428 3678 in
453 3635 555 3698 regno
570 3612 754 3678 Valentius.
780 3611 1015 3677 AlexanderV
1039 3635 1143 3698 quum

3 3715 157 3780 Romam
173 3719 308 3797 peteret,
333 3711 389 3776 die
405 3712 443 3776 3⁰
456 3712 537 3797 Maji
554 3734 583 3776 a.
600 3711 688 3774 1410
711 3710 883 3776 Bononiae
907 3712 977 3774 vita
992 3710 1145 3776 decessit.

2 3813 130 3878 hlnltis
145 3809 283 3896 quidem
298 3808 478 3874 virtutibus
494 3807 705 3890 excelluerat,
731 3809 832 3874 nimis
856 3819 967 3872 tamen
991 3809 1146 3895 profusus

2 3915 114 3976 luisse
141 3907 276 3970 videtur
300 3907 334 3972 in
361 3907 477 3991 gratiis
501 3905 766 3992 concedendis.²)
813 3907 893 3971 Post
921 3908 992 3994 ejus
1016 3905 1144 3972 obitum

81 4142 107 4210 ¹)
129 4139 170 4192 De
190 4135 294 4191 Eccles.
313 4141 342 4190 et
361 4134 468 4190 cardin.
487 4141 633 4204 potestate.

78 4223 106 4291 7)
128 4219 187 4274 cfr.
207 4217 307 4274 Theod.
326 4217 360 4272 de
377 4217 463 4282 diem,
483 4217 524 4272 De
541 4217 687 4272 schismste
704 4215 737 4272 L.
756 4215 808 4271 ΙΙΙ.
827 4232 849 4271 c.
869 4217 912 4272 51.

55 4326 215 4370 naumann,
230 4318 419 4358 Diuersarum.
434 4317 555 4358 nomer.
950 4305 982 4360 19
