2828 4842
393 417 433 470 De
451 415 557 471 haeresi
576 415 770 486 albigensium.
1093 417 1144 472 341

55 562 162 643 egregie
192 561 229 624 de
251 562 376 624 tuenda
398 559 558 644 religione
583 558 746 624 catholica
778 559 886 623 meriti
911 569 997 624 sunt.
1045 561 1144 625 Anno

56 659 121 721 1229
142 659 278 742 primum
308 659 344 724 in
369 656 433 721 illis
457 656 608 742 partibus
633 659 798 722 concisius
829 657 969 721 formata
1002 657 1065 721 luit
1098 660 1144 723 in·

52 756 162 840 quisitio
186 754 389 842 episcopalis.
436 756 475 819 In
492 754 619 839 synodo
635 753 799 820 Tolosana
816 754 973 820 videlicet
995 777 1032 820 eo
1057 778 1144 821 anno

53 853 153 934 habita,
170 853 231 934 cui,
248 853 458 938 praesidente
473 853 622 917 Romano
639 851 807 917 Cardinali
823 853 1033 939 Apostolicae
1049 853 1145 920 Sedis

51 951 145 1034 legato,
165 951 381 1015 interfuerunt
403 949 498 1014 multi
514 950 681 1036 praesules
700 973 829 1015 necnon
848 951 1065 1035 Rnymundus
1080 952 1145 1017 VII

48 1049 151 1134 aliique
173 1069 331 1134 proceres,
366 1049 581 1112 constitutum
604 1048 676 1130 fuit,
705 1059 742 1113 ut
769 1049 914 1134 episcopi
949 1049 982 1113 in
1007 1049 1145 1135 singulis

49 1147 192 1232 parochiis
214 1148 451 1210 constituerent
477 1167 582 1210 unum
606 1145 811 1210 sacerdotem
840 1154 872 1209 et
895 1145 978 1211 duos
1003 1147 1054 1211 vel
1079 1159 1145 1212 tres

48 1244 109 1308 boni
131 1246 306 1309 testimonii
331 1244 442 1326 laicos,
475 1247 533 1330 qni
559 1246 749 1331 juramento
783 1244 930 1309 obstricti
962 1244 1145 1310 haereticos

47 1341 201 1428 diligenter
223 1345 436 1429 inquirerent,
469 1354 501 1408 et
523 1353 670 1428 repertos
695 1364 873 1429 eorumque
904 1353 1089 1429 receptores
1113 1354 1145 1408 et

46 1441 168 1506 lautores
192 1443 345 1528 episcopo
370 1453 402 1506 et
426 1441 569 1505 dominis
592 1440 738 1505 locorum
765 1439 961 1507 indicarent.
993 1441 1144 1529 Idipsum

46 1539 171 1603 lacerent
194 1539 330 1604 abbates
346 1541 490 1625 exempti
517 1542 551 1604 in
566 1539 647 1603 locis
662 1559 747 1624 quae
762 1537 949 1604 Ordinariis
969 1562 1035 1604 non
1052 1552 1146 1606 erant

40 1637 100 1718 jure
121 1636 314 1703 dioecesano
340 1638 500 1724 subjecta.
555 1638 691 1701 Domini
715 1635 862 1700 locorum
887 1659 945 1701 seu
970 1637 1085 1703 ballivi
1109 1641 1144 1703 in

45 1736 120 1798 terris
148 1738 215 1801 suis
248 1735 431 1801 haereticos
463 1759 530 1800 non
562 1735 755 1816 tolerarent,
791 1757 971 1821 eorumque
1006 1736 1145 1802 latibula

42 1831 238 1899 destruerent.
277 1835 382 1899 Nemo
406 1845 565 1920 tanquam
590 1832 775 1896 haereticus
792 1835 974 1918 puniretur,
999 1837 1062 1898 nisi
1079 1857 1145 1921 qna
1181 1861 1184 1872 ·

42 1930 101 1994 talis
128 1931 170 1997 ab
202 1933 427 1998 ecclesiastica
457 1939 618 2017 potestate
643 1929 832 2016 judicatum
863 1933 919 2016 qui
951 1943 1067 2017 sponte
1101 1933 1144 1996 ab

42 2027 149 2094 haeresi
174 2031 218 2096 ad
242 2031 440 2097 catholicam
474 2029 572 2093 tidem
603 2027 777 2108 redierint,
809 2027 1023 2107 domicilium,
1048 2031 1144 2116 elige-

41 2143 99 2190 rent
119 2131 151 2193 in
176 2129 380 2212 civitatibus,
407 2128 495 2192 nulla
519 2127 692 2190 haereseos
716 2127 903 2210 suspicione
928 2131 1062 2210 notatis3
1087 2131 1143 2216 qui

39 2237 132 2290 :intem
156 2249 338 2312 poenarum
370 2238 460 2291 metu
484 2224 537 2289 vel
561 2222 627 2288 alia
651 2245 750 2288 causa
775 2222 901 2288 haeresi
935 2229 1145 2291 renuntiave-

39 2325 100 2403 rint
123 2325 164 2389 ab
190 2329 344 2412 episcopo
370 2325 545 2408 diligenter
569 2321 821 2387 custodirentur.
875 2321 1000 2388 Omnes
1024 2334 1057 2388 et
1080 2326 1144 2389 sin·

37 2421 92 2499 guli
115 2426 285 2510 utriusque
310 2445 418 2504 sexus,
444 2419 582 2485 masculi
607 2443 626 2483 a
651 2418 779 2483 decimo
805 2431 931 2504 quarto,
957 2422 1100 2486 feminae
1124 2446 1143 2487 a

38 2517 218 2584 duodecimo
252 2523 369 2585 aetatis
401 2541 504 2602 anno,
536 2517 754 2602 jurejurando
788 2521 1017 2584 renuntiarent
1051 2523 1141 2585 omni

39 2613 146 2681 haeresi
179 2631 213 2682 et
243 2621 481 2704 promitterent,
515 2640 549 2681 se
574 2616 673 2680 fidem
707 2615 904 2680 catholicam
936 2628 1142 2696 servatur0s3

38 2717 82 2798 qni
104 2716 136 2780 id
156 2717 266 2781 lacere
291 2716 443 2797 noluerit,
468 2726 639 2801 suspectus
663 2712 704 2778 de
728 2712 855 2777 haeresi
879 2714 1098 2802 haberetur.¹)

110 2843 161 2907 32.
189 2841 257 2924 „Ut
279 2866 328 2924 ea,
353 2864 438 2928 quae
462 2843 496 2904 in
521 2838 669 2925 praefata
688 2838 815 2922 synodo
831 2849 945 2903 contra
960 2839 1143 2904 haereticos
1153 2847 1275 2896 ¹⁰a¹¹¹⁸¹tt⁰
1290 2848 1314 2886 ¹¹²

37 2951 117 3002 erant
138 2943 326 3021 constituta,
352 2939 482 3026 plenius
498 2939 688 3003 executioni
705 2937 951 3018 mandarentur,
977 2909 1314 3022 Βηγιηιιιι·ΟΜΝΓΜ

38 3033 88 3098 dus
117 3059 227 3102 comes
259 3038 442 3102 Tolosanus
474 3056 561 3101 anno
593 3037 678 3100 1233
708 3059 725 3099 e
750 3034 885 3100 consilio
914 3038 1143 3121 episcoporum

36 3147 62 3194 et
81 3157 251 3220 procerum
275 3147 397 3200 statuta
420 3135 526 3222 plura,
558 3133 699 3198 decretis
727 3135 894 3220 praefatae
919 3133 1046 3219 Synodi
1071 3157 1144 3200 con-

38 3229 138 3296 formia
161 3233 399 3320 promulgavit.
445 3231 574 3296 Eodem
598 3253 685 3295 anno
713 3233 797 3296 1233
823 3231 1002 3316 Gregorius
1025 3231 1076 3296 IX
1100 3233 1145 3296 ol·

36 3327 131 3394 ficium
160 3355 186 3396 s.
213 3330 443 3417 Inquisitionis
477 3333 512 3396 in
543 3328 655 3395 Gallia
688 3327 896 3393 meridionali
929 3329 1145 3394 demandavit

37 3425 58 3487 F
60 3430 192 3494 ratribus
211 3429 498 3494 Praedicatoribus
522 3451 579 3492 seu
599 3429 842 3508 Dorniuicanis‚
869 3429 981 3513 eisque
1005 3437 1144 3513 potesta-

36 3539 89 3589 tem
109 3529 188 3592 lecit
213 3527 396 3592 haereticos
420 3525 638 3612 conquirendi
664 3538 696 3588 et
718 3525 906 3612 judicandi,
940 3527 1144 3612 poenitentes

36 3621 227 3704 absolvendi,
259 3624 442 3689 obstinatos
467 3646 545 3688 vero
570 3623 779 3710 relinquendi
805 3623 1052 3706 magistratibus
1077 3645 1143 3687 sae-

37 3719 252 3807 cularibus.“²)
299 3721 352 3786 Ab
377 3721 468 3786 hisce
492 3744 582 3802 vero,
611 3722 710 3809 juxta
734 3719 822 3805 leges
853 3719 941 3784 illius
974 3723 1143 3808 temporis,

37 3817 133 3884 ultimo
155 3818 321 3906 supplicio
345 3819 587 3886 afficiebantur.
634 3819 733 3883 Anno
761 3819 847 3882 1244
879 3819 1049 3884 castellum
1075 3842 1143 3883 nru-

37 3917 218 3984 nitissimurn
243 3917 447 4003 lllontsegur‚
472 3918 567 4004 cujus
586 3918 740 3982 dominus
765 3927 835 3981 erat
858 3916 1079 4000 Raynrundus
1103 3917 1144 3982 de

40 4049 234 4066 “““----

97 4132 114 4200 ¹)
131 4131 223 4186 labbe
241 4137 306 4184 tom.
326 4129 374 4185 XI.
394 4147 420 4198 p.
439 4132 500 4186 426.

96 4211 116 4278 ¹)
132 4212 164 4264 V.
186 4211 316 4264 Wonters
335 4209 351 4263 l.
372 4225 393 4265 c.
