2850 4834
341 469 382 522 De
400 469 475 522 lucta
493 467 624 541 Ludovici
643 470 753 524 Bavari.
1077 471 1130 525 193

22 615 93 696 perii
120 613 271 676 Vicarios
303 611 535 696 appellabant,
569 613 641 698 ejus
671 615 902 679 auctoritatem
935 616 1039 678 tuitus
1069 625 1128 678 est.

22 709 197 775 Ludovicue
230 719 340 774 autem
365 709 538 774 Pontificis
564 711 643 796 jura
673 711 752 775 inde
782 711 825 775 ab
850 712 945 775 initio
970 711 1128 788 violavit;

19 811 126 873 etenim
144 809 216 894 jam
240 829 270 873 a.
297 807 383 871 1315
406 806 510 870 alium
536 810 706 872 constituit
722 808 897 873 Vicarium
921 808 1128 896 imperialem

19 907 130 986 ltaliae,
161 905 321 970 videlicet
343 905 508 971 Joannem
535 905 576 969 de
601 906 816 973 Bellomonte.
864 907 970 973 Simul
995 907 1128 973 titulum

17 1007 94 1088 regis
108 1006 330 1069 Romanorum
348 1002 412 1068 sibi
427 1003 625 1085 vindicavit,
651 1006 805 1090 quamvis
828 1015 905 1069 ante
929 1005 1129 1091 diremptam

17 1103 97 1166 litem
119 1113 248 1167 tantum
272 1101 387 1166 electas
401 1125 460 1166 reae
483 1102 550 1167 dici
566 1113 685 1186 posset.
721 1103 894 1189 Ejusmodi
912 1125 992 1167 sane
1007 1103 1129 1190 agendi

17 1203 100 1283 ratic,
135 1223 202 1287 qua
231 1199 428 1264 Ludovicus
458 1198 631 1283 illegitime
661 1201 798 1287 Imperii
829 1202 908 1287 jura
935 1202 1129 1287 usurpabat,

15 1301 169 1364 loannem
202 1299 319 1362 merito
352 1297 507 1378 offendit3
546 1307 579 1361 et
613 1299 735 1384 injuste
768 1298 867 1385 plane
895 1298 951 1363 hic
974 1299 1130 1363 Pontifex

14 1407 189 1477 accusatur,
224 1418 264 1459 ac
295 1396 322 1460 si
356 1396 425 1481 ipse
457 1394 587 1459 dissidii
618 1417 694 1460 cum
718 1396 892 1461 Ludovico
917 1419 1051 1462 causam
1077 1396 1130 1461 de·

15 1495 107 1560 disset
127 1495 283 1580 primam.

93 1595 146 1659 44.
195 1591 234 1654 In
265 1589 447 1655 Germania
482 1593 609 1655 interea
640 1591 834 1656 Ludovicus
866 1602 899 1656 et
927 1592 1130 1673 Fridericus,
1167 1602 1277 1641 huwe

13 1714 80 1755 cum
97 1693 247 1755 Romano
259 1689 416 1753 Pontifici
437 1691 697 1754 controversiam
713 1690 937 1755 dirimendam
952 1692 1131 1776 aequitate,
1155 1663 1286 1704 comana.

14 1803 42 1854 ut
63 1813 124 1876 par
147 1805 227 1869 erat,
250 1788 455 1850 committere
479 1787 712 1867 detractarent,
735 1786 777 1854 de
799 1789 943 1873 Imperio
968 1797 1132 1852 certantes

13 1885 194 1953 incredibili
217 1887 406 1951 animorum
430 1885 548 1950 ardore
581 1885 740 1949 adversas
763 1887 852 1950 acies
883 1888 1131 1950 commiserunt.

13 1985 105 2050 Facta
144 1995 195 2049 est
231 1984 366 2048 demum
404 2006 435 2049 a.
478 1984 564 2048 1322
603 1983 658 2048 die
695 1984 756 2049 28⁰
779 1984 984 2070 Septembris
1019 2007 1133 2071 pugna

12 2097 141 2148 cruenta
164 2081 256 2167 apud
279 2080 440 2166 oppidum
465 2080 642 2146 Miihldorf
671 2082 714 2146 ad
739 2081 882 2159 Ocnum,
916 2105 955 2146 ac
986 2095 1081 2168 parta
1112 2106 1132 2148 a

10 2181 179 2248 ludovico
204 2181 356 2258 victoria,
381 2179 477 2264 cujus
500 2179 606 2263 gloria
620 2179 791 2244 Friderico
808 2190 841 2244 et
855 2180 1003 2245 Henrico
1026 2181 1132 2245 fratri·

10 2279 64 2344 bus
87 2277 270 2364 multisque
293 2277 369 2342 aliis
392 2276 563 2342 nobilibus
587 2279 694 2363 captis
720 2288 819 2342 aucta
843 2289 901 2344 est.
940 2279 1133 2345 Fridericus

11 2381 216 2464 mancipatus
239 2377 302 2439 fuit
325 2376 530 2440 arctissimae
566 2376 738 2440 custodiae
764 2378 799 2440 in
827 2399 903 2441 aroc
930 2379 984 2442 cui
1011 2399 1131 2442 nomen

10 2477 195 2556 Trausnitz,
219 2473 412 2558 ibidemque
427 2475 571 2538 triennio
587 2473 750 2540 detentus.
776 2474 970 2558 Ludovicus
980 2475 1133 2540 Bararus

10 2579 119 2658 victor,
138 2583 233 2660 parto
249 2571 290 2635 de
304 2570 436 2636 aemulo
452 2570 631 2656 triumpho,
649 2571 847 2636 Pontificem
864 2595 943 2637 mox
959 2576 1132 2638 certiorem

9 2673 87 2739 iecit.
138 2671 303 2750 Jcannes,
335 2671 389 2733 eui
413 2668 606 2733 Fridericus
630 2670 829 2734 Austriacus
858 2673 983 2757 pariter
1014 2693 1131 2756 parum

9 2771 239 2859 obsequiosum
274 2789 345 2832 sese
380 2766 584 2850 ostenderat,
616 2767 747 2832 Bavaro
771 2769 880 2832 amica
912 2780 945 2832 et
973 2768 1131 2854 prudenti

9 2869 144 2956 epistola
172 2863 387 2951 respondit,¹)
419 2886 485 2950 qua
514 2867 623 2949 ipsum
656 2865 697 2929 ad
724 2866 934 2932 clementiam
959 2869 994 2931 in
1018 2867 1132 2932 Fride-

9 2969 106 3033 ticum
123 2963 354 3030 adhibendam
378 2962 528 3028 hortatus
552 2973 612 3042 est,
637 2974 737 3048 atque
752 2985 887 3048 operam
905 2964 1131 3050 Apostolicam

9 3067 43 3130 ad
79 3062 299 3130 concordiam
339 3063 426 3124 inter
464 3061 553 3146 ipsos
589 3060 835 3126 conciliandam
874 3061 1003 3127 obtulit.
1061 3063 1132 3126 Noa

9 3179 115 3244 aeuus,
142 3159 270 3242 scribit,
295 3159 339 3224 ad
355 3158 557 3222 mactandum
573 3169 602 3220 et
612 3161 850 3245 procurandum
866 3159 950 3246 quod
965 3159 1009 3223 ad
1017 3181 1133 3246 pacem

9 3277 30 3326 et
51 3260 258 3327 comoediam
281 3259 364 3320 inter
388 3267 415 3319 te
439 3266 469 3319 et
491 3259 595 3342 pamm
614 3258 786 3343 pertineat,
811 3257 972 3343 offerimus
993 3279 1051 3320 uos
1071 3279 1131 3343 pu-

9 3375 95 3438 ratos,
122 3382 223 3446 cuper
237 3379 297 3442 quo
321 3353 462 3419 sinodis
486 3355 726 3440 taopradentia
748 3377 824 3418 auae
847 3356 1022 3420 innotuerit
1044 3354 1131 3418 bene·

9 3461 158 3546 placitum
181 3453 365 3530 uolatutatis,
390 3453 434 3516 od
458 3453 672 3538 eaequeudom
695 3475 775 3539 qaae
799 3453 843 3516 od
865 3453 927 3517 itta
950 3463 1132 3540 opportuna

9 3559 176 3620 &dammae
205 3551 318 3636 absque
348 3551 546 3614 cunctatione
577 3548 687 3636 aliqua
712 3551 929 3636 procedemus.
978 3551 1042 3616 Sed
1067 3551 1131 3615 Lu·

9 3655 143 3720 doricus
163 3652 236 3737 jam
260 3672 331 3713 sese
354 3648 452 3735 plane
476 3658 514 3711 ut
537 3649 773 3734 Imperatorem
798 3649 944 3734 gerebat,
977 3651 1131 3734 quamvis

9 3775 38 3818 so
51 3767 207 3837 tempore
224 3747 380 3812 omnibus
394 3746 509 3833 probis
524 3767 719 3831 persuasum
745 3755 841 3826 esset,
866 3756 942 3809 ante
958 3745 1132 3809 Pontificis

72 4019 92 4087 ²)
113 4014 259 4072 Immerito
277 4013 376 4068 asserit
395 4011 561 4078 Damberger
581 4011 613 4068 V.
634 4011 676 4068 13.
696 4026 722 4077 p.
740 4011 803 4075 590,
823 4025 939 4077 eousque
957 4024 975 4063 a
992 4008 1131 4064 Lndovico

9 4099 66 4154 ubil
84 4099 195 4152 factum
215 4109 281 4158 esse,
300 4093 371 4162 qnod
388 4093 509 4148 Joannee
527 4106 610 4160 aegre
629 4089 702 4144 ferre
720 4090 850 4158 potuerit,
868 4096 952 4156 atque
970 4089 1129 4144 Pontificem

9 4179 178 4234 amiterninus
203 4175 388 4246 lucidissime
413 4171 529 4241 principi
547 4169 723 4239 respondisse.
759 4171 884 4238 Epistola
901 4169 1017 4224 Joennis
1035 4175 1130 4224 exstat

9 4275 41 4328 tp
60 4256 200 4327 Raynald.
220 4273 244 4312 a.
266 4255 343 4311 1323.
362 4271 389 4312 n.
410 4256 451 4312 15.

51 4361 201 4408 Jungmnn,
217 4355 404 4396 Dissertationea
424 4355 488 4395 Tem.
501 4355 538 4394 v1.
989 4341 1021 4394 13
