2844 4840
238 496 243 504 '
340 489 380 544 De
398 489 477 544 Bulla
500 489 588 570 Ument
607 491 749 544 Satcotans.
1073 491 1110 546 63

24 656 81 698 snae
100 635 260 721 potestatis
283 633 464 717 accipiunt,
501 634 549 698 uti
578 635 762 718 generatim
794 653 847 697 res
877 635 1066 699 materiales
1090 655 1111 698 a

23 735 154 818 principio
177 730 338 820 spirituali
362 730 601 814 gubernantur.
657 729 750 805 Quod
778 734 874 795 etiam
904 755 944 796 ea
975 733 1109 797 decimo

22 853 70 892 nsn
88 831 215 909 datione,
240 841 269 894 et
293 829 516 908 benedictione,
541 829 843 914 etsaactificationc,
868 853 907 893 ea
930 831 1033 917 ipsias
1051 855 1109 918 po·

22 931 116 992 tractis
130 930 313 1014 acceptione,
331 950 371 991 ece
386 928 529 1011 ipsarum
541 949 645 990 reram
657 928 882 1014 prebernatione
898 927 995 994 claris
1011 929 1111 994 oculis

21 1029 154 1092 intuemur.
171 1065 213 1075 -
227 1025 370 1091 Accedit
384 1035 496 1090 autem
514 1023 704 1110 Scripturas
720 1026 908 1109 auctoritas,
934 1047 1000 1113 qua
1023 1049 1109 1092 com·

19 1125 156 1208 probatur,
184 1145 253 1188 rem
278 1125 325 1188 ita
350 1122 470 1187 debere
500 1121 633 1188 babere.
685 1123 772 1188 Nara
801 1123 941 1188 Veritatc
975 1135 1109 1190 testante

18 1221 168 1306 spiritualis
183 1232 332 1310 potestas
362 1231 519 1285 terrenam
541 1221 705 1285 instituas
728 1221 830 1300 babet
863 1233 892 1286 et
907 1221 1057 1312 judicare
1081 1226 1111 1288 ei

18 1317 78 1382 lona
98 1344 156 1384 non
169 1319 287 1406 faceret
331 1317 507 1400 Videlicet,
532 1317 704 1404 Scriptura
717 1319 888 1388 Ecclesiae
912 1340 978 1385 non
1002 1320 1108 1386 solum

16 1427 179 1502 potestatem
203 1416 331 1502 tribuit,
355 1427 392 1481 ut
408 1420 657 1482 consecratione
681 1441 741 1482 sua
757 1420 909 1483 instituat
921 1421 1108 1506 principem

15 1515 39 1578 in
58 1538 107 1579 sna
129 1517 334 1599 anctoritate,
367 1515 549 1579 sedetiam
574 1525 611 1579 ut
634 1525 794 1602 tanquam
829 1537 1020 1602 supremum
1053 1519 1109 1581 tri·

16 1609 93 1678 brnal
114 1615 239 1678 ratione
262 1614 402 1698 peccati,
435 1612 481 1698 (si
504 1611 588 1677 bona
610 1637 675 1678 non
696 1613 824 1700 faerit)
856 1614 1040 1700 principem
1065 1615 1108 1680 ad

15 1733 85 1775 unm
115 1711 260 1776 tribunal
293 1713 395 1775 citare
426 1721 459 1775 et
491 1732 566 1775 eum
594 1711 748 1798 judicare
779 1717 892 1798 possit.
924 1713 1108 1800 -Itaque

13 1807 137 1875 Ecclesia
151 1809 256 1874 veluti
281 1809 408 1873 confert
423 1810 567 1894 principi
593 1811 822 1874 instinctionem
838 1811 1035 1876 cardinalem
1050 1833 1107 1876 seu

13 1907 246 1987 installationem,
279 1929 363 1993 quae
387 1928 454 1970 non
479 1914 569 1970 creat
587 1907 654 1992 jus,
684 1907 742 1972 sed
766 1909 897 1975 inducit
919 1909 1109 1974 solemniter

13 2003 35 2067 in
60 2007 290 2090 possessionem
324 2003 495 2088 defactc
528 2042 571 2052 -
604 2003 763 2090 Sepositis
794 2005 868 2072 aliis
899 2007 1048 2072 textibus
1077 2017 1109 2072 et

11 2101 84 2166 betis
115 2103 320 2189 scripturae,
354 2103 476 2166 citatur
506 2101 583 2166 dein
614 2101 670 2167 ille
701 2103 867 2170 ieremias
896 2115 1016 2190 textus,
1051 2107 1107 2192 qui

10 2199 68 2264 inde
88 2225 106 2264 a
130 2203 247 2288 quinto
272 2200 403 2265 saeculo
430 2201 502 2287 jam
527 2199 680 2265 adhiberi
706 2201 842 2284 solebat,
874 2226 914 2267 ac
938 2203 1015 2268 dein
1039 2204 1108 2268 iere

9 2297 125 2364 iorrnnla
149 2299 315 2386 quaedam
341 2297 568 2364 sacrefactas
592 2308 642 2363 est
665 2300 755 2385 apud
779 2301 958 2366 Pontifices
978 2311 1010 2365 et
1033 2323 1107 2365 auc-

9 2397 336 2478 toresecclesiasticos,
362 2395 495 2483 quaudo
520 2396 681 2482 agebatur
705 2397 746 2462 de
763 2408 923 2484 potestate
937 2399 1108 2464 Ecclesiae

9 2494 32 2556 in
50 2499 211 2583 principes
235 2495 351 2560 civiles
375 2506 407 2560 et
429 2516 541 2580 regna.
583 2495 661 2559 Ecce
676 2497 826 2560 comtitai
850 2509 877 2560 te
900 2497 991 2561 leodic
1015 2519 1110 2584 saper·

8 2604 89 2674 antec
110 2606 140 2658 et
164 2615 260 2680 crepes·
282 2615 391 2678 repna,
414 2603 450 2657 at
473 2590 589 2657 evellas
613 2604 643 2656 et
666 2593 812 2658 decbries
835 2605 864 2658 et
887 2593 1056 2681 disperdas
1080 2605 1110 2658 et

8 2689 129 2778 dissipes,
154 2704 186 2756 et
209 2691 353 2777 aedpices
378 2701 407 2756 et
423 2689 564 2778 plantes.
606 2691 679 2756 Hoc
702 2702 795 2756 textu
810 2693 993 2758 secundum
1018 2681 1123 2756 illam¹

8 2785 291 2876 interpretationem
315 2799 348 2855 et
370 2789 629 2877 applicationem
652 2789 908 2872 traditionalem,
937 2789 1108 2854 confirma-

8 2881 83 2950 batur
103 2899 279 2970 assertum,
309 2888 399 2974 quod
422 2886 593 2952 Ecclesiae
618 2897 703 2952 esset
725 2889 891 2979 judicare,
923 2911 983 2974 per
1005 2887 1109 2952 verba

8 2995 30 3046 rt
47 2985 156 3050 coellec
183 2997 213 3050 ct
236 2986 403 3066 destruam
433 2985 522 3073 quod
555 2985 660 3071 ipsius
689 2997 775 3051 esset
801 2988 901 3052 etiam
932 2987 1107 3070 instituere,

8 3099 49 3162 per
69 3085 171 3148 verba
195 3095 230 3148 at
253 3055 400 3168 ceddtccs
423 3094 454 3148 et
470 3084 613 3170 plantes.

73 3183 123 3248 67.
175 3181 401 3266 Explicationi
434 3181 514 3246 huic
548 3181 665 3248 Glossa
696 3181 851 3266 (Joannis
874 3182 1044 3268 Andreae)
1072 3184 1106 3246 in
1175 3201 1237 3231 0⁸¹⁸·

8 3275 73 3343 tnnc
104 3281 217 3346 locum
249 3282 422 3347 consentit.
482 3279 599 3345 Glossa
630 3281 674 3344 ad
696 3303 817 3345 uocem:
853 3281 940 3345 Nam
968 3281 1107 3345 Veritatc

8 3383 122 3444 tanate.
151 3429 160 3444 .
187 3427 195 3442 .
221 3429 229 3444 .
257 3377 472 3445 Continentur
502 3401 574 3464 erpo
599 3379 662 3442 sic:
694 3377 780 3442 Bene
804 3377 1000 3456 dictumest,
1024 3377 1108 3463 qaod

8 3485 121 3554 potestas
145 3475 363 3540 ecclesiactica
390 3487 579 3562 potestatem
610 3487 766 3540 terrenam
797 3476 961 3558 benedicit,
992 3477 1107 3540 suncti

8 3567 65 3640 icat,
87 3585 117 3636 et
140 3573 184 3637 ab
207 3596 245 3636 ca
263 3585 407 3660 potestas
431 3585 557 3638 terrena
574 3583 765 3660 potestatem
788 3574 913 3660 accipit.
941 3575 1027 3638 Nara
1053 3573 1105 3636 Ve-

8 3669 77 3734 itate
100 3683 281 3749 attestante,
305 3673 341 3736 id
364 3682 419 3751 est,
445 3693 562 3736 canona
585 3670 712 3736 Bibliae
736 3683 902 3754 asserente,
927 3669 1107 3757 spiritualis

8 3779 120 3834 arenas
145 3781 303 3834 mnenon
323 3782 511 3858 potestatem
541 3773 706 3834 instituere
729 3771 840 3834 babet:
872 3781 901 3833 et
923 3768 1046 3856 supple,
1079 3770 1109 3832 ai

8 3863 72 3929 labet
94 3891 165 3934 cara
182 3870 358 3948 instituere,
381 3871 474 3934 babet
489 3891 558 3932 eant
573 3869 735 3958 judicare,
760 3870 789 3932 ai
805 3867 887 3932 bona
903 3890 965 3931 non
982 3867 1107 3954 fiserit:

8 3964 60 4046 pria
80 3972 170 4058 cajeta
195 3976 241 4030 est
263 3968 404 4048 condere,
438 3971 505 4056 ejas
533 3977 579 4030 est
602 3966 771 4030 destruere.
795 4015 854 4031 ...
880 3964 934 4029 Sic
957 3965 1039 4027 enim
1063 3986 1106 4026 se·

8 4063 116 4128 nirdam
145 4065 229 4128 banc
261 4065 385 4129 modam
417 4066 456 4130 de
479 4061 624 4128 Ecclesia
652 4074 681 4126 ct
710 4063 922 4128 ecclesiastica
948 4071 1107 4148 potestate

8 4161 161 4244 :cnfleamr
191 4165 376 4228 cananiam
400 4164 579 4228 Jeremiae:
609 4163 689 4224 Ecce
712 4162 860 4225 constitui
889 4171 917 4223 te
940 4158 1042 4237 bodie,
1072 4159 1107 4222 td

8 4269 44 4332 nt,
65 4261 113 4324 die
136 4285 202 4347 paca
217 4261 366 4346 fmnsata
389 4271 434 4326 est
458 4261 613 4338 Ecclesia,
645 4281 739 4345 assper
760 4269 867 4344 pantes
890 4267 919 4320 ct
941 4279 1049 4342 rayno,
1073 4267 1108 4319 at
