2868 4844
376 432 416 486 De
435 430 616 486 exstinctione
634 429 797 485 schismatis.
1094 431 1147 484 295

39 575 250 640 Ecclesiastioi
289 574 469 640 adfuerunt
507 575 639 640 circiter
662 573 845 638 octodecim
869 572 983 656 millia,
1023 576 1146 660 inquo

39 695 161 736 numero
206 684 317 738 tamen
360 683 594 758 computantur
638 673 775 736 comites
819 692 932 734 corum
975 672 1147 736 domestici

39 791 161 834 numero
193 771 337 858 plurimi.
392 769 448 836 Sic
487 793 518 833 v.
552 791 584 854 g.
621 769 891 854 archiepiscopus
931 768 1147 852 Mogontinus

38 887 135 930 secum
166 867 310 932 adduxit
340 871 539 955 quingentas
563 889 730 954 personas.
779 866 906 931 Aderat
929 867 1006 932 dein
1031 870 1148 952 ingens

38 987 182 1030 numerus
205 965 385 1044 laicorum,
418 965 653 1050 Sigismundus
684 967 872 1051 imperator,
905 964 1062 1030 electores
1086 964 1148 1028 lmss

38 1064 110 1146 perii
133 1063 186 1128 vel
209 1085 324 1128 eorum
356 1074 514 1144 oratores,
548 1065 670 1149 pariter
694 1075 839 1128 oratores
869 1085 984 1148 regum
1009 1061 1147 1144 Galliae,

38 1159 177 1244 Angliae,
210 1162 352 1244 Scotiae,
386 1162 554 1244 Poloniae,
590 1161 740 1242 Sueciae,
777 1161 917 1242 Daniae,
939 1161 1147 1245 Norvegiae,

37 1257 192 1344 Neapolis,
216 1259 361 1342 Siciliae,
385 1261 580 1347 Hispaniae,
606 1259 780 1324 Michaelis
796 1259 982 1344 Palaeologi
1006 1259 1148 1344 Impera·

36 1359 105 1418 ioris
118 1355 339 1440 Graecorum3
364 1360 542 1444 principes,
558 1357 669 1442 duces,
688 1359 835 1440 comites,
853 1358 1004 1440 barones,
1020 1353 1150 1421 nobiles

37 1454 203 1519 innumeri.
259 1457 321 1520 His
359 1457 499 1520 accessit
542 1458 658 1541 iugens
697 1455 874 1520 multitudo
918 1465 1148 1534 mercatorum,

37 1552 190 1616 artificum
212 1563 245 1618 et
261 1555 428 1640 opificum,
454 1556 667 1634 musicorum,
693 1565 726 1616 et
741 1553 880 1617 aliarum
897 1555 1004 1617 omnis
1018 1555 1150 1637 generis

38 1671 253 1732 personarum,
278 1655 324 1716 ita
339 1663 375 1715 ut
390 1662 588 1716 censeantur
606 1651 819 1716 Constantiae
842 1649 989 1715 adfuisse
1007 1649 1149 1715 100000

38 1745 198 1812 hominum
223 1761 255 1812 et
279 1749 401 1816 30000
425 1749 627 1836 equorum.¹)

116 1883 146 1946 6.
181 1879 368 1946 Concilium
392 1885 426 1946 in
452 1881 549 1946 Bulla
573 1882 823 1946 convocationis
847 1881 1056 1965 designatum
1081 1891 1152 1945 erat
1169 1877 1318 1980 fflfflin'

37 1977 191 2043 aJoanne
207 1980 329 2044 XXIII
354 1991 390 2044 ut
413 1981 619 2044 continuatio
644 1979 776 2044 concilii
795 1979 907 2043 Pisani
932 1979 995 2042 illis
1019 1979 1149 2043 verbis:

38 2072 216 2140 Alexander
255 2133 261 2144 .
287 2128 295 2142 .
322 2131 328 2144 .
368 2078 536 2164 suspendit
572 2080 733 2165 ipsamque
762 2077 936 2143 Concilium
973 2100 1070 2163 usquc
1106 2077 1151 2141 cd

38 2181 148 2259 tempus
172 2177 303 2239 triennii
326 2177 576 2241 continuandum
599 2178 721 2242 statuit.
762 2176 873 2261 Atque
890 2177 993 2260 ipsius
1009 2176 1150 2240 Joannis

38 2274 173 2336 maxime
197 2275 363 2357 intererat,
390 2289 426 2338 ut
448 2274 524 2338 talis
548 2274 720 2338 character
737 2271 885 2337 Concilio
904 2271 1149 2338 Constantiensi

37 2383 222 2452 remaneret,
253 2381 286 2435 et
319 2375 461 2458 quaein
486 2372 626 2436 concilio
652 2373 771 2435 Pisano
803 2371 892 2434 facta
921 2381 1023 2455 orant,
1055 2371 1151 2436 firma

38 2487 71 2528 ac
90 2477 160 2532 rata
190 2469 401 2550 haberentur,
441 2471 591 2555 adeoque
627 2479 659 2532 et
693 2469 787 2533 valor
810 2469 1023 2554 pontificatus
1047 2470 1151 2554 Ipsius

38 2563 219 2631 indubium
245 2571 327 2632 verti
352 2591 418 2632 non
444 2579 564 2653 posset.
601 2567 667 2633 Sed
691 2589 779 2648 mox,
804 2569 947 2634 instante
972 2570 1150 2653 praecipue

38 2659 125 2726 Petro
141 2664 184 2728 ab
197 2665 337 2747 Alliaco,
363 2666 518 2750 Synodus
542 2665 806 2730 Constantiensis
830 2664 871 2729 de
895 2666 1017 2728 Pisana
1041 2666 1152 2729 minus
1223 2687 1225 2693 ’

38 2760 167 2826 sollicita
203 2763 281 2845 fuit,
322 2774 354 2827 et
388 2785 608 2850 quaecunque
641 2773 719 2848 apta
755 2762 958 2827 videbantur
992 2761 1151 2827 adhibere

38 2863 142 2926 statuit
173 2862 296 2940 media,
334 2873 370 2924 nt
397 2862 440 2925 ad
471 2863 571 2926 finem
605 2865 835 2946 perveniretur
872 2871 1031 2945 optatum.
1085 2860 1152 2926 Sed

38 2954 123 3038 plura
156 2959 278 3024 deinde
303 2959 518 3024 Constantiae
547 2960 637 3023 facta
660 2969 739 3023 sunt
761 2959 871 3045 quoad
897 2959 1040 3023 Concilii
1071 2959 1151 3023 cele·

39 3051 212 3120 hrationem
244 3058 523 3142 praecedentibus
558 3058 763 3142 temporibus
799 3057 964 3138 inaudita,
998 3079 1087 3120 nova
1120 3066 1153 3120 et

38 3150 211 3235 illegitima.

119 3281 147 3344 ἵ.
197 3279 309 3360 Quum
341 3302 542 3366 permagnus
574 3279 704 3344 adesset
738 3301 896 3342 uumerus
930 3279 1151 3365 praelatorum

38 3372 186 3441 Italorum
211 3380 268 3464 qui
292 3379 416 3444 loanni
443 3378 564 3444 XXIII
588 3377 826 3459 adhaerebant,
851 3377 1151 3462 praeponderantia

39 3493 141 3538 eorum
174 3497 252 3540 mox
278 3479 379 3542 variis
412 3477 553 3541 decretis
578 3498 694 3540 eversa
723 3485 780 3542 est.
828 3475 1032 3560 Urgentibus
1063 3476 1151 3538 enim

40 3567 263 3638 Cardiualibns
287 3575 384 3638 Petro
410 3574 538 3639 Alliaco
564 3584 596 3638 et
620 3573 760 3638 Filastro
786 3595 862 3636 cum
887 3574 1003 3637 amicis
1028 3594 1151 3654 eorum,

40 3677 188 3734 statutum
204 3672 268 3736 fuit
293 3675 330 3736 1⁰
355 3673 401 3737 Ut
424 3695 490 3737 non
507 3671 612 3736 solum
631 3673 788 3757 episcopi,
813 3671 951 3735 abbates
966 3681 999 3734 et
1014 3669 1152 3755 praelati

108 3895 124 3964 ¹)
143 3893 183 3947 Ex
201 3893 245 3947 his
264 3893 348 3958 vides,
369 3893 508 3947 occasione
527 3881 800 3960 Concilii'iugentem
818 3891 856 3944 ihi
875 3891 1026 3946 confluxum
1046 3899 1074 3946 et
1092 3907 1152 3945 con·

41 3979 141 4026 rentum
159 3973 297 4027 hominum
308 3971 399 4039 inisse,
419 3979 448 4028 et
466 3973 546 4026 facile
566 3971 726 4040 explicatur,
746 3971 874 4038 quomodo
888 3987 919 4024 eo
933 3976 1051 4039 tempore
1070 3972 1152 4025 etiam

43 4051 104 4104 festa
120 4055 233 4121 prolana
252 4059 281 4107 et
299 4053 432 4107 nobilium
451 4059 640 4108 torneamenta
660 4052 769 4118 ludique
787 4052 950 4118 multiplices
968 4051 1054 4105 locum
1072 4051 1153 4105 habe-

41 4140 101 4196 rent,
118 4141 146 4190 ct
163 4135 251 4189 multa
269 4134 391 4188 accidere
409 4140 523 4202 possent
538 4133 653 4203 prolana
671 4139 701 4187 et
718 4133 806 4187 minus
825 4147 953 4202 congrua
978 4131 1033 4187 Cir.
1047 4131 1153 4196 Hercle,

42 4209 189 4274 o.c.v11,
210 4215 235 4286 ς.
257 4214 317 4269 749.
