<?xml version="1.0" encoding="UTF-8"?>
<!DOCTYPE html PUBLIC "-//W3C//DTD XHTML 1.0 Transitional//EN"
    "http://www.w3.org/TR/xhtml1/DTD/xhtml1-transitional.dtd">
<html xmlns="http://www.w3.org/1999/xhtml" xml:lang="en" lang="en">
 <head>
  <title>
</title>
<meta http-equiv="Content-Type" content="text/html;charset=utf-8" />
  <meta name='ocr-system' content='tesseract 3.04.00' />
  <meta name='ocr-capabilities' content='ocr_page ocr_carea ocr_par ocr_line ocrx_word'/>
</head>
<body>
  <div class='ocr_page' id='page_1' title='image "./dissertationess00junggoog_0136.png"; bbox 0 0 2916 4842; ppageno 0'>
   <div class='ocr_carea' id='block_1_1' title="bbox 279 470 1164 526">
    <p class='ocr_par' dir='ltr' id='par_1_1' title="bbox 279 470 1164 526">
     <span class='ocr_line' id='line_1_1' title="bbox 279 470 1164 526; baseline 0.002 -2"><span class='ocrx_word' id='word_1_1' title='bbox 279 471 366 526; x_wconf 84' lang='lat' dir='ltr'>bucta</span> <span class='ocrx_word' id='word_1_2' title='bbox 384 471 517 526; x_wconf 86' lang='lat' dir='ltr'>Frideriei</span> <span class='ocrx_word' id='word_1_3' title='bbox 535 471 546 524; x_wconf 95' lang='grc'>1</span> <span class='ocrx_word' id='word_1_4' title='bbox 565 479 660 525; x_wconf 88' lang='lat' dir='ltr'>eontra</span> <span class='ocrx_word' id='word_1_5' title='bbox 678 471 861 526; x_wconf 79' lang='lat' dir='ltr'><strong>Alexandrum</strong></span> <span class='ocrx_word' id='word_1_6' title='bbox 880 470 930 526; x_wconf 84' lang='lat'>111.</span> <span class='ocrx_word' id='word_1_7' title='bbox 1030 483 1033 490; x_wconf 79' lang='grc'>’</span> <span class='ocrx_word' id='word_1_8' title='bbox 1116 473 1164 526; x_wconf 80' lang='lat'>121</span> 
     </span>
    </p>
   </div>
   <div class='ocr_carea' id='block_1_2' title="bbox 54 613 1316 4030">
    <p class='ocr_par' dir='ltr' id='par_1_2' title="bbox 54 613 1316 4030">
     <span class='ocr_line' id='line_1_2' title="bbox 69 613 1316 720; baseline 0.001 -40"><span class='ocrx_word' id='word_1_9' title='bbox 69 632 155 680; x_wconf 75' lang='lat' dir='ltr'>sonae</span> <span class='ocrx_word' id='word_1_10' title='bbox 176 618 293 680; x_wconf 86' lang='lat' dir='ltr'>mentis</span> <span class='ocrx_word' id='word_1_11' title='bbox 316 625 386 680; x_wconf 88' lang='lat' dir='ltr'>erat</span> <span class='ocrx_word' id='word_1_12' title='bbox 410 624 443 680; x_wconf 92' lang='lat' dir='ltr'>et</span> <span class='ocrx_word' id='word_1_13' title='bbox 456 616 648 679; x_wconf 90' lang='lat' dir='ltr'>intentionis</span> <span class='ocrx_word' id='word_1_14' title='bbox 672 613 834 700; x_wconf 84' lang='lat' dir='ltr'>obliquae,</span> <span class='ocrx_word' id='word_1_15' title='bbox 860 617 905 678; x_wconf 84' lang='lat' dir='ltr'>ita</span> <span class='ocrx_word' id='word_1_16' title='bbox 921 637 962 677; x_wconf 88' lang='lat' dir='ltr'>ex</span> <span class='ocrx_word' id='word_1_17' title='bbox 978 625 1165 680; x_wconf 87' lang='lat' dir='ltr'>transverso</span> <span class='ocrx_word' id='word_1_18' title='bbox 1192 617 1316 720; x_wconf 51' lang='lat' dir='ltr'>{¹⁰wa</span> 
     </span>
     <span class='ocr_line' id='line_1_3' title="bbox 67 691 1314 800; baseline 0.002 -24"><span class='ocrx_word' id='word_1_19' title='bbox 67 729 92 776; x_wconf 84' lang='lat' dir='ltr'>et</span> <span class='ocrx_word' id='word_1_20' title='bbox 111 713 234 800; x_wconf 93' lang='lat' dir='ltr'>obliquo</span> <span class='ocrx_word' id='word_1_21' title='bbox 259 725 407 779; x_wconf 88' lang='lat' dir='ltr'>mantum</span> <span class='ocrx_word' id='word_1_22' title='bbox 432 713 495 778; x_wconf 88' lang='lat' dir='ltr'>fuit</span> <span class='ocrx_word' id='word_1_23' title='bbox 525 715 559 777; x_wconf 93' lang='lat' dir='ltr'>in</span> <span class='ocrx_word' id='word_1_24' title='bbox 582 713 807 778; x_wconf 89' lang='lat' dir='ltr'>testimonium</span> <span class='ocrx_word' id='word_1_25' title='bbox 840 735 919 776; x_wconf 84' lang='lat' dir='ltr'>suae</span> <span class='ocrx_word' id='word_1_26' title='bbox 944 704 1167 778; x_wconf 82' lang='lat' dir='ltr'>damnationis</span> <span class='ocrx_word' id='word_1_27' title='bbox 1211 691 1227 720; x_wconf 52' lang='grc' dir='ltr'><strong>ῃ</strong></span> <span class='ocrx_word' id='word_1_28' title='bbox 1246 691 1314 732; x_wconf 50' lang='grc' dir='ltr'>μμ</span> 
     </span>
     <span class='ocr_line' id='line_1_4' title="bbox 65 810 1166 896; baseline 0.002 -22"><span class='ocrx_word' id='word_1_29' title='bbox 65 813 210 877; x_wconf 87' lang='lat' dir='ltr'>indutum.</span> <span class='ocrx_word' id='word_1_30' title='bbox 239 813 315 891; x_wconf 84' lang='lat' dir='ltr'>Quo</span> <span class='ocrx_word' id='word_1_31' title='bbox 339 813 425 876; x_wconf 80' lang='lat' dir='ltr'>iacto</span> <span class='ocrx_word' id='word_1_32' title='bbox 449 821 563 896; x_wconf 87' lang='lat' dir='ltr'>portae</span> <span class='ocrx_word' id='word_1_33' title='bbox 587 810 756 892; x_wconf 87' lang='lat' dir='ltr'>ecclesiae,</span> <span class='ocrx_word' id='word_1_34' title='bbox 781 832 866 896; x_wconf 91' lang='lat' dir='ltr'>quae</span> <span class='ocrx_word' id='word_1_35' title='bbox 890 811 1039 875; x_wconf 85' lang='lat' dir='ltr'>firmatae</span> <span class='ocrx_word' id='word_1_36' title='bbox 1063 823 1166 895; x_wconf 91' lang='lat' dir='ltr'>erant,</span> 
     </span>
     <span class='ocr_line' id='line_1_5' title="bbox 62 910 1166 994; baseline 0.001 -22"><span class='ocrx_word' id='word_1_37' title='bbox 62 921 231 974; x_wconf 78' lang='lat' dir='ltr'>reserantur</span> <span class='ocrx_word' id='word_1_38' title='bbox 262 919 295 973; x_wconf 90' lang='lat' dir='ltr'>et</span> <span class='ocrx_word' id='word_1_39' title='bbox 317 931 483 974; x_wconf 86' lang='lat' dir='ltr'>armorum</span> <span class='ocrx_word' id='word_1_40' title='bbox 508 911 615 988; x_wconf 86' lang='lat' dir='ltr'>cunei,</span> <span class='ocrx_word' id='word_1_41' title='bbox 645 930 736 993; x_wconf 89' lang='lat' dir='ltr'>quos,</span> <span class='ocrx_word' id='word_1_42' title='bbox 770 910 855 972; x_wconf 89' lang='lat' dir='ltr'>sieut</span> <span class='ocrx_word' id='word_1_43' title='bbox 879 930 921 971; x_wconf 83' lang='lat' dir='ltr'>ex</span> <span class='ocrx_word' id='word_1_44' title='bbox 944 930 979 972; x_wconf 89' lang='lat' dir='ltr'>re</span> <span class='ocrx_word' id='word_1_45' title='bbox 1002 912 1166 994; x_wconf 87' lang='lat' dir='ltr'>apparuit,</span> 
     </span>
     <span class='ocr_line' id='line_1_6' title="bbox 61 1005 1167 1092; baseline 0.002 -22"><span class='ocrx_word' id='word_1_46' title='bbox 61 1011 205 1092; x_wconf 80' lang='lat' dir='ltr'>pecuniae</span> <span class='ocrx_word' id='word_1_47' title='bbox 228 1007 403 1090; x_wconf 83' lang='lat' dir='ltr'>largitione</span> <span class='ocrx_word' id='word_1_48' title='bbox 427 1006 642 1086; x_wconf 82' lang='lat' dir='ltr'>conduxerat,</span> <span class='ocrx_word' id='word_1_49' title='bbox 676 1015 902 1084; x_wconf 90' lang='lat' dir='ltr'>cucurrerunt,</span> <span class='ocrx_word' id='word_1_50' title='bbox 931 1016 964 1070; x_wconf 89' lang='lat' dir='ltr'>et</span> <span class='ocrx_word' id='word_1_51' title='bbox 986 1008 1087 1090; x_wconf 90' lang='lat' dir='ltr'>pestis</span> <span class='ocrx_word' id='word_1_52' title='bbox 1111 1005 1167 1072; x_wconf 91' lang='lat' dir='ltr'>illa</span> 
     </span>
     <span class='ocr_line' id='line_1_7' title="bbox 61 1087 1243 1190; baseline 0.001 -22"><span class='ocrx_word' id='word_1_53' title='bbox 61 1106 224 1184; x_wconf 85' lang='lat' dir='ltr'>mortifera,</span> <span class='ocrx_word' id='word_1_54' title='bbox 250 1108 327 1190; x_wconf 89' lang='lat' dir='ltr'>quia</span> <span class='ocrx_word' id='word_1_55' title='bbox 353 1104 537 1168; x_wconf 82' lang='lat' dir='ltr'>cardinales</span> <span class='ocrx_word' id='word_1_56' title='bbox 562 1113 594 1167; x_wconf 90' lang='lat' dir='ltr'>et</span> <span class='ocrx_word' id='word_1_57' title='bbox 610 1106 780 1189; x_wconf 90' lang='lat' dir='ltr'>episcopos</span> <span class='ocrx_word' id='word_1_58' title='bbox 804 1125 869 1168; x_wconf 92' lang='lat' dir='ltr'>non</span> <span class='ocrx_word' id='word_1_59' title='bbox 885 1103 1039 1184; x_wconf 88' lang='lat' dir='ltr'>habebat,</span> <span class='ocrx_word' id='word_1_60' title='bbox 1064 1127 1166 1169; x_wconf 88' lang='lat' dir='ltr'>arma·</span> <span class='ocrx_word' id='word_1_61' title='bbox 1237 1087 1243 1106; x_wconf 65' lang='grc'><em>’</em></span> 
     </span>
     <span class='ocr_line' id='line_1_8' title="bbox 58 1201 1167 1268; baseline 0.004 -4"><span class='ocrx_word' id='word_1_62' title='bbox 58 1215 152 1266; x_wconf 86' lang='lat' dir='ltr'>tomm</span> <span class='ocrx_word' id='word_1_63' title='bbox 176 1213 311 1267; x_wconf 88' lang='lat' dir='ltr'>caterva</span> <span class='ocrx_word' id='word_1_64' title='bbox 334 1202 476 1266; x_wconf 84' lang='lat' dir='ltr'>rnilitum</span> <span class='ocrx_word' id='word_1_65' title='bbox 500 1201 696 1266; x_wconf 88' lang='lat' dir='ltr'>vallabatur.</span> <span class='ocrx_word' id='word_1_66' title='bbox 731 1252 738 1264; x_wconf 95' lang='lat'>.</span> <span class='ocrx_word' id='word_1_67' title='bbox 765 1252 772 1265; x_wconf 93' lang='lat'><strong>.</strong></span> <span class='ocrx_word' id='word_1_68' title='bbox 798 1253 805 1267; x_wconf 94' lang='lat'>.</span> <span class='ocrx_word' id='word_1_69' title='bbox 842 1203 972 1266; x_wconf 78' lang='lat' dir='ltr'>Fratres</span> <span class='ocrx_word' id='word_1_70' title='bbox 996 1223 1074 1266; x_wconf 86' lang='lat' dir='ltr'>vero</span> <span class='ocrx_word' id='word_1_71' title='bbox 1099 1213 1167 1268; x_wconf 87' lang='lat' dir='ltr'>tam</span> 
     </span>
     <span class='ocr_line' id='line_1_9' title="bbox 57 1299 1168 1386; baseline 0.004 -24"><span class='ocrx_word' id='word_1_72' title='bbox 57 1303 240 1364; x_wconf 88' lang='lat' dir='ltr'>immensum</span> <span class='ocrx_word' id='word_1_73' title='bbox 277 1299 407 1364; x_wconf 87' lang='lat' dir='ltr'>facinus</span> <span class='ocrx_word' id='word_1_74' title='bbox 430 1312 462 1364; x_wconf 90' lang='lat' dir='ltr'>et</span> <span class='ocrx_word' id='word_1_75' title='bbox 484 1301 673 1364; x_wconf 89' lang='lat' dir='ltr'>inauditum</span> <span class='ocrx_word' id='word_1_76' title='bbox 703 1323 745 1364; x_wconf 83' lang='lat' dir='ltr'>ex</span> <span class='ocrx_word' id='word_1_77' title='bbox 770 1303 936 1386; x_wconf 85' lang='lat' dir='ltr'>insperato</span> <span class='ocrx_word' id='word_1_78' title='bbox 961 1300 1111 1366; x_wconf 89' lang='lat' dir='ltr'>videntes</span> <span class='ocrx_word' id='word_1_79' title='bbox 1135 1312 1168 1366; x_wconf 93' lang='lat' dir='ltr'>et</span> 
     </span>
     <span class='ocr_line' id='line_1_10' title="bbox 56 1397 1167 1479; baseline 0.004 -19"><span class='ocrx_word' id='word_1_80' title='bbox 56 1398 271 1478; x_wconf 75' lang='lat' dir='ltr'>formidantes,</span> <span class='ocrx_word' id='word_1_81' title='bbox 301 1419 343 1461; x_wconf 93' lang='lat' dir='ltr'>ne</span> <span class='ocrx_word' id='word_1_82' title='bbox 367 1421 386 1460; x_wconf 90' lang='lat' dir='ltr'>a</span> <span class='ocrx_word' id='word_1_83' title='bbox 411 1398 623 1462; x_wconf 80' lang='lat' dir='ltr'>conductitiis</span> <span class='ocrx_word' id='word_1_84' title='bbox 648 1397 808 1462; x_wconf 86' lang='lat' dir='ltr'>militibus</span> <span class='ocrx_word' id='word_1_85' title='bbox 832 1408 1072 1479; x_wconf 86' lang='lat' dir='ltr'>truncarentur,</span> <span class='ocrx_word' id='word_1_86' title='bbox 1097 1421 1167 1464; x_wconf 89' lang='lat' dir='ltr'>sese</span> 
     </span>
     <span class='ocr_line' id='line_1_11' title="bbox 57 1494 1167 1582; baseline 0.005 -25"><span class='ocrx_word' id='word_1_87' title='bbox 57 1497 83 1558; x_wconf 91' lang='lat' dir='ltr'>in</span> <span class='ocrx_word' id='word_1_88' title='bbox 99 1498 281 1559; x_wconf 88' lang='lat' dir='ltr'>munitione</span> <span class='ocrx_word' id='word_1_89' title='bbox 299 1494 456 1558; x_wconf 86' lang='lat' dir='ltr'>ecclesiae</span> <span class='ocrx_word' id='word_1_90' title='bbox 481 1495 653 1558; x_wconf 88' lang='lat' dir='ltr'>nobiseum</span> <span class='ocrx_word' id='word_1_91' title='bbox 679 1498 802 1581; x_wconf 86' lang='lat' dir='ltr'>pariter</span> <span class='ocrx_word' id='word_1_92' title='bbox 824 1506 1029 1582; x_wconf 88' lang='lat' dir='ltr'>receperunt,</span> <span class='ocrx_word' id='word_1_93' title='bbox 1054 1496 1167 1582; x_wconf 86' lang='lat' dir='ltr'>ibique</span> 
     </span>
     <span class='ocr_line' id='line_1_12' title="bbox 57 1592 1166 1678; baseline 0.004 -23"><span class='ocrx_word' id='word_1_94' title='bbox 57 1615 161 1656; x_wconf 82' lang='lat' dir='ltr'>uorem</span> <span class='ocrx_word' id='word_1_95' title='bbox 188 1592 309 1657; x_wconf 91' lang='lat' dir='ltr'>diebus</span> <span class='ocrx_word' id='word_1_96' title='bbox 334 1595 509 1674; x_wconf 84' lang='lat' dir='ltr'>continuis,</span> <span class='ocrx_word' id='word_1_97' title='bbox 534 1615 576 1656; x_wconf 92' lang='lat' dir='ltr'>ne</span> <span class='ocrx_word' id='word_1_98' title='bbox 600 1592 677 1657; x_wconf 91' lang='lat' dir='ltr'>inde</span> <span class='ocrx_word' id='word_1_99' title='bbox 702 1595 877 1678; x_wconf 84' lang='lat' dir='ltr'>exiremus,</span> <span class='ocrx_word' id='word_1_100' title='bbox 906 1594 986 1657; x_wconf 85' lang='lat' dir='ltr'>fecit</span> <span class='ocrx_word' id='word_1_101' title='bbox 1008 1616 1067 1658; x_wconf 91' lang='lat' dir='ltr'>nos</span> <span class='ocrx_word' id='word_1_102' title='bbox 1091 1593 1166 1677; x_wconf 79' lang='lat' dir='ltr'>(Oe</span> 
     </span>
     <span class='ocr_line' id='line_1_13' title="bbox 57 1691 1168 1777; baseline 0.005 -25"><span class='ocrx_word' id='word_1_103' title='bbox 57 1695 208 1772; x_wconf 77' lang='lat' dir='ltr'>arianus)</span> <span class='ocrx_word' id='word_1_104' title='bbox 245 1691 463 1776; x_wconf 89' lang='lat' dir='ltr'>quorumdam</span> <span class='ocrx_word' id='word_1_105' title='bbox 496 1700 684 1755; x_wconf 88' lang='lat' dir='ltr'>senatorum</span> <span class='ocrx_word' id='word_1_106' title='bbox 718 1713 867 1772; x_wconf 90' lang='lat' dir='ltr'>assensu,</span> <span class='ocrx_word' id='word_1_107' title='bbox 908 1714 990 1777; x_wconf 93' lang='lat' dir='ltr'>qnos</span> <span class='ocrx_word' id='word_1_108' title='bbox 1024 1695 1168 1777; x_wconf 89' lang='lat' dir='ltr'>pecunia</span> 
     </span>
     <span class='ocr_line' id='line_1_14' title="bbox 56 1789 1166 1874; baseline 0.002 -23"><span class='ocrx_word' id='word_1_109' title='bbox 56 1789 151 1852; x_wconf 87' lang='lat' dir='ltr'>oblata</span> <span class='ocrx_word' id='word_1_110' title='bbox 182 1799 385 1873; x_wconf 85' lang='lat' dir='ltr'>corruperat,</span> <span class='ocrx_word' id='word_1_111' title='bbox 416 1789 470 1852; x_wconf 90' lang='lat' dir='ltr'>die</span> <span class='ocrx_word' id='word_1_112' title='bbox 494 1799 660 1874; x_wconf 88' lang='lat' dir='ltr'>noctuque</span> <span class='ocrx_word' id='word_1_113' title='bbox 684 1801 811 1854; x_wconf 84' lang='lat' dir='ltr'>armata</span> <span class='ocrx_word' id='word_1_114' title='bbox 841 1811 941 1854; x_wconf 89' lang='lat' dir='ltr'>manu</span> <span class='ocrx_word' id='word_1_115' title='bbox 975 1811 1051 1852; x_wconf 90' lang='lat' dir='ltr'>cum</span> <span class='ocrx_word' id='word_1_116' title='bbox 1076 1792 1166 1854; x_wconf 91' lang='lat' dir='ltr'>omni</span> 
     </span>
     <span class='ocr_line' id='line_1_15' title="bbox 55 1883 1168 1973; baseline 0.007 -29"><span class='ocrx_word' id='word_1_117' title='bbox 55 1887 215 1968; x_wconf 81' lang='lat' dir='ltr'>diligentia</span> <span class='ocrx_word' id='word_1_118' title='bbox 254 1887 423 1952; x_wconf 87' lang='lat' dir='ltr'>custodiri.</span> <span class='ocrx_word' id='word_1_119' title='bbox 470 1883 557 1950; x_wconf 86' lang='lat' dir='ltr'>Sane</span> <span class='ocrx_word' id='word_1_120' title='bbox 595 1886 716 1972; x_wconf 89' lang='lat' dir='ltr'>populo</span> <span class='ocrx_word' id='word_1_121' title='bbox 751 1890 955 1952; x_wconf 83' lang='lat' dir='ltr'>incessanter</span> <span class='ocrx_word' id='word_1_122' title='bbox 985 1897 1016 1952; x_wconf 89' lang='lat' dir='ltr'>et</span> <span class='ocrx_word' id='word_1_123' title='bbox 1041 1889 1168 1973; x_wconf 88' lang='lat' dir='ltr'>jugiter</span> 
     </span>
     <span class='ocr_line' id='line_1_16' title="bbox 55 1986 1166 2071; baseline 0.003 -25"><span class='ocrx_word' id='word_1_124' title='bbox 55 1986 250 2050; x_wconf 82' lang='lat' dir='ltr'>acclamante</span> <span class='ocrx_word' id='word_1_125' title='bbox 273 1988 362 2048; x_wconf 90' lang='lat' dir='ltr'>etin</span> <span class='ocrx_word' id='word_1_126' title='bbox 388 1997 554 2049; x_wconf 87' lang='lat' dir='ltr'>senatores</span> <span class='ocrx_word' id='word_1_127' title='bbox 578 2007 636 2071; x_wconf 91' lang='lat' dir='ltr'>pro</span> <span class='ocrx_word' id='word_1_128' title='bbox 661 1996 753 2048; x_wconf 89' lang='lat' dir='ltr'>tanta</span> <span class='ocrx_word' id='word_1_129' title='bbox 777 1986 946 2071; x_wconf 83' lang='lat' dir='ltr'>impietate</span> <span class='ocrx_word' id='word_1_130' title='bbox 976 1986 1078 2050; x_wconf 89' lang='lat' dir='ltr'>multa</span> <span class='ocrx_word' id='word_1_131' title='bbox 1109 1989 1166 2049; x_wconf 91' lang='lat' dir='ltr'>im-</span> 
     </span>
     <span class='ocr_line' id='line_1_17' title="bbox 57 2083 1166 2166; baseline 0.004 -22"><span class='ocrx_word' id='word_1_132' title='bbox 57 2087 201 2147; x_wconf 85' lang='lat' dir='ltr'>manitate</span> <span class='ocrx_word' id='word_1_133' title='bbox 232 2084 411 2166; x_wconf 85' lang='lat' dir='ltr'>fremente,</span> <span class='ocrx_word' id='word_1_134' title='bbox 444 2084 566 2147; x_wconf 85' lang='lat' dir='ltr'>fuimus</span> <span class='ocrx_word' id='word_1_135' title='bbox 602 2084 642 2147; x_wconf 89' lang='lat' dir='ltr'>de</span> <span class='ocrx_word' id='word_1_136' title='bbox 674 2083 824 2148; x_wconf 88' lang='lat' dir='ltr'>custodia</span> <span class='ocrx_word' id='word_1_137' title='bbox 854 2083 943 2148; x_wconf 84' lang='lat' dir='ltr'>illius</span> <span class='ocrx_word' id='word_1_138' title='bbox 972 2087 1166 2148; x_wconf 89' lang='lat' dir='ltr'>munitionis</span> 
     </span>
     <span class='ocr_line' id='line_1_18' title="bbox 56 2180 1166 2267; baseline 0.005 -26"><span class='ocrx_word' id='word_1_139' title='bbox 56 2186 155 2267; x_wconf 77' lang='lat' dir='ltr'>erepti,</span> <span class='ocrx_word' id='word_1_140' title='bbox 187 2183 246 2246; x_wconf 89' lang='lat' dir='ltr'>sed</span> <span class='ocrx_word' id='word_1_141' title='bbox 279 2183 313 2244; x_wconf 93' lang='lat' dir='ltr'>in</span> <span class='ocrx_word' id='word_1_142' title='bbox 342 2183 474 2245; x_wconf 89' lang='lat' dir='ltr'>arctiori</span> <span class='ocrx_word' id='word_1_143' title='bbox 507 2192 538 2245; x_wconf 91' lang='lat' dir='ltr'>ct</span> <span class='ocrx_word' id='word_1_144' title='bbox 568 2183 680 2246; x_wconf 89' lang='lat' dir='ltr'>tutiori</span> <span class='ocrx_word' id='word_1_145' title='bbox 708 2180 780 2246; x_wconf 89' lang='lat' dir='ltr'>loco</span> <span class='ocrx_word' id='word_1_146' title='bbox 809 2191 900 2246; x_wconf 90' lang='lat' dir='ltr'>trans</span> <span class='ocrx_word' id='word_1_147' title='bbox 923 2180 1082 2264; x_wconf 84' lang='lat' dir='ltr'>Tyberim</span> <span class='ocrx_word' id='word_1_148' title='bbox 1107 2203 1166 2246; x_wconf 92' lang='lat' dir='ltr'>nos</span> 
     </span>
     <span class='ocr_line' id='line_1_19' title="bbox 58 2278 1165 2365; baseline 0.004 -26"><span class='ocrx_word' id='word_1_149' title='bbox 58 2279 141 2344; x_wconf 85' lang='lat' dir='ltr'>iidem</span> <span class='ocrx_word' id='word_1_150' title='bbox 165 2290 343 2360; x_wconf 87' lang='lat' dir='ltr'>senatores,</span> <span class='ocrx_word' id='word_1_151' title='bbox 367 2290 500 2364; x_wconf 88' lang='lat' dir='ltr'>recepta</span> <span class='ocrx_word' id='word_1_152' title='bbox 523 2278 602 2343; x_wconf 92' lang='lat' dir='ltr'>inde</span> <span class='ocrx_word' id='word_1_153' title='bbox 625 2281 777 2364; x_wconf 86' lang='lat' dir='ltr'>pecunia,</span> <span class='ocrx_word' id='word_1_154' title='bbox 803 2289 992 2365; x_wconf 90' lang='lat' dir='ltr'>posuerunt.</span> <span class='ocrx_word' id='word_1_155' title='bbox 1041 2279 1165 2360; x_wconf 79' lang='lat' dir='ltr'>Quum-</span> 
     </span>
     <span class='ocr_line' id='line_1_20' title="bbox 57 2377 1164 2462; baseline 0.004 -25"><span class='ocrx_word' id='word_1_156' title='bbox 57 2397 105 2458; x_wconf 88' lang='lat' dir='ltr'>que</span> <span class='ocrx_word' id='word_1_157' title='bbox 136 2399 263 2442; x_wconf 88' lang='lat' dir='ltr'>moram</span> <span class='ocrx_word' id='word_1_158' title='bbox 288 2378 334 2440; x_wconf 92' lang='lat' dir='ltr'>ibi</span> <span class='ocrx_word' id='word_1_159' title='bbox 360 2378 544 2457; x_wconf 80' lang='lat' dir='ltr'>fecerimus,</span> <span class='ocrx_word' id='word_1_160' title='bbox 579 2379 735 2441; x_wconf 89' lang='lat' dir='ltr'>universo</span> <span class='ocrx_word' id='word_1_161' title='bbox 759 2377 881 2462; x_wconf 89' lang='lat' dir='ltr'>populo</span> <span class='ocrx_word' id='word_1_162' title='bbox 906 2387 1041 2442; x_wconf 84' lang='lat' dir='ltr'>tanturn.</span> <span class='ocrx_word' id='word_1_163' title='bbox 1057 2377 1164 2462; x_wconf 90' lang='lat' dir='ltr'>prodi·</span> 
     </span>
     <span class='ocr_line' id='line_1_21' title="bbox 55 2474 1164 2560; baseline 0.005 -28"><span class='ocrx_word' id='word_1_164' title='bbox 55 2475 163 2540; x_wconf 78' lang='lat' dir='ltr'>tionem</span> <span class='ocrx_word' id='word_1_165' title='bbox 195 2487 294 2560; x_wconf 89' lang='lat' dir='ltr'>atque</span> <span class='ocrx_word' id='word_1_166' title='bbox 328 2475 488 2538; x_wconf 84' lang='lat' dir='ltr'>malitiam</span> <span class='ocrx_word' id='word_1_167' title='bbox 521 2474 562 2538; x_wconf 92' lang='lat' dir='ltr'>de</span> <span class='ocrx_word' id='word_1_168' title='bbox 594 2484 723 2538; x_wconf 89' lang='lat' dir='ltr'>caetero</span> <span class='ocrx_word' id='word_1_169' title='bbox 752 2475 939 2539; x_wconf 91' lang='lat' dir='ltr'>nullatenus</span> <span class='ocrx_word' id='word_1_170' title='bbox 973 2477 1164 2553; x_wconf 87' lang='lat' dir='ltr'>sustinente,</span> 
     </span>
     <span class='ocr_line' id='line_1_22' title="bbox 54 2565 1165 2657; baseline 0.007 -27"><span class='ocrx_word' id='word_1_171' title='bbox 54 2587 205 2638; x_wconf 79' lang='lat' dir='ltr'>senatores</span> <span class='ocrx_word' id='word_1_172' title='bbox 229 2595 305 2636; x_wconf 90' lang='lat' dir='ltr'>cum</span> <span class='ocrx_word' id='word_1_173' title='bbox 330 2571 498 2636; x_wconf 90' lang='lat' dir='ltr'>nobilibus</span> <span class='ocrx_word' id='word_1_174' title='bbox 522 2565 554 2636; x_wconf 87' lang='lat' dir='ltr'>et</span> <span class='ocrx_word' id='word_1_175' title='bbox 577 2571 699 2657; x_wconf 92' lang='lat' dir='ltr'>populo</span> <span class='ocrx_word' id='word_1_176' title='bbox 716 2575 887 2636; x_wconf 84' lang='lat' dir='ltr'>venientes</span> <span class='ocrx_word' id='word_1_177' title='bbox 911 2594 969 2637; x_wconf 91' lang='lat' dir='ltr'>nos</span> <span class='ocrx_word' id='word_1_178' title='bbox 993 2585 1026 2637; x_wconf 89' lang='lat' dir='ltr'>et</span> <span class='ocrx_word' id='word_1_179' title='bbox 1048 2573 1165 2639; x_wconf 86' lang='lat' dir='ltr'>fratres</span> 
     </span>
     <span class='ocr_line' id='line_1_23' title="bbox 56 2669 1164 2756; baseline 0.004 -25"><span class='ocrx_word' id='word_1_180' title='bbox 56 2689 166 2734; x_wconf 79' lang='lat' dir='ltr'>nostros</span> <span class='ocrx_word' id='word_1_181' title='bbox 197 2693 257 2756; x_wconf 91' lang='lat' dir='ltr'>per</span> <span class='ocrx_word' id='word_1_182' title='bbox 286 2669 402 2734; x_wconf 91' lang='lat' dir='ltr'>urbem</span> <span class='ocrx_word' id='word_1_183' title='bbox 433 2671 609 2756; x_wconf 85' lang='lat' dir='ltr'>magnifice</span> <span class='ocrx_word' id='word_1_184' title='bbox 634 2680 666 2734; x_wconf 90' lang='lat' dir='ltr'>et</span> <span class='ocrx_word' id='word_1_185' title='bbox 690 2669 870 2734; x_wconf 86' lang='lat' dir='ltr'>honorilice</span> <span class='ocrx_word' id='word_1_186' title='bbox 893 2693 969 2734; x_wconf 91' lang='lat' dir='ltr'>eum</span> <span class='ocrx_word' id='word_1_187' title='bbox 994 2673 1164 2736; x_wconf 86' lang='lat' dir='ltr'>immensis</span> 
     </span>
     <span class='ocr_line' id='line_1_24' title="bbox 54 2765 1163 2854; baseline 0.005 -26"><span class='ocrx_word' id='word_1_188' title='bbox 54 2765 193 2832; x_wconf 74' lang='lat' dir='ltr'>laudibus</span> <span class='ocrx_word' id='word_1_189' title='bbox 217 2780 252 2830; x_wconf 90' lang='lat' dir='ltr'>et</span> <span class='ocrx_word' id='word_1_190' title='bbox 274 2770 469 2854; x_wconf 80' lang='lat' dir='ltr'>praeconiis,</span> <span class='ocrx_word' id='word_1_191' title='bbox 501 2770 672 2853; x_wconf 89' lang='lat' dir='ltr'>campanis</span> <span class='ocrx_word' id='word_1_192' title='bbox 697 2771 797 2832; x_wconf 88' lang='lat' dir='ltr'>etiam</span> <span class='ocrx_word' id='word_1_193' title='bbox 831 2770 863 2832; x_wconf 91' lang='lat' dir='ltr'>in</span> <span class='ocrx_word' id='word_1_194' title='bbox 888 2770 1027 2832; x_wconf 87' lang='lat' dir='ltr'>transitu</span> <span class='ocrx_word' id='word_1_195' title='bbox 1053 2779 1163 2834; x_wconf 90' lang='lat' dir='ltr'>nostro</span> 
     </span>
     <span class='ocr_line' id='line_1_25' title="bbox 56 2863 1162 2952; baseline 0.003 -26"><span class='ocrx_word' id='word_1_196' title='bbox 56 2863 162 2950; x_wconf 88' lang='lat' dir='ltr'>ubique</span> <span class='ocrx_word' id='word_1_197' title='bbox 186 2864 406 2952; x_wconf 85' lang='lat' dir='ltr'>pulsantibus,</span> <span class='ocrx_word' id='word_1_198' title='bbox 433 2865 675 2930; x_wconf 85' lang='lat' dir='ltr'>conduxerunt.</span> <span class='ocrx_word' id='word_1_199' title='bbox 711 2866 755 2930; x_wconf 88' lang='lat' dir='ltr'>Et</span> <span class='ocrx_word' id='word_1_200' title='bbox 778 2867 825 2929; x_wconf 91' lang='lat' dir='ltr'>sie</span> <span class='ocrx_word' id='word_1_201' title='bbox 849 2864 982 2929; x_wconf 87' lang='lat' dir='ltr'>tandem</span> <span class='ocrx_word' id='word_1_202' title='bbox 1007 2889 1026 2928; x_wconf 89' lang='lat' dir='ltr'>a</span> <span class='ocrx_word' id='word_1_203' title='bbox 1041 2865 1162 2930; x_wconf 90' lang='lat' dir='ltr'>violen-</span> 
     </span>
     <span class='ocr_line' id='line_1_26' title="bbox 54 2963 1162 3050; baseline 0.007 -28"><span class='ocrx_word' id='word_1_204' title='bbox 54 2963 90 3024; x_wconf 80' lang='lat' dir='ltr'>tia</span> <span class='ocrx_word' id='word_1_205' title='bbox 112 2966 352 3048; x_wconf 85' lang='lat' dir='ltr'>persecutionis</span> <span class='ocrx_word' id='word_1_206' title='bbox 368 2966 483 3049; x_wconf 88' lang='lat' dir='ltr'>erepti,</span> <span class='ocrx_word' id='word_1_207' title='bbox 509 2975 542 3028; x_wconf 90' lang='lat' dir='ltr'>et</span> <span class='ocrx_word' id='word_1_208' title='bbox 557 2977 688 3028; x_wconf 87' lang='lat' dir='ltr'>nostrae</span> <span class='ocrx_word' id='word_1_209' title='bbox 703 2965 826 3029; x_wconf 88' lang='lat' dir='ltr'>redditi</span> <span class='ocrx_word' id='word_1_210' title='bbox 839 2963 994 3047; x_wconf 83' lang='lat' dir='ltr'>libertati,</span> <span class='ocrx_word' id='word_1_211' title='bbox 1012 2968 1162 3050; x_wconf 86' lang='lat' dir='ltr'>sequenti</span> 
     </span>
     <span class='ocr_line' id='line_1_27' title="bbox 55 3059 1162 3147; baseline 0.007 -27"><span class='ocrx_word' id='word_1_212' title='bbox 55 3060 98 3123; x_wconf 89' lang='lat' dir='ltr'>die</span> <span class='ocrx_word' id='word_1_213' title='bbox 119 3061 296 3142; x_wconf 86' lang='lat' dir='ltr'>dominico,</span> <span class='ocrx_word' id='word_1_214' title='bbox 326 3063 574 3128; x_wconf 84' lang='lat' dir='ltr'>venerabilibus</span> <span class='ocrx_word' id='word_1_215' title='bbox 599 3063 756 3128; x_wconf 89' lang='lat' dir='ltr'>fratribus</span> <span class='ocrx_word' id='word_1_216' title='bbox 780 3065 899 3129; x_wconf 88' lang='lat' dir='ltr'>uostris</span> <span class='ocrx_word' id='word_1_217' title='bbox 924 3059 1083 3147; x_wconf 85' lang='lat' dir='ltr'>Gregorio</span> <span class='ocrx_word' id='word_1_218' title='bbox 1108 3063 1162 3130; x_wconf 85' lang='lat' dir='ltr'>Sa·</span> 
     </span>
     <span class='ocr_line' id='line_1_28' title="bbox 56 3157 1163 3241; baseline 0.006 -22"><span class='ocrx_word' id='word_1_219' title='bbox 56 3157 178 3240; x_wconf 86' lang='lat' dir='ltr'>binensi,</span> <span class='ocrx_word' id='word_1_220' title='bbox 210 3159 370 3226; x_wconf 88' lang='lat' dir='ltr'>Hubaldo</span> <span class='ocrx_word' id='word_1_221' title='bbox 395 3161 551 3240; x_wconf 89' lang='lat' dir='ltr'>Ostiensi,</span> <span class='ocrx_word' id='word_1_222' title='bbox 585 3161 755 3225; x_wconf 85' lang='lat' dir='ltr'>Bernardo</span> <span class='ocrx_word' id='word_1_223' title='bbox 780 3163 962 3241; x_wconf 89' lang='lat' dir='ltr'>Portuensi,</span> <span class='ocrx_word' id='word_1_224' title='bbox 992 3160 1163 3227; x_wconf 86' lang='lat' dir='ltr'>Gualterio</span> 
     </span>
     <span class='ocr_line' id='line_1_29' title="bbox 57 3255 1163 3344; baseline 0.009 -29"><span class='ocrx_word' id='word_1_225' title='bbox 57 3255 233 3338; x_wconf 74' lang='lat' dir='ltr'>libanensi,</span> <span class='ocrx_word' id='word_1_226' title='bbox 258 3257 413 3323; x_wconf 89' lang='lat' dir='ltr'>Johanne</span> <span class='ocrx_word' id='word_1_227' title='bbox 438 3258 576 3343; x_wconf 87' lang='lat' dir='ltr'>Signino</span> <span class='ocrx_word' id='word_1_228' title='bbox 602 3273 634 3322; x_wconf 90' lang='lat' dir='ltr'>et</span> <span class='ocrx_word' id='word_1_229' title='bbox 657 3259 802 3324; x_wconf 90' lang='lat' dir='ltr'>Berardo</span> <span class='ocrx_word' id='word_1_230' title='bbox 826 3259 1055 3324; x_wconf 79' lang='lat' dir='ltr'>Tarracinensi</span> <span class='ocrx_word' id='word_1_231' title='bbox 1081 3262 1163 3344; x_wconf 91' lang='lat' dir='ltr'>epis·</span> 
     </span>
     <span class='ocr_line' id='line_1_30' title="bbox 58 3355 1162 3443; baseline 0.009 -30"><span class='ocrx_word' id='word_1_232' title='bbox 58 3357 140 3439; x_wconf 83' lang='lat' dir='ltr'>copis,</span> <span class='ocrx_word' id='word_1_233' title='bbox 171 3355 398 3420; x_wconf 88' lang='lat' dir='ltr'>cardinalibus</span> <span class='ocrx_word' id='word_1_234' title='bbox 427 3378 559 3442; x_wconf 92' lang='lat' dir='ltr'>quoque</span> <span class='ocrx_word' id='word_1_235' title='bbox 583 3368 616 3420; x_wconf 90' lang='lat' dir='ltr'>et</span> <span class='ocrx_word' id='word_1_236' title='bbox 638 3356 825 3439; x_wconf 87' lang='lat' dir='ltr'>abbatibus,</span> <span class='ocrx_word' id='word_1_237' title='bbox 857 3358 1024 3443; x_wconf 92' lang='lat' dir='ltr'>prioribus</span> <span class='ocrx_word' id='word_1_238' title='bbox 1042 3358 1162 3442; x_wconf 89' lang='lat' dir='ltr'>judici-</span> 
     </span>
     <span class='ocr_line' id='line_1_31' title="bbox 60 3449 1162 3540; baseline 0.004 -24"><span class='ocrx_word' id='word_1_239' title='bbox 60 3449 114 3532; x_wconf 86' lang='lat' dir='ltr'>bus,</span> <span class='ocrx_word' id='word_1_240' title='bbox 135 3455 317 3538; x_wconf 81' lang='lat' dir='ltr'>adrocatis,</span> <span class='ocrx_word' id='word_1_241' title='bbox 341 3456 533 3536; x_wconf 90' lang='lat' dir='ltr'>scriniariis,</span> <span class='ocrx_word' id='word_1_242' title='bbox 557 3456 745 3540; x_wconf 89' lang='lat' dir='ltr'>primicerio</span> <span class='ocrx_word' id='word_1_243' title='bbox 766 3466 798 3520; x_wconf 88' lang='lat' dir='ltr'>et</span> <span class='ocrx_word' id='word_1_244' title='bbox 813 3454 944 3520; x_wconf 88' lang='lat' dir='ltr'>scholae</span> <span class='ocrx_word' id='word_1_245' title='bbox 961 3456 1162 3539; x_wconf 88' lang='lat' dir='ltr'>cantoribus,</span> 
     </span>
     <span class='ocr_line' id='line_1_32' title="bbox 60 3549 1161 3640; baseline 0.009 -31"><span class='ocrx_word' id='word_1_246' title='bbox 60 3549 205 3616; x_wconf 87' lang='lat' dir='ltr'>nobilibus</span> <span class='ocrx_word' id='word_1_247' title='bbox 240 3554 340 3616; x_wconf 91' lang='lat' dir='ltr'>etiam</span> <span class='ocrx_word' id='word_1_248' title='bbox 359 3562 404 3616; x_wconf 70' lang='lat' dir='ltr'>&#39;et</span> <span class='ocrx_word' id='word_1_249' title='bbox 436 3552 579 3637; x_wconf 88' lang='lat' dir='ltr'>quadam</span> <span class='ocrx_word' id='word_1_250' title='bbox 616 3564 709 3638; x_wconf 89' lang='lat' dir='ltr'>parte</span> <span class='ocrx_word' id='word_1_251' title='bbox 738 3555 778 3618; x_wconf 90' lang='lat' dir='ltr'>de</span> <span class='ocrx_word' id='word_1_252' title='bbox 802 3553 922 3638; x_wconf 92' lang='lat' dir='ltr'>populo</span> <span class='ocrx_word' id='word_1_253' title='bbox 948 3554 1049 3619; x_wconf 90' lang='lat' dir='ltr'>Urbis</span> <span class='ocrx_word' id='word_1_254' title='bbox 1072 3555 1161 3640; x_wconf 89' lang='lat' dir='ltr'>apud</span> 
     </span>
     <span class='ocr_line' id='line_1_33' title="bbox 61 3643 1161 3737; baseline 0.005 -26"><span class='ocrx_word' id='word_1_255' title='bbox 61 3643 239 3734; x_wconf 74' lang='lat' dir='ltr'>lympham,</span> <span class='ocrx_word' id='word_1_256' title='bbox 264 3671 331 3715; x_wconf 91' lang='lat' dir='ltr'>non</span> <span class='ocrx_word' id='word_1_257' title='bbox 355 3648 452 3733; x_wconf 87' lang='lat' dir='ltr'>longe</span> <span class='ocrx_word' id='word_1_258' title='bbox 475 3649 518 3713; x_wconf 90' lang='lat' dir='ltr'>ab</span> <span class='ocrx_word' id='word_1_259' title='bbox 545 3649 644 3730; x_wconf 88' lang='lat' dir='ltr'>Urbe,</span> <span class='ocrx_word' id='word_1_260' title='bbox 671 3653 704 3714; x_wconf 93' lang='lat' dir='ltr'>in</span> <span class='ocrx_word' id='word_1_261' title='bbox 729 3650 825 3715; x_wconf 86' lang='lat' dir='ltr'>simul</span> <span class='ocrx_word' id='word_1_262' title='bbox 851 3653 1068 3737; x_wconf 85' lang='lat' dir='ltr'>cougregatis,</span> <span class='ocrx_word' id='word_1_263' title='bbox 1094 3674 1161 3716; x_wconf 91' lang='lat' dir='ltr'>mu·</span> 
     </span>
     <span class='ocr_line' id='line_1_34' title="bbox 63 3749 1162 3834; baseline 0.01 -31"><span class='ocrx_word' id='word_1_264' title='bbox 63 3765 109 3806; x_wconf 86' lang='lat' dir='ltr'>nus</span> <span class='ocrx_word' id='word_1_265' title='bbox 129 3750 382 3812; x_wconf 85' lang='lat' dir='ltr'>consecrationis</span> <span class='ocrx_word' id='word_1_266' title='bbox 407 3751 608 3834; x_wconf 88' lang='lat' dir='ltr'>accepimus,</span> <span class='ocrx_word' id='word_1_267' title='bbox 634 3761 667 3812; x_wconf 90' lang='lat' dir='ltr'>et</span> <span class='ocrx_word' id='word_1_268' title='bbox 682 3750 767 3812; x_wconf 86' lang='lat' dir='ltr'>sicut</span> <span class='ocrx_word' id='word_1_269' title='bbox 791 3751 823 3812; x_wconf 93' lang='lat' dir='ltr'>in</span> <span class='ocrx_word' id='word_1_270' title='bbox 849 3749 1000 3814; x_wconf 83' lang='lat' dir='ltr'>Romana</span> <span class='ocrx_word' id='word_1_271' title='bbox 1023 3750 1162 3814; x_wconf 90' lang='lat' dir='ltr'>ecclesia</span> 
     </span>
     <span class='ocr_line' id='line_1_35' title="bbox 64 3845 1161 3933; baseline 0.008 -30"><span class='ocrx_word' id='word_1_272' title='bbox 64 3845 288 3909; x_wconf 76' lang='lat' dir='ltr'>consuetudinis</span> <span class='ocrx_word' id='word_1_273' title='bbox 319 3857 382 3924; x_wconf 92' lang='lat' dir='ltr'>est,</span> <span class='ocrx_word' id='word_1_274' title='bbox 423 3846 548 3910; x_wconf 90' lang='lat' dir='ltr'>ibidem</span> <span class='ocrx_word' id='word_1_275' title='bbox 590 3847 657 3933; x_wconf 77' lang='lat'>(20.</span> <span class='ocrx_word' id='word_1_276' title='bbox 682 3845 787 3932; x_wconf 86' lang='lat' dir='ltr'>Sept.)</span> <span class='ocrx_word' id='word_1_277' title='bbox 833 3847 1021 3912; x_wconf 84' lang='lat' dir='ltr'>Pontifieali</span> <span class='ocrx_word' id='word_1_278' title='bbox 1059 3870 1161 3933; x_wconf 85' lang='lat' dir='ltr'>regno</span> 
     </span>
     <span class='ocr_line' id='line_1_36' title="bbox 66 3941 875 4030; baseline 0.004 -25"><span class='ocrx_word' id='word_1_279' title='bbox 66 3941 215 4021; x_wconf 76' lang='lat' dir='ltr'>magnifiee</span> <span class='ocrx_word' id='word_1_280' title='bbox 239 3945 364 4008; x_wconf 88' lang='lat' dir='ltr'>fuimus</span> <span class='ocrx_word' id='word_1_281' title='bbox 388 3967 427 4007; x_wconf 89' lang='lat' dir='ltr'>ac</span> <span class='ocrx_word' id='word_1_282' title='bbox 451 3943 640 4008; x_wconf 90' lang='lat' dir='ltr'>solemniter</span> <span class='ocrx_word' id='word_1_283' title='bbox 664 3945 875 4030; x_wconf 85' lang='lat' dir='ltr'>coronati.“¹)</span> 
     </span>
    </p>
   </div>
   <div class='ocr_carea' id='block_1_3' title="bbox 65 4117 250 4132">
    <p class='ocr_par' dir='ltr' id='par_1_3' title="bbox 65 4117 250 4132">
     <span class='ocr_line' id='line_1_37' title="bbox 65 4117 250 4132; baseline 0.022 -4"><span class='ocrx_word' id='word_1_284' title='bbox 65 4117 250 4132; x_wconf 40' lang='lat' dir='ltr'><strong>‘Q———-</strong></span> 
     </span>
    </p>
   </div>
   <div class='ocr_carea' id='block_1_4' title="bbox 126 4249 500 4317">
    <p class='ocr_par' dir='ltr' id='par_1_4' title="bbox 126 4249 500 4317">
     <span class='ocr_line' id='line_1_38' title="bbox 126 4249 500 4317; baseline 0.003 -15"><span class='ocrx_word' id='word_1_285' title='bbox 126 4249 143 4315; x_wconf 85' lang='lat'>¹)</span> <span class='ocrx_word' id='word_1_286' title='bbox 158 4249 188 4306; x_wconf 81' lang='lat' dir='ltr'>V.</span> <span class='ocrx_word' id='word_1_287' title='bbox 206 4251 366 4317; x_wconf 81' lang='lat' dir='ltr'>wattericb,</span> <span class='ocrx_word' id='word_1_288' title='bbox 385 4252 422 4306; x_wconf 91' lang='lat' dir='ltr'>Il.</span> <span class='ocrx_word' id='word_1_289' title='bbox 440 4255 500 4308; x_wconf 79' lang='lat'>455.</span> 
     </span>
    </p>
   </div>
   <div class='ocr_carea' id='block_1_5' title="bbox 0 0 1466 4842">
    <p class='ocr_par' dir='ltr' id='par_1_5' title="bbox 0 0 1466 4842">
     <span class='ocr_line' id='line_1_39' title="bbox 0 0 1466 4842; baseline 0 0"><span class='ocrx_word' id='word_1_290' title='bbox 0 0 1466 4842; x_wconf 95' lang='lat' dir='ltr'> </span> 
     </span>
    </p>
   </div>
  </div>
 </body>
</html>
