2828 4842
103 455 107 464 “
159 474 242 528 crura
259 473 467 529 mammonam
485 473 606 542 Philippi
624 474 651 528 n
670 473 777 528 carnae
795 474 878 543 regis.
1040 474 1094 529 aas

23 615 133 680 sacerdos
168 619 306 703 accipiet
341 617 576 682 eucharistiam
607 627 640 682 et
669 639 792 703 aquam
816 615 1027 682 benedictam
1050 616 1094 681 ad
1114 618 1265 720 ¹¹¹}jffiffi‘uffl

22 715 284 799 rpuinfirmorum.
313 715 534 797 sustinemus,
550 717 685 780 missam
708 712 809 779 semel
833 715 868 778 in
884 714 1095 780 hebdomada
1217 710 1221 720 '

19 811 147 896 celebrari,
170 815 203 876 in
225 812 280 876 dic
295 812 436 877 Veneris
460 834 587 877 summo
612 834 719 893 mane,
744 834 803 897 pro
827 811 1028 877 eucharistia
1051 811 1094 876 ad
1146 881 1149 888 ,

17 931 71 994 opus
89 909 295 992 infirmorum,
323 910 467 975 admisso
491 932 557 975 uno
591 908 658 974 solo
682 908 812 991 clerico,
852 912 909 996 qui
933 909 1095 975 sacerdoti

16 1010 151 1074 ministrat.
178 1008 574 1074 Praedicentsacerdotes
598 1005 716 1072 diebus
732 1008 909 1072 dominicis
932 1010 968 1072 in
991 1009 1094 1090 atriis,

14 1121 34 1166 et
49 1105 105 1168 loco
126 1107 241 1170 missae
265 1105 485 1172 disseminent
507 1105 649 1171 verbum
672 1107 748 1171 Dei.
787 1107 895 1171 Horas
919 1108 1096 1171 canonicas

14 1200 95 1266 dicant
120 1214 210 1268 extra
241 1203 408 1286 ecclosias,
445 1225 511 1268 non
535 1203 749 1268 audientibus
771 1202 883 1285 laicis3
923 1205 949 1268 si
983 1203 1097 1268 dicant

12 1300 146 1384 epistolam
159 1297 210 1365 vel
222 1301 444 1386 evangelium,
461 1310 610 1383 caveant,
627 1324 669 1366 ne
682 1300 861 1366 audiantur
877 1325 897 1366 a
908 1301 1017 1384 laicis,
1034 1323 1095 1364 ncc

11 1399 32 1460 ir
45 1400 186 1463 cimiterio
200 1421 301 1484 snpra
316 1409 437 1464 terram
450 1397 504 1463 vel
517 1399 604 1463 infra
616 1401 809 1485 permittant
821 1421 940 1485 corpus
954 1398 1095 1484 sepeliri.

11 1495 103 1560 Dicant
122 1506 292 1582 praeterea
314 1497 419 1579 laicis,
454 1497 543 1583 quod
567 1499 630 1583 ipsi
653 1499 800 1582 graviter
822 1505 964 1582 peccant
986 1506 1018 1562 et
1041 1519 1095 1561 ex·

10 1593 100 1658 cedunt
120 1594 314 1660 tumulando
340 1617 478 1680 corpora
502 1597 537 1659 in
560 1597 666 1676 terris,
692 1595 791 1659 etiam
816 1594 1094 1674 conbenedicta,

8 1691 120 1758 rhenum
142 1691 206 1757 sibi
230 1693 377 1758 officium
402 1695 436 1757 in
460 1692 524 1758 hac
547 1703 640 1778 parte
664 1693 864 1780 usurpando.
892 1692 1097 1758 Prohibeant

8 1790 183 1872 parochianis
206 1792 275 1855 suis
297 1792 421 1855 intrare
444 1791 601 1855 ecclesias
632 1801 763 1877 apertas
794 1793 828 1856 in
852 1801 939 1876 terra
969 1791 1096 1855 domini

7 1891 84 1970 regim
113 1909 179 1953 non
208 1887 412 1953 benedicant
441 1911 537 1974 peras
568 1891 816 1975 peregrinorum
841 1891 905 1954 nisi
928 1897 1022 1954 extra
1046 1911 1095 1952 ec-

6 1981 118 2050 clesiam.
162 1985 204 2050 ln
228 1989 414 2072 septimana
452 2008 596 2071 poenosa
634 1988 775 2070 (sancta)
812 2009 879 2051 non
919 1987 1096 2067 celebrent,

6 2082 151 2170 adusque
174 2086 209 2148 in
226 2084 316 2148 diem
339 2081 483 2170 paschae
508 2082 673 2149 celebrare
698 2084 862 2166 differant,
887 2096 920 2149 et
942 2097 1022 2149 tunc
1046 2107 1096 2149 oe·

5 2177 102 2246 hhrent
123 2185 264 2270 private,
289 2180 379 2246 nullo
404 2183 546 2246 admisso
570 2184 634 2246 nisi
659 2203 724 2246 uno
741 2181 869 2267 clerico,
895 2185 981 2247 siout
1004 2205 1097 2268 supc-

5 2281 52 2342 rius
80 2290 125 2344 est
159 2301 371 2366 expressum
417 2301 479 2344 nec
514 2281 737 2344 communicet
770 2279 891 2367 aliquis
924 2283 1025 2346 etiam
1061 2282 1097 2343 in

5 2376 106 2460 pascha
130 2379 197 2442 nisi
220 2377 372 2441 infirmus
396 2379 430 2441 in
455 2377 599 2462 periculo
625 2379 747 2445 mortis.
795 2379 834 2442 In
859 2379 975 2443 eadem
1000 2379 1096 2463 septi-

5 2491 76 2538 nana
96 2475 149 2540 vel
173 2478 209 2540 in
232 2476 334 2539 ramis
357 2474 543 2560 palmarum
582 2475 794 2561 parochianis
817 2476 1020 2562 praedicent,
1060 2484 1099 2540 ut

5 2567 41 2633 dic
59 2573 198 2658 paschae
220 2595 318 2637 mane
343 2575 545 2637 conveniant
572 2583 649 2638 ante
677 2573 861 2657 ecclesiam,
897 2585 944 2640 et=
964 2576 1099 2641 dabitur

5 2671 36 2731 cis
56 2671 183 2737 licentia
213 2671 411 2736 comedendi
443 2693 576 2754 carnes,
615 2694 737 2757 panem
772 2672 985 2739 benedictum
1019 2674 1096 2740 diei.

5 2763 129 2834 Firmiter
151 2769 381 2856 prohibentur,
407 2768 562 2834 mulieres
585 2770 619 2833 in
635 2768 808 2834 ecclesiam
832 2771 875 2834 ed
897 2772 1097 2857 purificatio·

5 2883 56 2929 nem
77 2891 114 2931 ne
137 2867 326 2950 admittant,
361 2865 420 2931 sed
444 2889 499 2930 eas
523 2877 688 2950 moneant,
719 2877 756 2931 ut
780 2868 833 2933 die
856 2869 1098 2953 purificationis

5 2967 181 3051 congregatis
204 2966 328 3028 vicinis
352 2965 420 3029 suis
444 2976 537 3030 orent
560 2974 655 3029 extra
678 2963 862 3050 ecclesiam,
887 2989 949 3031 nec
973 2970 1098 3032 intrent

5 3063 146 3128 ecclesiam
170 3062 339 3142 mulieres,
368 3083 453 3148 quae
477 3062 705 3148 purificandae
729 3075 831 3148 crant,
864 3066 964 3129 etiam
987 3065 1031 3130 ad
1053 3065 1096 3129 le·

5 3159 102 3225 rardor
133 3162 176 3226 de
199 3182 294 3226 sacro
318 3160 408 3226 fonte
431 3160 587 3246 parvulos
619 3161 846 3252 baptizandos,
886 3163 993 3228 donec
1023 3173 1098 3249 post

5 3257 186 3324 interdictum
211 3261 475 3323 intromittantur
499 3281 559 3344 per
581 3259 796 3324 sacerdotem.
844 3259 946 3326 Omni
970 3264 1095 3347 petenti

5 3349 61 3418 dent
80 3358 316 3442 poenitentiam
348 3357 383 3421 in
406 3357 537 3442 porticu
574 3357 751 3440 ecclesiae,
789 3359 815 3422 si
851 3365 923 3424 tum
955 3359 1098 3424 ecclesia

5 3471 49 3515 aon
63 3455 211 3520 hahuerit
225 3456 400 3540 porticum,
425 3456 635 3537 sustinemus,
657 3464 694 3518 ut
709 3457 744 3519 in
756 3455 870 3521 limine
885 3459 1098 3541 proximioris

5 3564 88 3632 portae
116 3552 288 3634 ecclesiae,
326 3574 412 3639 quse
442 3575 500 3638 pro
534 3554 730 3638 intemperio
767 3555 852 3618 aeris
891 3563 923 3618 et
960 3554 1096 3639 pluviae

5 3652 94 3730 tpcriri
122 3651 256 3738 poterit,
293 3659 325 3714 et
356 3673 422 3715 non
446 3650 542 3715 aliter
565 3650 644 3716 dent
671 3652 901 3737 poenitentias,
941 3653 1098 3718 omnihus

5 3747 116 3814 exclusis
137 3758 272 3836 praeter
295 3748 388 3814 iilum
411 3760 445 3813 et
467 3749 558 3814 illam
582 3772 667 3836 quae
691 3749 911 3832 confitebitur,
936 3751 982 3814 ita
1006 3751 1096 3836 quod

5 3848 125 3912 cordos
147 3861 182 3912 et
206 3847 368 3912 confitens
391 3849 494 3932 possit
517 3847 625 3912 audiri
650 3846 773 3912 abillis
796 3849 853 3934 qui
872 3848 996 3912 fuerint
1018 3857 1097 3914 ante

8 3944 155 4010 eclesiam.
189 3946 227 4012 Si
243 3955 354 4010 mmen
378 3967 531 4010 serenum
554 3946 655 4011 fuerit
677 3955 817 4032 tempus,
842 3945 962 4010 dentur
985 3949 1095 4032 poeni·

9 4045 97 4107 tentiae
118 4056 195 4110 ante
213 4044 338 4130 januas
362 4043 520 4108 ecclesiae
544 4044 685 4109 clausae.
716 4044 792 4109 Non
811 4053 978 4130 ponantur
1001 4053 1096 4109 extra

9 4138 128 4207 ecclesias
142 4165 226 4207 vasa
244 4164 320 4206 cum
336 4164 423 4229 aqua
439 4141 625 4224 benedicta,
650 4164 712 4207 nec
727 4141 838 4206 clerici
853 4142 961 4206 ferant
973 4164 1094 4228 aquam

9 4227 193 4320 benedictam,
228 4263 305 4304 cum
334 4241 446 4304 omnia
478 4249 685 4304 sacramenta
714 4239 938 4304 ecclesiastica
965 4249 1098 4324 praeter
