2840 4840
341 441 376 498 28
616 439 701 494 XXX.
722 441 761 495 De
780 439 946 496 Pontificem
964 441 1100 497 Bonifatii
1119 443 1195 498 vm.

335 593 423 678 juge,
447 586 482 650 id
506 596 562 664 cst,
586 585 615 648 si
639 583 713 648 beroe
731 585 955 671 perpenditur,
980 589 1091 650 statuit
1106 586 1191 672 qaod
1205 587 1284 651 elius
1299 610 1348 672 pu·
1364 611 1404 650 rou

342 688 460 750 stiones
483 684 653 748 concisiores
677 693 722 746 eet
744 693 906 748 stattstum.

431 783 484 847 29.
532 781 621 845 Hinc
653 782 754 844 etiam
784 792 936 846 auctores
966 784 1149 868 conspicui,
1183 785 1231 847 uti
1262 784 1404 862 Tosti,¹;e

342 880 521 965 Phillips,²)
545 877 676 944 Bullam
702 881 798 942 istam
823 889 860 943 ut
876 879 975 964 plane
989 903 1129 968 aequam
1156 891 1189 945 et
1206 882 1321 966 justam
1340 879 1404 944 vindi

343 989 439 1058 cant3
472 979 619 1042 severius
643 987 754 1042 umen
778 989 828 1041 est
850 977 1029 1062 judicium,
1061 979 1150 1065 quod
1174 980 1216 1044 de
1239 981 1340 1044 eedem
1366 977 1404 1041 tull

341 1076 392 1141 lll.
409 1075 568 1161 Hefele,³)
584 1097 627 1139 ex
643 1096 708 1161 quo
725 1074 911 1159 colligimus
928 1098 976 1158 ea,
994 1099 1079 1164 quae
1095 1089 1210 1142 conma
1225 1100 1294 1142 eam
1308 1073 1404 1142 aninsl

342 1177 426 1239 verti
451 1197 545 1261 posse
569 1174 734 1238 videntur.
760 1209 802 1220 --
828 1174 984 1238 Advertit
1003 1177 1104 1260 igitur
1118 1175 1245 1258 Hefele,
1269 1173 1404 1261 ipsumiu

343 1275 426 1338 tium
451 1271 721 1338 constitutionis:
759 1269 895 1335 Cleo-icis
922 1272 1023 1336 laicos
1051 1273 1186 1359 infestos
1214 1273 1324 1362 oppido
1350 1271 1404 1334 trud

343 1372 529 1458 antiquitus,
553 1370 636 1455 quod
660 1380 689 1432 ct
708 1371 925 1454 praesentium
956 1373 1174 1457 ceperimcoto
1207 1384 1360 1459 temporum
1378 1391 1404 1430 ru

216 1451 271 1482 ⁰⁹⁰⁸
287 1452 310 1480 ¹¹¹
343 1470 458 1554 oifestc
481 1468 657 1542 declarent,
689 1475 900 1552 praepostera
930 1467 1075 1553 quadam
1100 1472 1203 1534 animi
1227 1469 1404 1534 acerbitates

343 1567 571 1653 imprudenter
610 1567 836 1648 conscriptum
869 1585 956 1642 esse,
991 1588 1093 1652 quum
1130 1567 1248 1632 eodem
1280 1567 1404 1632 universi

341 1665 437 1729 laicis
460 1664 608 1728 omnium
626 1673 810 1746 temporum
835 1661 975 1726 infestus
994 1674 1109 1730 contra
1124 1665 1262 1730 clericos
1276 1667 1404 1731 amnesi

341 1763 431 1826 locta
454 1760 641 1846 objiciatur.
659 1797 701 1808 -
720 1757 1010 1838 Quemadmodum
1030 1763 1132 1846 igitur
1150 1762 1236 1827 hacc
1251 1763 1346 1828 verbs
1361 1781 1404 1845 pru

342 1861 534 1946 cipitantiae
558 1869 590 1922 et
614 1855 808 1921 iracundiae
840 1879 920 1942 prae
944 1880 978 1922 se
1001 1858 1113 1926 ferunt
1136 1861 1273 1942 indicia,
1302 1864 1342 1924 its
1361 1857 1404 1934 etl

308 1985 314 1996 ·
341 1963 414 2045 ipsa
431 1957 672 2023 Constitutione
696 1953 792 2040 plura
815 1965 893 2020 sunt
915 1955 968 2020 his
992 1955 1090 2043 plane
1113 1959 1248 2024 similia.
1283 1955 1404 2048 Prudeni

340 2057 512 2123 Pontificis
536 2054 744 2119 desideratur
768 2055 802 2117 in
825 2075 875 2133 ee,
908 2054 998 2139 qnod
1022 2055 1110 2120 bona
1133 2057 1281 2122 feudalis
1309 2055 1368 2122 eccl
1396 2055 1400 2065 '

341 2157 508 2236 sticorum,
540 2152 673 2218 tributis
704 2173 783 2216 sane
814 2151 970 2233 obnoxia,
1002 2175 1068 2218 non
1099 2155 1277 2241 distinguit
1299 2157 1397 2220 diserto

340 2253 477 2339 reliquis
501 2251 605 2332 bonis,
631 2249 753 2335 quibus
777 2251 969 2314 immunitas
989 2252 1210 2337 competebat.
1258 2256 1343 2320 Hinc
1362 2271 1393 2314 ex

340 2365 393 2416 tae
417 2361 495 2415 sunt
517 2349 784 2414 adversariorum
809 2348 976 2433 malignae
998 2352 1299 2436 interpretationes.
1316 2391 1353 2402 —
1367 2354 1403 2414 Dc

340 2449 527 2514 Bonifatius
549 2447 652 2510 etiam
676 2447 800 2509 nimiae
823 2446 998 2532 cujusdam
1016 2451 1203 2516 severitatis
1225 2453 1321 2536 argui
1342 2461 1403 2537 pote

342 2547 614 2612 Praedeccesores
637 2546 727 2608 enim
748 2545 819 2629 ejus
836 2545 869 2608 in
886 2547 954 2610 suis
970 2545 1256 2631 prohibitionibus
1272 2548 1355 2614 band
1370 2565 1403 2610 coi

341 2653 525 2710 memorant
555 2643 642 2706 donc
662 2643 815 2727 promito,
847 2663 933 2728 quoe
955 2643 1114 2710 Bonifatii
1140 2645 1376 2712 Constitutione
1394 2661 1403 2706 i

340 2753 469 2825 tentur3
506 2741 721 2804 Innocentius
753 2738 803 2803 111
837 2739 1112 2807 consultationem
1145 2755 1277 2811 mutum
1310 2769 1334 2809 s.
1361 2739 1403 2822 Sei

340 2839 572 2905 ecclesiasticis
595 2839 807 2923 imposuerat,
832 2848 869 2902 ut
883 2839 1091 2925 principibus
1113 2840 1268 2908 subsidia
1284 2839 1403 2908 conccdt

339 2949 482 3025 possent,
514 2937 702 3001 Bonifatius
737 2956 816 2999 vcro
848 2957 1042 3021 expressam
1071 2938 1244 3027 licentiam
1277 2941 1346 3006 vult
1371 2949 1403 3024 pt

340 3038 410 3122 ipse
441 3035 673 3100 ecclesiasticis
700 3055 842 3119 quoquc,
876 3036 933 3120 qui
957 3037 1030 3100 siue
1054 3035 1116 3102 bac
1147 3037 1286 3104 licentis
1314 3037 1392 3103 snbsi

340 3133 429 3214 dant,
453 3134 667 3217 gravissimas
690 3134 837 3196 minatur
853 3155 986 3218 poenas,
1010 3136 1100 3223 quod
1123 3147 1348 3204 antecessores
1369 3135 1385 3198 b

339 3231 496 3298 fecerunt.
544 3231 672 3296 Horum
696 3251 792 3316 porro
827 3232 960 3296 decreta
984 3234 1109 3298 directe
1133 3245 1250 3300 corba
1274 3235 1393 3322 princip

339 3331 506 3396 ministros
538 3329 665 3398 tributa
701 3331 872 3413 exigentes
905 3329 973 3394 lata
1012 3343 1123 3414 erant,
1159 3336 1288 3398 mentio
1326 3336 1402 3416 impe

338 3438 446 3493 tortum
469 3449 510 3492 ac
533 3447 648 3512 regum
680 3429 714 3492 in
739 3428 820 3512 ipsis
843 3449 909 3492 non
938 3428 1050 3513 fiebat,
1079 3439 1180 3517 atque
1212 3434 1262 3497 ita
1290 3429 1402 3498 contliet

338 3547 414 3591 cum
450 3528 497 3590 eis
532 3524 761 3606 evitabantur3
802 3525 990 3591 Bonifatius
1025 3549 1104 3592 vero
1140 3551 1299 3616 expresse
1334 3531 1402 3612 impl

338 3625 426 3710 ipsos
449 3645 580 3711 quoquc
597 3624 812 3709 imperatores
823 3633 857 3686 et
870 3645 973 3707 reges
987 3661 1031 3676 ·-
1043 3625 1263 3712 Praepostere
1287 3642 1321 3692 ct
1341 3627 1402 3710 imp

338 3721 454 3787 denter
484 3721 579 3808 plura
611 3723 645 3784 in
678 3719 922 3786 Constitutione
960 3721 1095 3788 Clu-icis
1126 3725 1226 3790 laicos
1260 3725 1349 3790 dicta
1376 3741 1402 3784 cs

338 3819 416 3884 inde
459 3831 622 3905 postremo
656 3817 836 3903 colligitur,
879 3819 968 3906 quod
1001 3821 1190 3887 Bonifatius
1235 3845 1317 3888 mox
1358 3833 1402 3906 ext

336 3984 548 3991 ——-—-

411 4069 419 4098 l

409 4067 432 4214 *i
450 4067 654 4202 ilfiribinrecha
673 4147 704 4202 B.
724 4146 776 4202 111.
795 4147 811 4216 9
831 4148 889 4203 130.

409 4227 431 4296 ³)
450 4227 754 4298 Concilieugescbicbte,
773 4227 805 4284 B.
824 4228 872 4282 VI.
892 4227 908 4300 ξ
926 4229 987 4284 68ὀ.
