2858 4834
313 459 365 512 tsi
545 457 629 510 XXV.
646 457 686 510 De
705 473 786 510 carisa
804 475 824 510 s.
843 456 961 509 Thomae
982 455 1194 509 Cantuarieusis.

313 603 358 664 uti
378 601 449 686 jam
475 602 654 674 innuimus,
689 601 731 665 ad
755 600 917 665 Thomam
951 609 984 662 et
1007 621 1120 664 omnes
1144 597 1287 681 Angliae
1312 599 1422 682 episro

311 723 370 786 pos
395 701 441 783 (d.
467 700 497 767 d.
523 701 564 764 27
591 699 704 785 Febr.)
727 700 862 778 litteras,
892 697 1013 784 quibus
1038 719 1092 761 eos
1117 709 1236 775 monet,
1264 707 1299 758 nt
1322 695 1422 759 Eccle-

312 801 379 862 siae
398 800 476 884 jura
500 809 663 878 tueantur,
689 809 721 860 et
737 798 881 878 mandat,
906 817 947 859 ne
962 795 1041 882 quid
1059 797 1128 877 regi
1143 796 1344 880 promittant,
1367 811 1422 877 quo

311 896 485 960 laedantur
509 895 564 960 illa
583 897 670 980 jura
718 895 755 959 Si
778 906 890 972 autern,
916 893 1039 974 scribit,
1057 899 1129 981 jam
1143 893 1226 956 dicto
1252 894 1320 976 rapi
1342 913 1422 976 supr

311 995 490 1082 laejasmodi
520 1016 573 1055 sos
597 996 630 1056 ia
655 991 761 1078 aliquo
787 993 958 1056 adstrictos
985 992 1179 1076 cognoscitis,
1211 989 1294 1074 qnod
1316 992 1422 1076 promi-

312 1092 399 1154 sistis
422 1091 605 1154 sellisternia
630 1090 807 1167 observetis,
839 1090 894 1152 aed
923 1091 978 1152 hoc
996 1091 1108 1176 potia-e
1137 1110 1283 1151 revocare
1313 1089 1422 1156 caretis.

312 1201 340 1252 et
371 1188 409 1250 de
437 1190 649 1274 promissione
672 1188 791 1251 illicito
815 1187 883 1249 Deo
918 1185 1072 1249 studeatis
1096 1196 1125 1248 et
1148 1185 1311 1248 Ecclesiae
1335 1209 1422 1246 recor·

313 1285 462 1372 ciliuri.¹)
478 1273 617 1370 ¹Reliqui
642 1295 753 1348 tamen
778 1284 946 1371 praesules
970 1287 1184 1370 perstiterunt
1209 1285 1241 1345 in
1260 1304 1300 1344 ea
1318 1281 1422 1363 agendi

313 1385 448 1464 ratione,
475 1407 539 1469 qna
563 1386 632 1468 regi
657 1384 905 1469 obsequendum
931 1405 1001 1446 esse
1026 1393 1229 1446 censuerant.

140 1494 291 1534 eufranon-
404 1481 456 1545 26.
492 1481 602 1561 Quum
628 1504 706 1546 vero
731 1482 898 1545 Henricus
922 1481 954 1544 11
987 1481 1124 1559 rideret,
1158 1502 1182 1544 s.
1207 1478 1369 1542 Thornain
1399 1479 1422 1542 iu

152 1558 291 1660 mffifssa‘
316 1601 375 1641 sua
399 1601 610 1663 perseverare
635 1582 850 1664 oppositione,
879 1580 1040 1642 acerrima
1073 1600 1149 1640 mox
1182 1599 1256 1640 enm
1290 1599 1422 1662 persecu

318 1679 406 1740 tione
431 1679 577 1742 vexarit.
625 1677 809 1743 Occasione
833 1679 972 1742 actionis
994 1677 1166 1762 cujusdam
1190 1675 1335 1738 loannis
1358 1671 1422 1755 regii

317 1773 439 1854 militis,
465 1777 520 1859 qui
546 1775 670 1839 bonnm
695 1775 828 1860 aliquod
847 1775 1015 1839 Ecclesiae
1040 1774 1102 1839 sihi
1121 1772 1319 1836 vindicabat
1342 1784 1422 1856 atqua

317 1872 358 1934 ad
390 1873 533 1936 tribunal
567 1876 693 1956 regium
719 1874 958 1958 appellaverat,
995 1871 1140 1936 Thomas
1164 1871 1207 1934 ad
1238 1871 1328 1933 diem
1356 1875 1422 1932 11¹¹*

316 1969 518 2057 Septembris
544 1973 586 2036 ad
611 1975 736 2036 cririanr
761 1975 886 2056 regiani
911 1975 1031 2035 citatus
1056 1980 1114 2034 est.
1155 1970 1266 2050 Quinn
1295 1991 1372 2030 vero
1394 1965 1422 2052 el

314 2070 557 2153 aegritudinem
588 2092 653 2134 non
683 2073 845 2148 venisset,
880 2071 1033 2155 prinecps
1066 2091 1141 2132 enin
1181 2068 1300 2130 citavit
1332 2063 1422 2156 corani

315 2189 434 2248 magna
459 2169 551 2230 curia
575 2189 746 2253 procerum
774 2181 806 2230 et
829 2172 1059 2253 episcoporum
1077 2165 1363 2248 Northamptonae
1386 2161 1422 2252 dil

314 2265 352 2326 8⁰
376 2263 531 2329 Octobris
564 2267 806 2350 congreganda,
841 2266 1023 2329 secundum
1053 2263 1230 2327 articulum
1258 2267 1342 2327 11¹¹¹¹¹
1370 2262 1422 2356 Cla

314 2363 563 2427 rendonensem.
612 2363 701 2427 Nihil
730 2364 821 2428 aliud
846 2363 970 2427 ibidem
1000 2385 1059 2425 rex
1093 2363 1228 2447 ejusque
1260 2357 1422 2452 consiliarii

313 2470 460 2544 egerunt,
487 2463 548 2524 nisi
573 2473 609 2525 ut
624 2461 786 2526 Thornarn
812 2462 1009 2526 damnarent
1033 2483 1157 2546 suaque
1179 2459 1344 2542 dignitate
1368 2481 1422 2548 spop

313 2557 441 2622 liarent.
489 2559 599 2622 Prima
628 2559 682 2624 die
711 2571 859 2623 sanctum
892 2559 1076 2643 praesulem
1109 2579 1201 2622 reum
1227 2557 1422 2642 judicarunt

315 2655 413 2740 quod,
446 2667 583 2719 vocatus
607 2679 626 2719 a
650 2679 726 2740 rege
759 2658 805 2720 nti
831 2656 985 2734 vasallus,
1017 2679 1127 2720 coram
1160 2657 1230 2740 ejus
1264 2657 1422 2740 majestati

296 2775 379 2816 non
404 2775 437 2816 se
461 2755 605 2818 stitisset.
654 2754 812 2819 Omnium
837 2755 998 2818 honorum
1016 2754 1188 2818 mobilium
1215 2757 1285 2840 ejus
1304 2755 1422 2848 decreta

314 2863 362 2916 est
385 2855 575 2918 confiscatio
601 2857 640 2917 iis
664 2855 794 2918 verbis:
827 2856 875 2918 De
899 2857 984 2917 omni
1006 2854 1115 2917 mobili
1138 2878 1192 2917 sao
1217 2856 1251 2916 ia
1274 2857 1361 2938 repis
1385 2851 1422 2946 soil

311 2951 487 3014 sericordia
504 2953 670 3040 judicatus
694 2965 748 3018 est.
797 2954 848 3016 hlx
873 2974 933 3016 usu
958 2953 1041 3016 haec
1058 2975 1163 3038 poena
1180 2963 1307 3016 inuata
1333 2963 1380 3015 cst
1402 2953 1422 3046 ip

315 3047 471 3112 muletam
496 3051 561 3112 ι’)00
588 3050 747 3113 librarum
773 3053 910 3134 argenti.
953 3049 1192 3135 Fideijussores
1217 3071 1251 3113 se
1278 3048 1422 3136 praebuet

314 3159 391 3210 runt
414 3149 570 3232 episcopi,
596 3161 734 3234 excepto
760 3148 909 3213 Oilherto
935 3149 1150 3212 Londinensi.
1201 3147 1359 3212 Secunda
1385 3145 1422 3236 dip

315 3267 374 3308 rex
398 3248 558 3310 rationem
576 3247 756 3333 postularit
782 3247 821 3311 de
839 3246 1024 3311 redditibus
1041 3247 1106 3311 000
1120 3246 1277 3310 librarum
1298 3245 1422 3329 argenti

316 3343 426 3423 Quum
453 3344 597 3408 Thomas
622 3357 804 3431 reponeret,
829 3347 870 3409 ad
887 3345 1104 3409 restauranda
1127 3348 1214 3428 regis
1231 3342 1356 3428 palatia
1374 3365 1422 3426 cris

315 3443 381 3504 imo
406 3463 567 3505 sunnnam
595 3446 755 3527 pecuniae
781 3445 948 3528 majorem,
981 3466 1051 3506 csse
1076 3445 1253 3528 impensas,
1283 3443 1422 3528 prinecpt

315 3539 348 3602 id
373 3539 547 3604 admittere
572 3544 747 3622 recusarit,
773 3553 804 3605 et
826 3542 1095 3626 archiepiscopus
1115 3541 1358 3604 condemnatus
1382 3535 1422 3614 cst

316 3649 351 3700 ut
374 3639 443 3720 regi
468 3642 644 3722 pecuniam
669 3639 829 3720 solveret3
854 3642 1041 3725 pariterque
1071 3639 1293 3724 fideijussores
1319 3637 1380 3701 hac
1404 3639 1422 3718 ii

389 3844 408 3908 ¹)
428 3842 500 3895 Scite
513 3842 633 3896 advertit
652 3843 693 3896 Ili.
707 3844 809 3906 Heielc,
829 3861 849 3896 s.
862 3844 991 3897 Thornam
1005 3843 1201 3910 poeniteutiam
1215 3843 1266 3896 sihi
1280 3843 1422 3911 irnposninr

315 3922 385 3974 circa
405 3924 459 3975 1um
479 3922 550 3975 diem
569 3923 671 3977 Martii.
702 3923 825 3977 Litterae
845 3923 915 3978 enim
930 3923 1071 3978 Pontificis
1090 3923 1114 3978 d.
1126 3925 1150 3976 il.
1174 3925 1200 3976 1⁰
1221 3922 1325 3991 Aprilis
1346 3911 1422 3990 quibu]

316 4017 375 4055 eum
395 4000 513 4055 absolvit
532 4009 560 4056 et
579 4003 742 4056 consolatur.
763 4018 856 4056 versus
876 4005 948 4057 1011111
970 4003 1040 4056 diem
1050 4004 1151 4071 Aprilis
1172 4003 1300 4057 videntur
1320 4003 1355 4056 ad
1373 3999 1422 4054 Thr

316 4097 385 4134 marn
405 4081 569 4148 pervenisse,
596 4081 662 4136 dicit
681 4087 772 4136 airteni
791 4082 941 4137 Herbertus
965 4083 997 4136 de
1016 4081 1155 4149 Boseharn,
1181 4099 1240 4138 enm
1259 4098 1309 4151 per
1328 4081 1422 4149 quadri

316 4161 396 4228 ginta
413 4162 522 4215 circiter
541 4161 597 4215 dies
616 4162 811 4229 poenitentiam
831 4164 927 4233 egisse.
953 4163 1038 4226 Unde,
1058 4162 1127 4218 hanc
1145 4163 1225 4217 initio
1238 4163 1333 4217 Martii
1354 4155 1422 4226 imai

316 4247 372 4293 tarn
392 4257 457 4305 esse,
477 4241 624 4309 colligitur.
663 4241 690 4296 C.
711 4241 854 4297 Gesch.'1'.
875 4243 908 4297 V.
927 4259 952 4311 p.
972 4243 1033 4298 559.

1273 4379 1278 4404 t
