2844 4840
346 481 385 535 De
403 479 483 536 Bulla
505 480 594 535 Unam
612 481 744 536 Sanctam
1094 483 1129 537 69

23 627 155 692 nobilem
187 632 292 694 virum
326 623 544 692 Guillelmum
578 624 619 688 de
647 624 812 709 Negareto
844 625 951 708 iactis,
984 624 1128 712 appellat

22 727 58 786 :nl
77 750 199 791 suanm
221 725 455 792 convocandum
477 723 622 810 generale
646 721 829 801 Concilium,
854 735 884 787 et
907 725 952 788 ael
974 747 998 788 s.
1016 723 1126 790 Sedem

22 825 234 910 Aperstolicam,
266 837 296 888 et
320 824 365 888 acl
387 821 478 887 illam
502 833 531 886 et
555 823 598 886 ael
628 820 702 886 illos
733 823 777 886 ad
799 845 888 906 qnam
918 833 947 886 et
977 823 1022 886 ud
1053 845 1129 908 quos

21 923 51 979 sle
67 928 140 1010 jare
165 923 274 987 melitis
286 934 391 1010 potest
415 931 444 986 el
468 921 567 998 detes,
583 921 807 1010 jureicense
831 931 861 984 et
884 930 969 984 statn
992 942 1016 984 s.
1036 919 1128 984 Sedis

21 1019 213 1105 Apostolicae
242 1023 277 1086 in
310 1020 453 1084 omnibns
481 1043 602 1105 semper
632 1017 750 1082 salsis:
781 1041 901 1103 rogans
931 1041 1051 1104 regem,
1087 1019 1130 1082 acl

18 1143 96 1202 quem
119 1129 240 1205 spectat
262 1141 287 1184 s.
315 1119 433 1182 Matris
456 1117 616 1180 Ecclesiae
631 1117 772 1202 fideiqne
787 1117 960 1180 catholicae
975 1115 1127 1204 defensio.

18 1232 45 1278 ct
66 1216 227 1301 praelatos
250 1217 306 1302 qui
328 1218 361 1278 in
389 1213 529 1280 Concilio
552 1215 695 1300 generali
717 1214 828 1278 dele-nt
852 1235 916 1278 esse
933 1215 1069 1304 jndices,
1096 1227 1130 1278 nt

20 1313 96 1378 illius
119 1316 396 1379 convocationem
421 1322 454 1375 et
477 1310 733 1376 celebrationem
764 1313 840 1375 totis
864 1311 992 1376 viribus
1015 1333 1127 1397 procu-

18 1425 90 1476 rrnt.
107 1451 151 1461 —
171 1413 242 1476 Rex
259 1413 383 1497 pariter
397 1411 482 1495 fidei
503 1412 627 1496 nepotio
651 1421 681 1474 et
696 1408 858 1474 Ecclesiae
882 1411 980 1474 statui
1003 1409 1128 1474 consuli

17 1513 157 1594 cupiens,
180 1533 241 1596 pro
264 1509 397 1574 vitando
422 1509 589 1594 dispendio
612 1507 762 1572 scandali
783 1507 950 1594 generalis,
975 1507 1072 1572 salvis
1095 1510 1129 1571 in

16 1608 150 1671 omnibus
177 1607 209 1672 S.
236 1609 275 1672 R.
300 1605 443 1670 Ecclesia
466 1607 580 1670 honore
605 1617 634 1670 et
657 1605 970 1684 reuerentiadehitis,
995 1607 1130 1670 assenti-

18 1717 63 1767 tur
84 1707 317 1772 convocationi
343 1715 376 1768 et
399 1706 646 1790 congregationi
677 1704 757 1768 dicti
783 1702 934 1778 Consilii,
968 1723 1131 1790 opemque

18 1817 43 1864 ct
64 1825 200 1888 operam
225 1803 268 1868 ad
293 1803 328 1868 id
352 1800 527 1888 pollicetur
549 1801 736 1866 efficacem:
764 1801 1040 1888 archiepiscopos,
1065 1802 1130 1887 epi·

18 1921 124 1985 scopae
149 1913 185 1963 et
208 1911 355 1965 caeteros
384 1899 547 1986 praelatos
570 1911 673 1985 rogat,
707 1910 743 1963 ut
766 1899 955 1986 hujusmodi
990 1897 1131 1964 Concilii

17 2001 285 2063 convocationem
309 2010 341 2063 et
364 2000 653 2084 congregationem
679 2009 828 2082 urgeant,
851 1999 903 2062 cai
919 1997 1134 2083 personaliter·

18 2097 148 2160 intendit
168 2099 329 2162 interesse.
378 2097 490 2182 thue
507 2097 712 2182 majestatem
730 2117 833 2175 suum,
858 2116 1007 2179 regnum,
1032 2093 1133 2158 eccle-

16 2197 81 2272 sias,
106 2193 286 2280 praelatos,
310 2194 462 2275 barones,
488 2194 635 2280 aliosque
663 2194 813 2259 subditos
837 2203 951 2257 contra
975 2191 1133 2256 Bonifatii

16 2292 200 2356 molitiones
224 2303 366 2376 tueatur,
390 2293 436 2357 ud
460 2291 666 2378 praedictum
694 2290 847 2376 generale
872 2289 1070 2369 Concilium,
1103 2299 1134 2354 et

15 2389 50 2453 sd
82 2413 205 2454 verum
240 2389 425 2475 legitimum
458 2392 606 2456 futurum
638 2412 802 2455 summum
835 2387 1049 2465 Pontificem,
1081 2387 1133 2452 vel

15 2487 97 2566 alios,
129 2487 177 2552 ad
202 2510 300 2574 quem
327 2487 379 2552 vel
404 2487 446 2552 ud
471 2509 553 2573 quos
576 2489 675 2553 fuerit
697 2487 943 2572 appellandum,
976 2497 1134 2570 provocet

16 2603 41 2648 ct
62 2585 212 2672 appellat
240 2587 274 2652 in
299 2587 439 2672 scriptis.

97 2687 151 2749 te.
202 2685 346 2748 Demum
372 2682 510 2769 praelati
534 2685 568 2747 in
592 2685 734 2748 comitiis
758 2695 956 2767 praesentes,
984 2685 1305 2767 quinqueremes·

17 2782 134 2847 scilicet
158 2781 415 2867 archiepiscopi,
441 2783 560 2866 viginti
585 2791 618 2845 et
640 2802 726 2844 unus
742 2781 899 2866 episcopi,
923 2779 1061 2844 abbates
1085 2781 1131 2844 in·
1197 2761 1251 2800 ¹¹⁸*

17 2884 115 2964 agnes
146 2880 322 2960 undecim,
353 2881 604 2944 convocationem
637 2891 667 2943 et
698 2880 966 2965 congregationem
999 2877 1134 2944 Concilii

15 2979 167 3063 peneralis
197 3002 238 3041 eu
258 2980 444 3063 praemissio
468 2990 498 3042 ct
521 2975 597 3042 aliis
620 2979 725 3042 caenis
752 2975 860 3040 utilem
883 2987 913 3039 et
936 2978 1061 3039 omnino
1084 2998 1135 3040 ne·

17 3080 183 3141 cessarium
207 3087 403 3162 aspectantes,
435 3087 470 3139 ut
493 3077 595 3162 ipsim
619 3077 740 3140 domini
762 3073 926 3159 Bonifatii
955 3073 1135 3137 innocentia

16 3175 139 3254 clareat,
176 3177 259 3238 siem
282 3185 444 3260 exoptant,
476 3183 532 3236 aut
555 3173 594 3237 cle
616 3175 773 3259 impositis
797 3171 860 3235 sibi
878 3196 939 3257 per
963 3169 1137 3236 Concilium

17 3275 216 3352 discutiatur,
247 3283 410 3338 statuatur
433 3283 463 3337 et
477 3273 542 3356 fiat
565 3272 648 3356 quod
671 3272 841 3335 denominat
871 3271 1042 3333 canonicae
1064 3290 1136 3332 san·

17 3377 137 3454 aiones,
171 3374 263 3455 regis
286 3381 319 3435 et
343 3372 502 3436 comitum
531 3369 704 3455 postulatis
728 3391 826 3456 super
849 3370 952 3454 ipsius
976 3387 1134 3430 convoca·

17 3474 100 3536 tione
125 3468 273 3536 Consilii
298 3491 472 3534 assensum
496 3467 666 3554 praebent,
691 3466 790 3530 saluis
813 3468 847 3530 in
871 3466 1013 3528 omnihus
1036 3487 1060 3528 s.
1075 3465 1136 3527 Bo·

17 3595 121 3634 nanae
146 3567 313 3634 &lerion
335 3569 451 3632 honore
475 3578 504 3630 et
527 3569 703 3630 cernentia
718 3565 843 3630 debitis.
884 3563 991 3649 Seque
1007 3571 1137 3648 paratos

19 3669 211 3752 profitentur
254 3666 484 3730 convocationi
521 3674 554 3728 et
589 3665 834 3748 congregationi
874 3662 954 3726 dicti
995 3658 1137 3725 Concilii

12 3771 102 3854 jtsrta
125 3789 171 3830 ss.
190 3765 322 3831 Patmm
347 3765 504 3840 instituta,
528 3773 558 3826 et
581 3763 751 3826 canonicas
775 3773 805 3825 et
829 3759 984 3847 legitimas
1003 3759 1138 3822 sanctio·

20 3887 66 3927 nes
86 3887 179 3951 opem
211 3862 291 3926 clare
321 3871 350 3924 et
383 3883 512 3946 operam
541 3859 692 3947 efficaces.
743 3860 818 3923 Non
841 3857 1037 3922 intendentes
1066 3878 1136 3941 qno·

17 3985 69 4044 qno
100 3961 195 4026 modo
213 3969 342 4045 partem
372 3959 407 4022 in
429 3959 485 4021 hoc
512 3958 635 4044 nepotio
658 3957 784 4042 facere,
817 3979 871 4020 seu
900 3955 1138 4041 quibuscumque

17 4071 135 4144 partem
150 4055 355 4144 facientibus
372 4055 554 4120 adhaerere.
573 4093 614 4102 -
630 4053 854 4119 Nihilominus
878 4063 915 4116 ut
938 4075 972 4117 se
996 4073 1137 4138 suasque

22 4157 181 4238 ecclesias,
207 4151 371 4241 parochos
395 4164 427 4218 et
450 4151 601 4217 subditos
625 4162 739 4217 contra
763 4151 921 4216 Bonifatii
952 4147 1138 4215 molitiones

23 4257 178 4334 muniant,
204 4273 265 4338 pro
283 4273 317 4316 se
333 4273 372 4316 ac
389 4250 464 4332 illis,
490 4250 620 4336 sibique
635 4249 893 4314 adhaerentibus
909 4259 942 4314 et
957 4248 1138 4314 adhaerere
