2858 4834
431 460 516 515 Gesta
535 459 621 526 quoru
640 459 795 525 Imperium.
895 503 897 510 r
1031 475 1033 480 ⁸
1127 457 1179 512 235

71 606 138 670 illud
170 617 246 670 ante
270 604 433 669 Fridcrici
461 604 664 688 baptismum
698 603 894 687 praestitum
924 611 1017 666 esset.
1067 601 1179 682 Quum

69 727 136 768 sero
157 706 307 768 omnium
331 713 417 767 esset
430 703 604 782 sententia,
630 703 740 764 virum
755 701 912 764 idoneum
929 702 964 764 in
981 723 1092 785 regern
1109 720 1180 763 esse

69 801 256 886 eligendum,
281 800 323 864 de
346 821 487 886 persona
511 819 589 862 mox
614 797 827 862 vehementia
844 797 982 863 dissidia
1006 807 1076 862 orta
1092 807 1179 863 sunt.

68 901 168 986 anue
191 899 408 963 invaluerunt
430 919 467 960 eo
492 899 613 980 magis,
632 896 722 982 quod
747 895 788 960 de
812 896 910 960 modo
934 919 974 978 ap
991 895 1032 960 de
1055 896 1179 981 regulis

67 999 223 1062 electionis
257 1009 365 1061 certae
393 993 527 1080 regulae
558 1016 624 1058 non
648 1003 827 1060 exstarent.
874 994 1087 1079 Principibus
1110 996 1179 1079 qui-

67 1095 130 1158 dem
153 1096 334 1160 convenire
351 1092 545 1157 electionem
561 1101 688 1155 certum
705 1100 785 1172 erat,
810 1092 868 1156 sed
886 1092 975 1178 quod
991 1095 1026 1157 in
1042 1093 1179 1156 dissidio

67 1192 111 1258 illc
125 1193 361 1280 praeferendus
377 1199 472 1274 esset,
498 1193 552 1254 cui
569 1191 675 1275 major
689 1212 766 1275 pars
786 1191 1018 1274 suffragiorum
1042 1191 1179 1274 faveret,

66 1291 143 1356 nulla
165 1292 239 1376 lege
263 1292 427 1356 sancitum
453 1288 697 1353 inveniebatur.
729 1287 837 1374 Major
861 1290 973 1374 itaque
997 1311 1073 1374 pars
1092 1292 1180 1375 prin·

66 1391 163 1475 cipum
197 1411 313 1453 mense
337 1388 456 1452 Martio
487 1387 567 1451 anni
593 1386 679 1450 1198
715 1385 884 1470 elegerunt
913 1388 948 1450 in
971 1409 1082 1472 regem
1107 1389 1180 1453 Phi-

66 1487 183 1573 lippum,
224 1485 369 1552 Sueviae
401 1485 530 1568 ducem,
570 1484 709 1548 Henrici
734 1482 784 1547 VI
820 1483 965 1548 fratrem.
1018 1485 1052 1550 Is
1083 1488 1179 1552 initio

66 1585 187 1670 quidem
212 1584 411 1665 intenderat,
436 1593 472 1646 ut
487 1605 547 1668 pro
564 1582 735 1647 Friderico
760 1603 862 1667 puero
886 1605 1025 1667 regnum
1049 1593 1179 1649 tantum
1232 1579 1236 1594 “

64 1682 311 1762 administraret,
343 1680 401 1744 sed
426 1680 621 1766 urgentibus
645 1679 848 1764 proceribus,
880 1679 1032 1744 electioni
1057 1681 1104 1746 illi
1127 1689 1179 1746 ad-

64 1783 188 1866 quievit,
215 1796 248 1844 et
264 1779 470 1845 Wormatiae
494 1781 528 1843 in
544 1779 626 1843 festo
645 1777 823 1842 Paschutis
846 1780 1024 1864 assumpsit
1046 1779 1179 1864 titulum

64 1881 178 1962 regium
220 1900 409 1964 nomenque
448 1875 594 1962 Philippi
629 1876 672 1958 ΙΙ,
711 1887 747 1940 ut
785 1898 1008 1941 successorem
1031 1879 1179 1965 Philippi

63 1977 184 2058 Arabis,
210 1976 425 2062 Imperatoris
449 1975 599 2054 Romani,
625 1995 659 2037 se
682 1973 752 2038 fore
776 1976 989 2058 significaret.

142 2122 194 2186 10.
243 2118 309 2184 Sed
334 2117 391 2182 alii
414 2117 592 2203 principes,
621 2117 803 2201 potentiam
827 2118 939 2202 stirpis
963 2117 1093 2183 Suevae
1117 2119 1179 2182 for·

65 2219 230 2300 midantes,
251 2217 324 2303 jam
350 2239 392 2280 ex
414 2215 471 2280 illa
495 2215 622 2280 familia
647 2215 825 2279 noluerunt
847 2238 958 2300 regern
984 2216 1123 2298 desumi,
1148 2226 1181 2281 et

63 2314 145 2380 brevi
182 2325 261 2402 post
290 2314 419 2378 Pascha
451 2313 622 2398 elegerunt
659 2312 802 2378 Ottorrem
832 2313 1004 2396 Guelfum,
1041 2315 1179 2380 Henrici

62 2413 174 2480 Leonis
189 2413 298 2478 filium
316 2411 624 2496 secundogenitum,
649 2411 808 2477 Richardi
825 2410 1077 2495 Thymoleontis
1093 2416 1181 2497 regis

62 2512 193 2596 :ingliae
218 2513 454 2597 propinquum.
487 2507 576 2588 Otto,
601 2518 792 2595 expugnata
805 2509 1008 2596 Aquisgrani
1033 2512 1179 2594 civitate,

62 2612 103 2672 uti
120 2611 208 2696 juris
232 2619 304 2673 erut
327 2606 452 2672 ibidem
474 2607 517 2671 ab
534 2606 784 2693 archiepiscopo
801 2604 991 2672 Coloniensi
1006 2619 1181 2674 coronatus

62 2707 114 2769 fnit
136 2709 192 2772 die
219 2707 279 2771 12⁰
302 2706 396 2772 Julii.
442 2704 618 2791 Philippus
643 2727 721 2769 vero
747 2703 800 2768 die
826 2705 863 2769 8⁰
884 2705 1087 2792 Septembris
1110 2709 1179 2773 Mo·

62 2808 196 2887 guntiae,
232 2826 335 2891 quum
360 2803 471 2868 adhue
495 2807 530 2868 in
554 2803 745 2867 Palaestina
769 2802 904 2887 degeret
928 2803 1101 2869 Conradus
1131 2829 1180 2870 ar·

62 2901 295 2988 cbiepiscopus,
321 2913 496 2966 coronatus
520 2914 552 2965 et
575 2899 763 2986 insignibus
786 2903 890 2985 regni,
915 2925 1001 2988 quae
1024 2905 1059 2966 in
1076 2905 1180 2988 ipsius

63 3001 208 3065 manibus
231 3009 336 3082 erant,
368 3011 503 3064 ornatus
527 3008 585 3083 est,
617 2999 661 3063 ab
690 2999 939 3085 archiepiscopo
963 2999 1180 3067 Tarantasiae

63 3098 92 3160 in
113 3097 294 3164 Sabaudia.
318 3137 361 3145 -
385 3098 463 3164 Otto
489 3097 667 3172 confestim,
688 3097 812 3161 litteras
837 3097 930 3161 dedit
952 3098 995 3162 ad
1019 3099 1180 3164 Innocen-

63 3197 136 3260 tium
165 3195 218 3260 ΠΙ
258 3197 395 3281 Papam,
433 3198 469 3260 in
493 3195 615 3281 quibus
639 3194 795 3259 Pontifici
828 3196 1048 3279 significabat,
1087 3219 1121 3260 se
1145 3199 1179 3261 in

63 3315 163 3378 regern
187 3295 416 3360 Romanorum
440 3293 593 3375 electum,
623 3303 665 3376 et,
689 3303 764 3378 post
787 3296 982 3379 praestitum
1006 3317 1065 3381 pro
1090 3316 1180 3359 more

60 3391 290 3474 juramentum,
321 3402 514 3456 coronatum
539 3391 652 3456 fuisse.
698 3391 886 3455 Romanum
911 3391 1106 3457 Pontificem
1131 3415 1180 3458 ro-

64 3489 162 3574 gabat,
186 3499 235 3572 nt,
260 3490 454 3554 confirmata
471 3488 641 3570 electione,
667 3511 743 3552 eum
760 3490 997 3575 Imperatorum
1022 3513 1179 3555 coronare

66 3586 256 3671 dignaretur,
282 3611 324 3651 ex
340 3611 398 3652 sua
413 3596 506 3673 parte
522 3589 727 3673 promittens,
753 3610 787 3652 se
802 3586 944 3651 fideliter
959 3599 1179 3670 servaturum,

66 3705 139 3767 qnae
161 3686 319 3750 Pontifex
346 3684 628 3772 praescriberet.¹)
675 3685 818 3749 Litteras
848 3687 947 3750 etiarn
972 3689 1008 3751 in
1031 3687 1179 3751 favorem

67 3780 185 3849 Orionis
209 3784 254 3848 ad
277 3784 474 3849 Pontificem
498 3785 704 3869 scripserunt
726 3783 924 3869 Richardus‚
948 3806 1009 3848 rex
1025 3783 1179 3868 Angliae‚

66 3885 190 3948 comites
213 3881 403 3960 Flandriae,
428 3881 628 3946 Harmoniae
652 3891 684 3945 et
707 3881 875 3966 Metensis,
909 3877 1180 3968 archiepiscopus

105 4157 152 4288 &5¹3
167 4157 201 4214 V.
220 4156 348 4211 Balutius
366 4156 383 4210 l.
403 4172 425 4211 c.
444 4155 517 4209 Tomi
539 4155 559 4209 Ι.
592 4155 750 4224 Registrum
778 4171 859 4224 super
877 4157 989 4224 negotio
1008 4157 1038 4211 R„
1060 4158 1179 4226 Imperii,

69 4237 119 4298 l*
154 4278 161 4292 .
