2900 4836
328 458 383 513 356
455 459 566 513 XXXU.
587 459 626 513 De
646 459 746 514 Concil.
765 459 915 513 Basileensi
934 474 966 512 ac
983 458 1018 512 de
1036 459 1142 525 Synodo
1161 459 1321 513 florentina

329 623 516 666 somniorum
528 602 713 686 Pontificum
730 625 794 688 pro
812 603 1065 666 consideratione
1080 614 1255 688 temporum
1270 614 1299 666 et
1313 603 1428 666 locorum
1446 581 1447 660 i

330 710 361 763 st
378 721 589 788 personarum
605 723 642 764 oc
657 701 800 785 quoniam
817 701 1046 764 occurrentium
1061 703 1282 764 monantulam
1296 703 1327 762 io
1337 699 1427 762 melius

329 809 562 863 commutentur.
616 795 798 863 Censemus
829 821 941 883 porro,
980 801 1027 862 ati
1063 801 1164 863 etiam
1200 799 1447 892 Tunesremsoq

329 899 448 978 innuit,
480 897 557 962 dum
583 889 755 982 Eugenius
779 897 934 978 declarat,
970 895 1157 962 Concilium
1181 894 1326 979 legitime
1346 893 1447 958 consil

329 1006 467 1058 nuatum
499 995 600 1058 fuisse
631 1017 671 1058 ac
702 996 830 1058 irritam
868 995 1058 1060 habendam
1097 993 1356 1072 dissolutionem,
1388 992 1430 1054 his

329 1094 460 1177 proprie
484 1113 551 1156 non
576 1094 738 1156 contineri
758 1092 924 1178 judicium
952 1092 1136 1157 doctrinale
1157 1091 1202 1156 de
1226 1093 1338 1156 valore
1358 1101 1427 1154 ante·

328 1189 477 1254 cedentis
501 1189 624 1254 decreti
650 1189 892 1272 dissolutionis,
917 1191 976 1256 sed
994 1191 1073 1254 dum
1098 1191 1181 1255 dicit
1204 1192 1392 1255 domminus
1410 1201 1429 1248 st

328 1285 526 1352 declaramus
556 1298 629 1369 etc,
666 1287 717 1352 his
748 1290 910 1352 contineri
942 1289 1131 1352 decisionem
1154 1290 1346 1375 practicam,
1380 1309 1429 1372 qus

328 1407 386 1470 pro
410 1386 480 1450 foro
500 1385 647 1471 juridico
673 1396 705 1449 et
728 1385 825 1470 legali
843 1385 992 1452 Concilio
1017 1409 1078 1451 sua
1100 1389 1285 1451 auotoritas
1308 1385 1380 1452 inde
1399 1383 1431 1447 ab

327 1485 421 1549 initio
447 1483 711 1569 adjudicabatur,
737 1495 770 1547 et
792 1483 1007 1566 statuebatur,
1033 1495 1070 1548 ut
1093 1507 1179 1572 quae
1202 1485 1295 1548 facta
1317 1497 1430 1547 arants

219 1589 220 1594 ’
327 1580 498 1656 Pontinos,
531 1593 690 1667 tanquam
714 1603 781 1646 non
805 1582 894 1646 facta
918 1581 1074 1647 habenda
1097 1593 1217 1663 essent,
1250 1583 1301 1646 ita
1333 1593 1366 1644 nt
1391 1581 1430 1643 sd·

327 1689 412 1742 esset
450 1677 552 1742 veluti
592 1681 719 1743 sanatio
759 1682 793 1743 iu
831 1679 944 1744 radice
975 1703 1034 1766 pro
1066 1681 1252 1746 defectibus
1287 1679 1429 1744 omnibus.

180 1767 307 1848 edomitis.
328 1774 447 1856 Quoad
471 1775 610 1840 formam
636 1798 715 1841 sane
740 1776 878 1842 multum
904 1780 1003 1842 cessit
1018 1779 1173 1844 Pontifex
1191 1777 1431 1843 Basileensibm.

326 1884 364 1936 ut
386 1873 530 1938 schisma
554 1875 684 1939 vitaret.
729 1875 864 1940 Etenim
889 1885 997 1956 antea,
1031 1877 1269 1962 comprobante
1295 1878 1330 1941 id
1354 1877 1428 1958 sigis

327 1972 461 2054 mundo,
479 1971 638 2057 selegerat
656 1971 758 2036 verba
775 1973 934 2054 ,colamus
948 1985 978 2037 et
992 1983 1242 2054 contentamor“,
1269 1974 1331 2038 sed
1345 1991 1429 2060 posm-

325 2068 471 2134 lantibus
496 2068 742 2134 Basileensibus
772 2073 942 2156 acquievit
971 2070 1132 2136 adbibere
1163 2072 1345 2138 formulam
1378 2071 1427 2141 „d-

325 2168 479 2231 oernimos
503 2177 533 2230 et
555 2167 820 2250 declaramus“.¹)
867 2169 1025 2233 Attamen
1049 2173 1204 2256 quamvis
1228 2173 1264 2234 in
1278 2172 1352 2235 foro
1370 2169 1429 2254 juri¹

325 2263 400 2328 dico
417 2265 468 2329 his
483 2265 596 2329 verbis
610 2265 776 2330 tribuatur
788 2266 961 2331 character
974 2267 1116 2333 Consilii
1132 2269 1305 2353 generalis
1316 2265 1431 2352 Synodo

324 2362 505 2431 Basileensi
531 2365 630 2428 etiam
644 2373 718 2450 post
734 2363 994 2446 dissolutionem,
1019 2377 1131 2430 minen
1149 2369 1316 2453 quaestio,
1342 2379 1433 2430 uuum

325 2463 358 2524 in
383 2482 418 2525 se
441 2463 503 2525 ista
528 2462 709 2542 dissolutio,
734 2464 868 2548 quando
893 2465 980 2528 facta
1004 2473 1063 2544 est,
1088 2487 1205 2530 resera
1230 2465 1328 2530 nulla
1342 2464 1432 2529 fuerit.

324 2557 522 2644 relinquitur
546 2561 580 2623 in
604 2561 725 2626 medio.
756 2559 872 2649 Neque
896 2561 1044 2645 dedecet,
1068 2566 1119 2626 uti
1132 2565 1242 2628 Jonas
1267 2561 1434 2628 conmodis

324 2659 372 2721 sic
387 2657 491 2720 verba
507 2658 679 2722 Pontificis
703 2659 893 2744 explanare,
918 2682 957 2723 ac
972 2663 998 2723 si
1008 2663 1052 2724 ita
1062 2661 1151 2725 fraus
1161 2661 1435 2746 aliquaarnbigui·

323 2755 400 2818 tatis
423 2757 504 2840 ipsis
528 2754 742 2841 subjiciatur;
768 2760 890 2821 etenim
916 2759 949 2821 in
970 2758 1166 2824 difficilibus
1191 2759 1256 2824 illis
1280 2759 1437 2845 adjunctis

324 2863 452 2936 poterat
473 2853 628 2917 Pontifex
653 2854 762 2939 quoad
787 2855 926 2920 formam
951 2878 985 2919 se
1009 2859 1156 2920 maxime
1180 2860 1337 2942 petitioni
1363 2857 1433 2920 Basr-

322 2949 483 3014 leensium
518 2952 781 3032 accommodare,
822 2963 854 3016 et
888 2953 997 3039 quoad
1027 2956 1295 3020 aestimationem
1321 2957 1356 3020 in
1380 2957 1435 3018 foro

318 3047 463 3132 juridico
504 3047 537 3110 id
573 3050 614 3113 iis
649 3049 831 3114 concedere
860 3051 949 3136 quod
982 3051 1160 3136 petebant,
1198 3055 1300 3118 simul
1338 3069 1434 3116 tamen

323 3147 547 3232 quaestionem
571 3146 788 3212 theoreticam
812 3150 938 3213 evitare
963 3149 1219 3214 discutiendam.

413 3255 464 3320 li.
512 3253 664 3318 Sessione
695 3253 824 3318 decima
849 3267 952 3336 sexta,
985 3256 1099 3321 habita
1124 3257 1178 3320 die
1206 3259 1247 3322 5⁰
1271 3257 1434 3322 Februarii

321 3373 350 3414 a.
385 3351 481 3429 1434,
513 3351 720 3416 Basileenses
752 3353 882 3418 Bullam
914 3354 1056 3438 Eugenii
1090 3355 1139 3418 IV
1171 3369 1393 3441 susceperunt
1413 3373 1438 3412 e:

321 3448 546 3530 declararunt,
586 3450 864 3535 postulationibus
894 3454 961 3516 suis
991 3475 1011 3516 a
1042 3451 1204 3518 Pontifice
1236 3456 1436 3519 satisfactum

394 3679 416 3750 ¹)
436 3679 637 3734 advertendum
666 3687 708 3734 est
735 3681 805 3747 quod
834 3681 928 3736 scribit
952 3684 1125 3751 Augustinus
1154 3684 1298 3745 Patricius.
1330 3687 1447 3740 Sarnus,

323 3757 462 3813 Gmscilior
484 3759 745 3814 llcsil.et1‘'lorent
773 3778 794 3814 c.
809 3765 850 3815 34.
886 3761 1042 3832 „Eugenius
1060 3764 1166 3818 interes
1185 3763 1301 3818 amidnis
1321 3765 1440 3818 Cassam

319 3839 537 3908 persuasionibus
556 3841 648 3910 pulsus
667 3856 726 3894 cum
745 3840 873 3895 Patribus
892 3842 920 3896 in
939 3841 1009 3896 hano
1032 3844 1197 3900 sententiam
1222 3847 1370 3899 morenis:
1396 3845 1436 3896 c·-

319 3919 442 3974 silienses
461 3920 552 3974 omnia
570 3927 665 3974 contra
683 3921 845 3992 Eugenium,
867 3923 1047 3989 Apostolicam
1066 3913 1169 3988 secem,
1188 3923 1350 3980 Oardinsles
1372 3925 1447 4004 Rwl

319 3999 456 4053 Ecclesiae
475 4007 537 4052 acta
556 4008 716 4068 revocarent
743 4000 853 4068 ejusque
881 4003 1066 4068 praesidentes
1085 4004 1272 4068 adrnitterent,
1298 4003 1447 4072 Begesis‘

320 4094 383 4133 vero
402 4079 582 4146 profiteretur,
602 4079 751 4134 Concilium
770 4081 925 4136 Basileense
944 4087 1013 4140 eto.“
1041 4085 1213 4153 Augustinus
1227 4083 1367 4138 Patricius
1386 4092 1447 4144 snt,

319 4157 471 4214 eanonicus
489 4159 614 4214 Senensis
633 4160 678 4227 qui
698 4159 778 4228 paulo
796 4167 858 4228 post
876 4161 956 4219 Ocno.
975 4163 1059 4217 Basil.
1079 4163 1111 4230 (c.
1125 4180 1149 4218 s.
1165 4164 1247 4236 lsai)
1266 4165 1348 4226 uixit,
1368 4155 1447 4230 secel

318 4255 371 4306 que
388 4239 503 4294 citatum
522 4239 689 4308 conscripsit.
727 4239 759 4296 V.
780 4239 910 4296 Hardnin.
931 4243 996 4304 con,
1017 4243 1095 4298 Cone
1114 4243 1162 4300 IX.
1185 4246 1261 4302 1081.
