<?xml version="1.0" encoding="UTF-8"?>
<!DOCTYPE html PUBLIC "-//W3C//DTD XHTML 1.0 Transitional//EN"
    "http://www.w3.org/TR/xhtml1/DTD/xhtml1-transitional.dtd">
<html xmlns="http://www.w3.org/1999/xhtml" xml:lang="en" lang="en">
 <head>
  <title>
</title>
<meta http-equiv="Content-Type" content="text/html;charset=utf-8" />
  <meta name='ocr-system' content='tesseract 3.04.00' />
  <meta name='ocr-capabilities' content='ocr_page ocr_carea ocr_par ocr_line ocrx_word'/>
</head>
<body>
  <div class='ocr_page' id='page_1' title='image "./dissertationess00junggoog_0698.png"; bbox 0 0 2850 4834; ppageno 0'>
   <div class='ocr_carea' id='block_1_1' title="bbox 321 442 1131 500">
    <p class='ocr_par' dir='ltr' id='par_1_1' title="bbox 321 442 1131 500">
     <span class='ocr_line' id='line_1_1' title="bbox 321 442 1131 500; baseline 0.001 -2"><span class='ocrx_word' id='word_1_1' title='bbox 321 443 487 498; x_wconf 76' lang='lat' dir='ltr'><strong>Benedictus</strong></span> <span class='ocrx_word' id='word_1_2' title='bbox 505 443 561 496; x_wconf 84' lang='lat' dir='ltr'><strong>XII</strong></span> <span class='ocrx_word' id='word_1_3' title='bbox 579 449 608 496; x_wconf 92' lang='lat' dir='ltr'><strong>et</strong></span> <span class='ocrx_word' id='word_1_4' title='bbox 627 443 752 498; x_wconf 83' lang='lat' dir='ltr'><strong>Clemens</strong></span> <span class='ocrx_word' id='word_1_5' title='bbox 771 442 818 496; x_wconf 89' lang='lat' dir='ltr'><strong>Vl.</strong></span> <span class='ocrx_word' id='word_1_6' title='bbox 1078 445 1131 500; x_wconf 76' lang='lat'><strong>165</strong></span> 
     </span>
    </p>
   </div>
   <div class='ocr_carea' id='block_1_2' title="bbox 16 584 1129 1945">
    <p class='ocr_par' dir='ltr' id='par_1_2' title="bbox 16 584 1129 1945">
     <span class='ocr_line' id='line_1_2' title="bbox 22 584 1128 671; baseline 0.003 -21"><span class='ocrx_word' id='word_1_7' title='bbox 22 587 188 652; x_wconf 73' lang='lat' dir='ltr'><strong>Bononiam</strong></span> <span class='ocrx_word' id='word_1_8' title='bbox 212 585 350 653; x_wconf 83' lang='lat' dir='ltr'><strong>Curiam</strong></span> <span class='ocrx_word' id='word_1_9' title='bbox 373 584 551 650; x_wconf 88' lang='lat' dir='ltr'><strong>transferre</strong></span> <span class='ocrx_word' id='word_1_10' title='bbox 575 588 706 668; x_wconf 84' lang='lat' dir='ltr'><strong>statuit3</strong></span> <span class='ocrx_word' id='word_1_11' title='bbox 731 585 789 651; x_wconf 91' lang='lat' dir='ltr'><strong>sed</strong></span> <span class='ocrx_word' id='word_1_12' title='bbox 813 587 960 671; x_wconf 90' lang='lat' dir='ltr'><strong>ipsorum</strong></span> <span class='ocrx_word' id='word_1_13' title='bbox 984 587 1128 653; x_wconf 93' lang='lat' dir='ltr'><strong>Bononi-</strong></span> 
     </span>
     <span class='ocr_line' id='line_1_3' title="bbox 19 682 1126 766; baseline 0.003 -19"><span class='ocrx_word' id='word_1_14' title='bbox 19 685 133 749; x_wconf 87' lang='lat' dir='ltr'><strong>ensium</strong></span> <span class='ocrx_word' id='word_1_15' title='bbox 155 683 358 750; x_wconf 78' lang='lat' dir='ltr'><strong>turbulentia</strong></span> <span class='ocrx_word' id='word_1_16' title='bbox 381 706 422 748; x_wconf 86' lang='lat' dir='ltr'><strong>ac</strong></span> <span class='ocrx_word' id='word_1_17' title='bbox 445 682 692 766; x_wconf 83' lang='lat' dir='ltr'><strong>rebellionibus,</strong></span> <span class='ocrx_word' id='word_1_18' title='bbox 717 707 756 748; x_wconf 87' lang='lat' dir='ltr'><strong>ac</strong></span> <span class='ocrx_word' id='word_1_19' title='bbox 777 682 861 748; x_wconf 83' lang='lat' dir='ltr'><strong>forte</strong></span> <span class='ocrx_word' id='word_1_20' title='bbox 877 683 977 746; x_wconf 88' lang='lat' dir='ltr'><strong>etiam</strong></span> <span class='ocrx_word' id='word_1_21' title='bbox 993 684 1126 750; x_wconf 84' lang='lat' dir='ltr'><strong>influxu</strong></span> 
     </span>
     <span class='ocr_line' id='line_1_4' title="bbox 20 780 1127 872; baseline 0.002 -26"><span class='ocrx_word' id='word_1_22' title='bbox 20 781 151 868; x_wconf 88' lang='lat' dir='ltr'><strong>Philippi</strong></span> <span class='ocrx_word' id='word_1_23' title='bbox 173 785 262 868; x_wconf 86' lang='lat' dir='ltr'><strong>regis</strong></span> <span class='ocrx_word' id='word_1_24' title='bbox 276 780 415 864; x_wconf 86' lang='lat' dir='ltr'><strong>Galliae,</strong></span> <span class='ocrx_word' id='word_1_25' title='bbox 441 781 599 847; x_wconf 82' lang='lat' dir='ltr'><strong>Pontifex</strong></span> <span class='ocrx_word' id='word_1_26' title='bbox 622 781 802 869; x_wconf 89' lang='lat' dir='ltr'><strong>impeditus</strong></span> <span class='ocrx_word' id='word_1_27' title='bbox 825 782 898 872; x_wconf 84' lang='lat' dir='ltr'><strong>fuit</strong></span> <span class='ocrx_word' id='word_1_28' title='bbox 945 782 1041 847; x_wconf 89' lang='lat' dir='ltr'><strong>Tunc</strong></span> <span class='ocrx_word' id='word_1_29' title='bbox 1064 784 1127 848; x_wconf 92' lang='lat' dir='ltr'><strong>Be·</strong></span> 
     </span>
     <span class='ocr_line' id='line_1_5' title="bbox 21 878 1128 966; baseline 0.005 -25"><span class='ocrx_word' id='word_1_30' title='bbox 21 879 157 945; x_wconf 74' lang='lat' dir='ltr'><strong>nedictus</strong></span> <span class='ocrx_word' id='word_1_31' title='bbox 178 881 355 946; x_wconf 85' lang='lat' dir='ltr'><strong>Aveuione</strong></span> <span class='ocrx_word' id='word_1_32' title='bbox 392 879 554 966; x_wconf 86' lang='lat' dir='ltr'><strong>palatium</strong></span> <span class='ocrx_word' id='word_1_33' title='bbox 585 901 743 966; x_wconf 84' lang='lat' dir='ltr'><strong>magnum</strong></span> <span class='ocrx_word' id='word_1_34' title='bbox 783 878 901 965; x_wconf 89' lang='lat' dir='ltr'><strong>papale</strong></span> <span class='ocrx_word' id='word_1_35' title='bbox 937 891 1128 946; x_wconf 88' lang='lat' dir='ltr'><strong>construere</strong></span> 
     </span>
     <span class='ocr_line' id='line_1_6' title="bbox 21 977 1128 1064; baseline 0.004 -24"><span class='ocrx_word' id='word_1_36' title='bbox 21 981 124 1063; x_wconf 81' lang='lat' dir='ltr'><strong>coepit,</strong></span> <span class='ocrx_word' id='word_1_37' title='bbox 147 987 179 1042; x_wconf 88' lang='lat' dir='ltr'><strong>et</strong></span> <span class='ocrx_word' id='word_1_38' title='bbox 203 977 399 1043; x_wconf 83' lang='lat' dir='ltr'><strong>Cardinalee</strong></span> <span class='ocrx_word' id='word_1_39' title='bbox 421 980 546 1063; x_wconf 88' lang='lat' dir='ltr'><strong>pariter</strong></span> <span class='ocrx_word' id='word_1_40' title='bbox 568 977 691 1064; x_wconf 85' lang='lat' dir='ltr'><strong>palatia</strong></span> <span class='ocrx_word' id='word_1_41' title='bbox 715 978 778 1042; x_wconf 89' lang='lat' dir='ltr'><strong>sibi</strong></span> <span class='ocrx_word' id='word_1_42' title='bbox 802 977 1033 1046; x_wconf 84' lang='lat' dir='ltr'><strong>aedificavere.</strong></span> <span class='ocrx_word' id='word_1_43' title='bbox 1066 980 1128 1044; x_wconf 88' lang='lat' dir='ltr'><strong>Re·</strong></span> 
     </span>
     <span class='ocr_line' id='line_1_7' title="bbox 19 1075 1127 1162; baseline 0.005 -24"><span class='ocrx_word' id='word_1_44' title='bbox 19 1075 190 1140; x_wconf 84' lang='lat' dir='ltr'><strong>conciliatio</strong></span> <span class='ocrx_word' id='word_1_45' title='bbox 204 1076 371 1142; x_wconf 87' lang='lat' dir='ltr'><strong>Ludovici</strong></span> <span class='ocrx_word' id='word_1_46' title='bbox 380 1077 504 1141; x_wconf 85' lang='lat' dir='ltr'><strong>Bavari</strong></span> <span class='ocrx_word' id='word_1_47' title='bbox 521 1077 652 1142; x_wconf 83' lang='lat' dir='ltr'><strong>influxu</strong></span> <span class='ocrx_word' id='word_1_48' title='bbox 664 1076 812 1162; x_wconf 92' lang='lat' dir='ltr'><strong>Philippi</strong></span> <span class='ocrx_word' id='word_1_49' title='bbox 827 1077 915 1159; x_wconf 85' lang='lat' dir='ltr'><strong>regis</strong></span> <span class='ocrx_word' id='word_1_50' title='bbox 928 1075 1127 1143; x_wconf 83' lang='lat' dir='ltr'><strong>difficillima</strong></span> 
     </span>
     <span class='ocr_line' id='line_1_8' title="bbox 18 1173 1128 1260; baseline 0.004 -24"><span class='ocrx_word' id='word_1_51' title='bbox 18 1173 134 1236; x_wconf 84' lang='lat' dir='ltr'><strong>reddite</strong></span> <span class='ocrx_word' id='word_1_52' title='bbox 155 1183 220 1256; x_wconf 80' lang='lat' dir='ltr'><strong>est3</strong></span> <span class='ocrx_word' id='word_1_53' title='bbox 252 1177 280 1239; x_wconf 91' lang='lat' dir='ltr'><strong>is</strong></span> <span class='ocrx_word' id='word_1_54' title='bbox 303 1177 391 1239; x_wconf 90' lang='lat' dir='ltr'><strong>enim</strong></span> <span class='ocrx_word' id='word_1_55' title='bbox 417 1173 599 1240; x_wconf 86' lang='lat' dir='ltr'><strong>obsistebat</strong></span> <span class='ocrx_word' id='word_1_56' title='bbox 621 1176 798 1260; x_wconf 89' lang='lat' dir='ltr'><strong>quominus</strong></span> <span class='ocrx_word' id='word_1_57' title='bbox 821 1175 977 1260; x_wconf 90' lang='lat' dir='ltr'><strong>princeps</strong></span> <span class='ocrx_word' id='word_1_58' title='bbox 1001 1174 1056 1240; x_wconf 91' lang='lat' dir='ltr'><strong>ille</strong></span> <span class='ocrx_word' id='word_1_59' title='bbox 1079 1186 1128 1241; x_wconf 91' lang='lat' dir='ltr'><strong>tot</strong></span> 
     </span>
     <span class='ocr_line' id='line_1_9' title="bbox 18 1272 1127 1358; baseline 0.006 -26"><span class='ocrx_word' id='word_1_60' title='bbox 18 1273 181 1336; x_wconf 88' lang='lat' dir='ltr'><strong>criminum</strong></span> <span class='ocrx_word' id='word_1_61' title='bbox 199 1293 276 1337; x_wconf 92' lang='lat' dir='ltr'><strong>reus</strong></span> <span class='ocrx_word' id='word_1_62' title='bbox 290 1273 335 1338; x_wconf 84' lang='lat' dir='ltr'><strong>ad</strong></span> <span class='ocrx_word' id='word_1_63' title='bbox 349 1272 531 1358; x_wconf 81' lang='lat' dir='ltr'><strong>Imperium</strong></span> <span class='ocrx_word' id='word_1_64' title='bbox 548 1272 787 1352; x_wconf 79' lang='lat' dir='ltr'><strong>admitteretur,</strong></span> <span class='ocrx_word' id='word_1_65' title='bbox 813 1281 914 1357; x_wconf 87' lang='lat' dir='ltr'><strong>utque</strong></span> <span class='ocrx_word' id='word_1_66' title='bbox 929 1273 1127 1339; x_wconf 87' lang='lat' dir='ltr'><strong>Pontificem</strong></span> 
     </span>
     <span class='ocr_line' id='line_1_10' title="bbox 18 1369 1127 1455; baseline 0.005 -25"><span class='ocrx_word' id='word_1_67' title='bbox 18 1379 149 1450; x_wconf 88' lang='lat' dir='ltr'><strong>terreret,</strong></span> <span class='ocrx_word' id='word_1_68' title='bbox 174 1371 278 1455; x_wconf 89' lang='lat' dir='ltr'><strong>ipsine</strong></span> <span class='ocrx_word' id='word_1_69' title='bbox 293 1379 327 1434; x_wconf 85' lang='lat' dir='ltr'><strong>et</strong></span> <span class='ocrx_word' id='word_1_70' title='bbox 341 1369 570 1435; x_wconf 81' lang='lat' dir='ltr'><strong>Cardiualium</strong></span> <span class='ocrx_word' id='word_1_71' title='bbox 595 1392 637 1434; x_wconf 89' lang='lat' dir='ltr'><strong>ex</strong></span> <span class='ocrx_word' id='word_1_72' title='bbox 653 1369 763 1435; x_wconf 83' lang='lat' dir='ltr'><strong>Gallia</strong></span> <span class='ocrx_word' id='word_1_73' title='bbox 787 1381 968 1455; x_wconf 85' lang='lat' dir='ltr'><strong>proventus</strong></span> <span class='ocrx_word' id='word_1_74' title='bbox 983 1373 1127 1436; x_wconf 89' lang='lat' dir='ltr'><strong>retinere</strong></span> 
     </span>
     <span class='ocr_line' id='line_1_11' title="bbox 18 1467 1129 1554; baseline 0.006 -27"><span class='ocrx_word' id='word_1_75' title='bbox 18 1467 149 1530; x_wconf 82' lang='lat' dir='ltr'><strong>minatus</strong></span> <span class='ocrx_word' id='word_1_76' title='bbox 171 1477 230 1534; x_wconf 91' lang='lat' dir='ltr'><strong>est.</strong></span> <span class='ocrx_word' id='word_1_77' title='bbox 277 1468 319 1532; x_wconf 90' lang='lat' dir='ltr'><strong>lu</strong></span> <span class='ocrx_word' id='word_1_78' title='bbox 343 1468 450 1548; x_wconf 85' lang='lat' dir='ltr'><strong>Italia,</strong></span> <span class='ocrx_word' id='word_1_79' title='bbox 485 1489 585 1554; x_wconf 91' lang='lat' dir='ltr'><strong>quum</strong></span> <span class='ocrx_word' id='word_1_80' title='bbox 611 1467 841 1552; x_wconf 85' lang='lat' dir='ltr'><strong>benigniorem</strong></span> <span class='ocrx_word' id='word_1_81' title='bbox 874 1490 952 1553; x_wconf 85' lang='lat' dir='ltr'><strong>erga</strong></span> <span class='ocrx_word' id='word_1_82' title='bbox 976 1491 1129 1554; x_wconf 90' lang='lat' dir='ltr'><strong>proceres</strong></span> 
     </span>
     <span class='ocr_line' id='line_1_12' title="bbox 16 1564 1127 1651; baseline 0.006 -26"><span class='ocrx_word' id='word_1_83' title='bbox 16 1585 45 1624; x_wconf 86' lang='lat' dir='ltr'><strong>se</strong></span> <span class='ocrx_word' id='word_1_84' title='bbox 66 1564 250 1630; x_wconf 86' lang='lat' dir='ltr'><strong>ostenderet</strong></span> <span class='ocrx_word' id='word_1_85' title='bbox 264 1566 476 1647; x_wconf 84' lang='lat' dir='ltr'><strong>Benedictus,</strong></span> <span class='ocrx_word' id='word_1_86' title='bbox 501 1566 649 1630; x_wconf 87' lang='lat' dir='ltr'><strong>influxus</strong></span> <span class='ocrx_word' id='word_1_87' title='bbox 664 1565 836 1630; x_wconf 86' lang='lat' dir='ltr'><strong>Pontificis</strong></span> <span class='ocrx_word' id='word_1_88' title='bbox 852 1566 961 1651; x_wconf 86' lang='lat' dir='ltr'><strong>quoad</strong></span> <span class='ocrx_word' id='word_1_89' title='bbox 977 1569 1127 1650; x_wconf 88' lang='lat' dir='ltr'><strong>regimen</strong></span> 
     </span>
     <span class='ocr_line' id='line_1_13' title="bbox 18 1663 1127 1746; baseline 0.007 -24"><span class='ocrx_word' id='word_1_90' title='bbox 18 1663 183 1746; x_wconf 78' lang='lat' dir='ltr'><strong>temporale</strong></span> <span class='ocrx_word' id='word_1_91' title='bbox 209 1663 423 1728; x_wconf 87' lang='lat' dir='ltr'><strong>vehementer</strong></span> <span class='ocrx_word' id='word_1_92' title='bbox 446 1664 630 1729; x_wconf 89' lang='lat' dir='ltr'><strong>diminutus</strong></span> <span class='ocrx_word' id='word_1_93' title='bbox 661 1663 733 1728; x_wconf 86' lang='lat' dir='ltr'><strong>fuit.</strong></span> <span class='ocrx_word' id='word_1_94' title='bbox 758 1701 801 1711; x_wconf 94' lang='lat'>-</span> <span class='ocrx_word' id='word_1_95' title='bbox 825 1663 1028 1730; x_wconf 89' lang='lat' dir='ltr'><strong>Benedictus</strong></span> <span class='ocrx_word' id='word_1_96' title='bbox 1051 1665 1127 1730; x_wconf 88' lang='lat' dir='ltr'><strong>XII</strong></span> 
     </span>
     <span class='ocr_line' id='line_1_14' title="bbox 17 1759 1126 1848; baseline 0.005 -26"><span class='ocrx_word' id='word_1_97' title='bbox 17 1759 89 1822; x_wconf 88' lang='lat' dir='ltr'><strong>iuter</strong></span> <span class='ocrx_word' id='word_1_98' title='bbox 104 1763 245 1845; x_wconf 83' lang='lat' dir='ltr'><strong>optimos</strong></span> <span class='ocrx_word' id='word_1_99' title='bbox 261 1761 440 1826; x_wconf 86' lang='lat' dir='ltr'><strong>Pontifices</strong></span> <span class='ocrx_word' id='word_1_100' title='bbox 455 1762 497 1826; x_wconf 93' lang='lat' dir='ltr'><strong>ob</strong></span> <span class='ocrx_word' id='word_1_101' title='bbox 512 1763 682 1848; x_wconf 88' lang='lat' dir='ltr'><strong>pietatem,</strong></span> <span class='ocrx_word' id='word_1_102' title='bbox 707 1761 927 1826; x_wconf 83' lang='lat' dir='ltr'><strong>humilitatem</strong></span> <span class='ocrx_word' id='word_1_103' title='bbox 953 1771 985 1826; x_wconf 90' lang='lat' dir='ltr'><strong>et</strong></span> <span class='ocrx_word' id='word_1_104' title='bbox 1009 1763 1126 1828; x_wconf 90' lang='lat' dir='ltr'><strong>doctri-</strong></span> 
     </span>
     <span class='ocr_line' id='line_1_15' title="bbox 17 1859 932 1945; baseline 0.008 -27"><span class='ocrx_word' id='word_1_105' title='bbox 17 1879 81 1920; x_wconf 83' lang='lat' dir='ltr'><strong>uem</strong></span> <span class='ocrx_word' id='word_1_106' title='bbox 104 1860 336 1942; x_wconf 87' lang='lat' dir='ltr'><strong>recensendus,</strong></span> <span class='ocrx_word' id='word_1_107' title='bbox 361 1860 445 1924; x_wconf 92' lang='lat' dir='ltr'><strong>obiit</strong></span> <span class='ocrx_word' id='word_1_108' title='bbox 467 1859 521 1924; x_wconf 85' lang='lat' dir='ltr'><strong>die</strong></span> <span class='ocrx_word' id='word_1_109' title='bbox 545 1861 606 1924; x_wconf 75' lang='lat'><strong>25⁰</strong></span> <span class='ocrx_word' id='word_1_110' title='bbox 629 1859 756 1945; x_wconf 88' lang='lat' dir='ltr'><strong>Aprilis</strong></span> <span class='ocrx_word' id='word_1_111' title='bbox 779 1883 808 1926; x_wconf 85' lang='lat' dir='ltr'><strong>a.</strong></span> <span class='ocrx_word' id='word_1_112' title='bbox 836 1861 932 1926; x_wconf 83' lang='lat'>1342.</span> 
     </span>
    </p>
   </div>
   <div class='ocr_carea' id='block_1_3' title="bbox 13 1981 1298 3746">
    <p class='ocr_par' dir='ltr' id='par_1_3' title="bbox 13 1981 1298 3746">
     <span class='ocr_line' id='line_1_16' title="bbox 95 1981 1298 2080; baseline -0.001 -24"><span class='ocrx_word' id='word_1_113' title='bbox 95 1995 145 2056; x_wconf 74' lang='lat'><strong>15.</strong></span> <span class='ocrx_word' id='word_1_114' title='bbox 172 1993 349 2056; x_wconf 82' lang='lat' dir='ltr'><strong>Clemens</strong></span> <span class='ocrx_word' id='word_1_115' title='bbox 366 1991 415 2056; x_wconf 93' lang='lat' dir='ltr'><strong>VI</strong></span> <span class='ocrx_word' id='word_1_116' title='bbox 439 1993 483 2080; x_wconf 82' lang='lat' dir='ltr'><strong>(a.</strong></span> <span class='ocrx_word' id='word_1_117' title='bbox 503 1992 747 2074; x_wconf 81' lang='lat'>1342-1352).</span> <span class='ocrx_word' id='word_1_118' title='bbox 762 2031 803 2040; x_wconf 92' lang='lat'>—</span> <span class='ocrx_word' id='word_1_119' title='bbox 816 1993 991 2058; x_wconf 83' lang='lat' dir='ltr'><strong>Tredecim</strong></span> <span class='ocrx_word' id='word_1_120' title='bbox 1007 1993 1126 2058; x_wconf 84' lang='lat' dir='ltr'><strong>diebus</strong></span> <span class='ocrx_word' id='word_1_121' title='bbox 1137 1981 1243 2054; x_wconf 59' lang='lat' dir='ltr'><strong>crinem</strong></span> <span class='ocrx_word' id='word_1_122' title='bbox 1258 2012 1298 2053; x_wconf 79' lang='lat' dir='ltr'><strong>vr.</strong></span> 
     </span>
     <span class='ocr_line' id='line_1_17' title="bbox 19 2089 1127 2172; baseline 0.005 -22"><span class='ocrx_word' id='word_1_123' title='bbox 19 2101 239 2170; x_wconf 85' lang='lat' dir='ltr'><strong>postmortem</strong></span> <span class='ocrx_word' id='word_1_124' title='bbox 263 2090 447 2172; x_wconf 84' lang='lat' dir='ltr'><strong>Benedicti,</strong></span> <span class='ocrx_word' id='word_1_125' title='bbox 472 2091 619 2155; x_wconf 84' lang='lat' dir='ltr'><strong>secunda</strong></span> <span class='ocrx_word' id='word_1_126' title='bbox 643 2091 698 2155; x_wconf 91' lang='lat' dir='ltr'><strong>die</strong></span> <span class='ocrx_word' id='word_1_127' title='bbox 713 2089 890 2156; x_wconf 83' lang='lat' dir='ltr'><strong>Conclavis</strong></span> <span class='ocrx_word' id='word_1_128' title='bbox 914 2091 1038 2156; x_wconf 81' lang='lat' dir='ltr'><strong>electus</strong></span> <span class='ocrx_word' id='word_1_129' title='bbox 1060 2092 1127 2156; x_wconf 85' lang='lat' dir='ltr'><strong>fuit</strong></span> 
     </span>
     <span class='ocr_line' id='line_1_18' title="bbox 19 2187 1129 2277; baseline 0.006 -31"><span class='ocrx_word' id='word_1_130' title='bbox 19 2187 44 2248; x_wconf 88' lang='lat' dir='ltr'><strong>io</strong></span> <span class='ocrx_word' id='word_1_131' title='bbox 66 2187 257 2253; x_wconf 87' lang='lat' dir='ltr'><strong>Pontificem</strong></span> <span class='ocrx_word' id='word_1_132' title='bbox 284 2190 401 2252; x_wconf 89' lang='lat' dir='ltr'><strong>Petrus</strong></span> <span class='ocrx_word' id='word_1_133' title='bbox 426 2189 587 2274; x_wconf 86' lang='lat' dir='ltr'><strong>Rogerius</strong></span> <span class='ocrx_word' id='word_1_134' title='bbox 611 2189 863 2254; x_wconf 88' lang='lat' dir='ltr'><strong>Lemovieeneis</strong></span> <span class='ocrx_word' id='word_1_135' title='bbox 890 2189 930 2256; x_wconf 92' lang='grc' dir='ltr'><strong>Ο.</strong></span> <span class='ocrx_word' id='word_1_136' title='bbox 947 2191 980 2257; x_wconf 83' lang='lat' dir='ltr'><strong>S.</strong></span> <span class='ocrx_word' id='word_1_137' title='bbox 996 2191 1046 2273; x_wconf 89' lang='lat' dir='ltr'><strong>B.,</strong></span> <span class='ocrx_word' id='word_1_138' title='bbox 1071 2191 1129 2277; x_wconf 91' lang='lat' dir='ltr'><strong>qui</strong></span> 
     </span>
     <span class='ocr_line' id='line_1_19' title="bbox 17 2285 1130 2372; baseline 0.006 -27"><span class='ocrx_word' id='word_1_139' title='bbox 17 2303 50 2346; x_wconf 80' lang='lat' dir='ltr'><strong>ex</strong></span> <span class='ocrx_word' id='word_1_140' title='bbox 70 2285 186 2350; x_wconf 91' lang='lat' dir='ltr'><strong>ordine</strong></span> <span class='ocrx_word' id='word_1_141' title='bbox 216 2287 324 2350; x_wconf 87' lang='lat' dir='ltr'><strong>fuerat</strong></span> <span class='ocrx_word' id='word_1_142' title='bbox 357 2289 533 2372; x_wconf 87' lang='lat' dir='ltr'><strong>episcopus</strong></span> <span class='ocrx_word' id='word_1_143' title='bbox 568 2286 815 2366; x_wconf 81' lang='lat' dir='ltr'><strong>Atrebatensis,</strong></span> <span class='ocrx_word' id='word_1_144' title='bbox 852 2288 1053 2354; x_wconf 89' lang='lat' dir='ltr'><strong>Senoneneis</strong></span> <span class='ocrx_word' id='word_1_145' title='bbox 1089 2311 1130 2354; x_wconf 87' lang='lat' dir='ltr'><strong>ac</strong></span> 
     </span>
     <span class='ocr_line' id='line_1_20' title="bbox 18 2379 1129 2472; baseline 0.007 -30"><span class='ocrx_word' id='word_1_146' title='bbox 18 2379 289 2468; x_wconf 83' lang='lat' dir='ltr'><strong>liothomagensis,</strong></span> <span class='ocrx_word' id='word_1_147' title='bbox 314 2396 478 2471; x_wconf 88' lang='lat' dir='ltr'><strong>postremo</strong></span> <span class='ocrx_word' id='word_1_148' title='bbox 503 2407 581 2450; x_wconf 88' lang='lat' dir='ltr'><strong>vero</strong></span> <span class='ocrx_word' id='word_1_149' title='bbox 606 2407 664 2470; x_wconf 91' lang='lat' dir='ltr'><strong>per</strong></span> <span class='ocrx_word' id='word_1_150' title='bbox 687 2385 908 2450; x_wconf 88' lang='lat' dir='ltr'><strong>Benedictum</strong></span> <span class='ocrx_word' id='word_1_151' title='bbox 938 2397 1129 2472; x_wconf 74' lang='lat' dir='ltr'><strong>assumptus</strong></span> 
     </span>
     <span class='ocr_line' id='line_1_21' title="bbox 18 2479 1129 2551; baseline 0.009 -10"><span class='ocrx_word' id='word_1_152' title='bbox 18 2479 43 2542; x_wconf 89' lang='lat' dir='ltr'><strong>io</strong></span> <span class='ocrx_word' id='word_1_153' title='bbox 64 2479 277 2548; x_wconf 85' lang='lat' dir='ltr'><strong>Cerdiualem</strong></span> <span class='ocrx_word' id='word_1_154' title='bbox 301 2483 389 2548; x_wconf 89' lang='lat' dir='ltr'><strong>tituli</strong></span> <span class='ocrx_word' id='word_1_155' title='bbox 415 2483 447 2549; x_wconf 91' lang='lat' dir='ltr'><strong>S.</strong></span> <span class='ocrx_word' id='word_1_156' title='bbox 473 2483 571 2548; x_wconf 90' lang='lat' dir='ltr'><strong>Nerei</strong></span> <span class='ocrx_word' id='word_1_157' title='bbox 597 2494 629 2546; x_wconf 94' lang='lat' dir='ltr'><strong>et</strong></span> <span class='ocrx_word' id='word_1_158' title='bbox 653 2482 808 2548; x_wconf 89' lang='lat' dir='ltr'><strong>Achillei.</strong></span> <span class='ocrx_word' id='word_1_159' title='bbox 862 2484 944 2548; x_wconf 83' lang='lat' dir='ltr'><strong>Erat</strong></span> <span class='ocrx_word' id='word_1_160' title='bbox 968 2485 1022 2549; x_wconf 92' lang='lat' dir='ltr'><strong>hic</strong></span> <span class='ocrx_word' id='word_1_161' title='bbox 1045 2486 1129 2551; x_wconf 89' lang='lat' dir='ltr'><strong>Pon·</strong></span> 
     </span>
     <span class='ocr_line' id='line_1_22' title="bbox 14 2579 1130 2665; baseline 0.008 -25"><span class='ocrx_word' id='word_1_162' title='bbox 14 2579 85 2642; x_wconf 84' lang='lat' dir='ltr'><strong>titex</strong></span> <span class='ocrx_word' id='word_1_163' title='bbox 108 2581 382 2665; x_wconf 85' lang='lat' dir='ltr'><strong>magnificentiae</strong></span> <span class='ocrx_word' id='word_1_164' title='bbox 406 2603 533 2662; x_wconf 86' lang='lat' dir='ltr'><strong>emaus,</strong></span> <span class='ocrx_word' id='word_1_165' title='bbox 559 2583 605 2645; x_wconf 85' lang='lat' dir='ltr'><strong>ita</strong></span> <span class='ocrx_word' id='word_1_166' title='bbox 629 2591 665 2644; x_wconf 90' lang='lat' dir='ltr'><strong>ut</strong></span> <span class='ocrx_word' id='word_1_167' title='bbox 688 2604 708 2645; x_wconf 82' lang='lat' dir='ltr'><strong>a</strong></span> <span class='ocrx_word' id='word_1_168' title='bbox 723 2581 982 2646; x_wconf 84' lang='lat' dir='ltr'><strong>Praedeceseore</strong></span> <span class='ocrx_word' id='word_1_169' title='bbox 1008 2583 1070 2648; x_wconf 85' lang='lat' dir='ltr'><strong>hac</strong></span> <span class='ocrx_word' id='word_1_170' title='bbox 1095 2586 1130 2650; x_wconf 92' lang='lat' dir='ltr'><strong>in</strong></span> 
     </span>
     <span class='ocr_line' id='line_1_23' title="bbox 16 2677 1126 2768; baseline 0.008 -31"><span class='ocrx_word' id='word_1_171' title='bbox 16 2699 42 2738; x_wconf 86' lang='lat' dir='ltr'><strong>re</strong></span> <span class='ocrx_word' id='word_1_172' title='bbox 62 2677 235 2743; x_wconf 85' lang='lat' dir='ltr'><strong>discedens</strong></span> <span class='ocrx_word' id='word_1_173' title='bbox 258 2701 379 2764; x_wconf 84' lang='lat' dir='ltr'><strong>magno</strong></span> <span class='ocrx_word' id='word_1_174' title='bbox 404 2679 578 2764; x_wconf 88' lang='lat' dir='ltr'><strong>splendore</strong></span> <span class='ocrx_word' id='word_1_175' title='bbox 602 2689 738 2744; x_wconf 86' lang='lat' dir='ltr'><strong>externo</strong></span> <span class='ocrx_word' id='word_1_176' title='bbox 762 2701 796 2742; x_wconf 87' lang='lat' dir='ltr'><strong>se</strong></span> <span class='ocrx_word' id='word_1_177' title='bbox 822 2681 1014 2768; x_wconf 88' lang='lat' dir='ltr'><strong>curiamque</strong></span> <span class='ocrx_word' id='word_1_178' title='bbox 1042 2683 1126 2746; x_wconf 86' lang='lat' dir='ltr'><strong>Ave·</strong></span> 
     </span>
     <span class='ocr_line' id='line_1_24' title="bbox 13 2777 1127 2866; baseline 0.005 -30"><span class='ocrx_word' id='word_1_179' title='bbox 13 2777 193 2842; x_wconf 88' lang='lat' dir='ltr'><strong>uiouensem</strong></span> <span class='ocrx_word' id='word_1_180' title='bbox 212 2792 352 2844; x_wconf 83' lang='lat' dir='ltr'><strong>ornaret.</strong></span> <span class='ocrx_word' id='word_1_181' title='bbox 389 2777 619 2843; x_wconf 84' lang='lat' dir='ltr'><strong>Caesarianam</strong></span> <span class='ocrx_word' id='word_1_182' title='bbox 634 2777 718 2841; x_wconf 81' lang='lat' dir='ltr'><strong>illud</strong></span> <span class='ocrx_word' id='word_1_183' title='bbox 732 2778 858 2842; x_wconf 77' lang='lat' dir='ltr'><strong>verbum</strong></span> <span class='ocrx_word' id='word_1_184' title='bbox 874 2801 980 2842; x_wconf 88' lang='lat' dir='ltr'><strong>coram</strong></span> <span class='ocrx_word' id='word_1_185' title='bbox 1004 2803 1127 2866; x_wconf 85' lang='lat' dir='ltr'><strong>semper</strong></span> 
     </span>
     <span class='ocr_line' id='line_1_25' title="bbox 13 2873 1127 2965; baseline 0.004 -28"><span class='ocrx_word' id='word_1_186' title='bbox 13 2873 138 2954; x_wconf 82' lang='lat' dir='ltr'><strong>lubebat,</strong></span> <span class='ocrx_word' id='word_1_187' title='bbox 164 2879 346 2962; x_wconf 82' lang='lat' dir='ltr'><strong>quempiam</strong></span> <span class='ocrx_word' id='word_1_188' title='bbox 368 2900 432 2941; x_wconf 82' lang='lat' dir='ltr'><strong>aaa</strong></span> <span class='ocrx_word' id='word_1_189' title='bbox 456 2877 564 2941; x_wconf 82' lang='lat' dir='ltr'><strong>decere</strong></span> <span class='ocrx_word' id='word_1_190' title='bbox 588 2875 734 2939; x_wconf 82' lang='lat' dir='ltr'><strong>videlicet</strong></span> <span class='ocrx_word' id='word_1_191' title='bbox 762 2877 800 2938; x_wconf 86' lang='lat' dir='ltr'><strong>de</strong></span> <span class='ocrx_word' id='word_1_192' title='bbox 820 2881 1008 2963; x_wconf 80' lang='lat' dir='ltr'><strong>praesentia</strong></span> <span class='ocrx_word' id='word_1_193' title='bbox 1035 2880 1127 2965; x_wconf 84' lang='lat' dir='ltr'><strong>pria-</strong></span> 
     </span>
     <span class='ocr_line' id='line_1_26' title="bbox 22 2973 1133 3060; baseline 0.009 -29"><span class='ocrx_word' id='word_1_194' title='bbox 22 2975 83 3057; x_wconf 74' lang='lat' dir='ltr'><strong>.&#39;pie</strong></span> <span class='ocrx_word' id='word_1_195' title='bbox 116 2999 181 3040; x_wconf 75' lang='lat' dir='ltr'><strong>nort</strong></span> <span class='ocrx_word' id='word_1_196' title='bbox 223 2987 399 3040; x_wconf 80' lang='lat' dir='ltr'><strong>contentam</strong></span> <span class='ocrx_word' id='word_1_197' title='bbox 440 2975 538 3040; x_wconf 84' lang='lat' dir='ltr'><strong>abire.</strong></span> <span class='ocrx_word' id='word_1_198' title='bbox 599 2973 747 3038; x_wconf 83' lang='lat' dir='ltr'><strong>Habebat</strong></span> <span class='ocrx_word' id='word_1_199' title='bbox 777 2976 908 3060; x_wconf 76' lang='lat' dir='ltr'><strong>insuper</strong></span> <span class='ocrx_word' id='word_1_200' title='bbox 939 2977 1133 3042; x_wconf 68' lang='lat' dir='ltr'><strong>doctrinam</strong></span> 
     </span>
     <span class='ocr_line' id='line_1_27' title="bbox 14 3070 1130 3158; baseline 0.006 -26"><span class='ocrx_word' id='word_1_201' title='bbox 14 3070 100 3150; x_wconf 79' lang='lat' dir='ltr'><strong>illam,</strong></span> <span class='ocrx_word' id='word_1_202' title='bbox 237 3073 322 3158; x_wconf 83' lang='lat' dir='ltr'><strong>qaod</strong></span> <span class='ocrx_word' id='word_1_203' title='bbox 343 3073 488 3137; x_wconf 80' lang='lat' dir='ltr'><strong>videlicet</strong></span> <span class='ocrx_word' id='word_1_204' title='bbox 512 3073 586 3136; x_wconf 82' lang='lat' dir='ltr'><strong>clam</strong></span> <span class='ocrx_word' id='word_1_205' title='bbox 609 3083 728 3158; x_wconf 80' lang='lat' dir='ltr'><strong>tempus</strong></span> <span class='ocrx_word' id='word_1_206' title='bbox 752 3071 915 3148; x_wconf 82' lang='lat' dir='ltr'><strong>babemus,</strong></span> <span class='ocrx_word' id='word_1_207' title='bbox 949 3074 993 3138; x_wconf 87' lang='lat' dir='ltr'><strong>ad</strong></span> <span class='ocrx_word' id='word_1_208' title='bbox 1021 3097 1130 3139; x_wconf 77' lang='lat' dir='ltr'><strong>omnes</strong></span> 
     </span>
     <span class='ocr_line' id='line_1_28' title="bbox 15 3170 1129 3259; baseline 0.004 -29"><span class='ocrx_word' id='word_1_209' title='bbox 15 3179 40 3230; x_wconf 80' lang='lat' dir='ltr'><strong>ei</strong></span> <span class='ocrx_word' id='word_1_210' title='bbox 59 3175 193 3236; x_wconf 68' lang='lat' dir='ltr'><strong>maxime</strong></span> <span class='ocrx_word' id='word_1_211' title='bbox 227 3172 271 3236; x_wconf 87' lang='lat' dir='ltr'><strong>ad</strong></span> <span class='ocrx_word' id='word_1_212' title='bbox 305 3171 488 3234; x_wconf 73' lang='lat' dir='ltr'><strong>domesticos</strong></span> <span class='ocrx_word' id='word_1_213' title='bbox 515 3171 598 3252; x_wconf 78' lang='lat' dir='ltr'><strong>fidei</strong></span> <span class='ocrx_word' id='word_1_214' title='bbox 634 3170 746 3232; x_wconf 81' lang='lat' dir='ltr'><strong>bonam</strong></span> <span class='ocrx_word' id='word_1_215' title='bbox 782 3173 914 3254; x_wconf 82' lang='lat' dir='ltr'><strong>operari</strong></span> <span class='ocrx_word' id='word_1_216' title='bbox 945 3174 1129 3259; x_wconf 84' lang='lat' dir='ltr'><strong>teaemar.¹)</strong></span> 
     </span>
     <span class='ocr_line' id='line_1_29' title="bbox 17 3265 1130 3354; baseline 0.006 -26"><span class='ocrx_word' id='word_1_217' title='bbox 17 3265 182 3353; x_wconf 68' lang='lat' dir='ltr'><strong>Prosperam</strong></span> <span class='ocrx_word' id='word_1_218' title='bbox 207 3271 301 3332; x_wconf 84' lang='lat' dir='ltr'><strong>etiam</strong></span> <span class='ocrx_word' id='word_1_219' title='bbox 325 3279 354 3331; x_wconf 84' lang='lat' dir='ltr'><strong>et</strong></span> <span class='ocrx_word' id='word_1_220' title='bbox 377 3291 551 3353; x_wconf 79' lang='lat' dir='ltr'><strong>epeaoram,</strong></span> <span class='ocrx_word' id='word_1_221' title='bbox 580 3271 772 3354; x_wconf 78' lang='lat' dir='ltr'><strong>praesertim</strong></span> <span class='ocrx_word' id='word_1_222' title='bbox 805 3267 933 3332; x_wconf 79' lang='lat' dir='ltr'><strong>illoram</strong></span> <span class='ocrx_word' id='word_1_223' title='bbox 966 3272 1020 3354; x_wconf 85' lang='lat' dir='ltr'><strong>qai</strong></span> <span class='ocrx_word' id='word_1_224' title='bbox 1044 3271 1130 3335; x_wconf 83' lang='lat' dir='ltr'><strong>alias</strong></span> 
     </span>
     <span class='ocr_line' id='line_1_30' title="bbox 14 3365 1128 3455; baseline 0.009 -31"><span class='ocrx_word' id='word_1_225' title='bbox 14 3365 209 3432; x_wconf 79' lang='lat' dir='ltr'><strong>abundabant</strong></span> <span class='ocrx_word' id='word_1_226' title='bbox 231 3378 261 3431; x_wconf 87' lang='lat' dir='ltr'><strong>et</strong></span> <span class='ocrx_word' id='word_1_227' title='bbox 285 3367 462 3430; x_wconf 84' lang='lat' dir='ltr'><strong>mendicare</strong></span> <span class='ocrx_word' id='word_1_228' title='bbox 487 3365 726 3442; x_wconf 74' lang='lat' dir='ltr'><strong>erabescebant,</strong></span> <span class='ocrx_word' id='word_1_229' title='bbox 751 3367 989 3431; x_wconf 72' lang='lat' dir='ltr'><strong>necessitatibus</strong></span> <span class='ocrx_word' id='word_1_230' title='bbox 1013 3368 1128 3455; x_wconf 75' lang='lat' dir='ltr'><strong>larpie·</strong></span> 
     </span>
     <span class='ocr_line' id='line_1_31' title="bbox 18 3463 1132 3548; baseline 0.003 -21"><span class='ocrx_word' id='word_1_231' title='bbox 18 3464 79 3527; x_wconf 73' lang='lat' dir='ltr'><strong>tiene</strong></span> <span class='ocrx_word' id='word_1_232' title='bbox 101 3467 257 3546; x_wconf 73' lang='lat' dir='ltr'><strong>snbvertit,</strong></span> <span class='ocrx_word' id='word_1_233' title='bbox 282 3465 487 3529; x_wconf 76' lang='lat' dir='ltr'><strong>consideratae</strong></span> <span class='ocrx_word' id='word_1_234' title='bbox 511 3466 546 3528; x_wconf 82' lang='lat' dir='ltr'><strong>ia</strong></span> <span class='ocrx_word' id='word_1_235' title='bbox 569 3464 611 3528; x_wconf 81' lang='lat' dir='ltr'><strong>iis</strong></span> <span class='ocrx_word' id='word_1_236' title='bbox 635 3463 793 3540; x_wconf 75' lang='lat' dir='ltr'><strong>omnibns,</strong></span> <span class='ocrx_word' id='word_1_237' title='bbox 827 3463 910 3548; x_wconf 84' lang='lat' dir='ltr'><strong>qaod</strong></span> <span class='ocrx_word' id='word_1_238' title='bbox 934 3466 1020 3530; x_wconf 81' lang='lat' dir='ltr'><strong>beati</strong></span> <span class='ocrx_word' id='word_1_239' title='bbox 1042 3468 1132 3530; x_wconf 81' lang='lat' dir='ltr'><strong>mites</strong></span> 
     </span>
     <span class='ocr_line' id='line_1_32' title="bbox 15 3563 1132 3650; baseline 0.005 -29"><span class='ocrx_word' id='word_1_240' title='bbox 15 3563 136 3628; x_wconf 74' lang='lat' dir='ltr'><strong>abacti</strong></span> <span class='ocrx_word' id='word_1_241' title='bbox 159 3563 389 3642; x_wconf 78' lang='lat' dir='ltr'><strong>misericordes,</strong></span> <span class='ocrx_word' id='word_1_242' title='bbox 413 3564 563 3648; x_wconf 81' lang='lat' dir='ltr'><strong>qnoniam</strong></span> <span class='ocrx_word' id='word_1_243' title='bbox 585 3563 835 3626; x_wconf 67' lang='lat' dir='ltr'><strong>misericordiam</strong></span> <span class='ocrx_word' id='word_1_244' title='bbox 857 3563 1132 3650; x_wconf 78' lang='lat' dir='ltr'><strong>consequantur.¹)</strong></span> 
     </span>
     <span class='ocr_line' id='line_1_33' title="bbox 19 3655 1129 3746; baseline 0.004 -24"><span class='ocrx_word' id='word_1_245' title='bbox 19 3655 100 3726; x_wconf 75' lang='lat' dir='ltr'><strong>Unde</strong></span> <span class='ocrx_word' id='word_1_246' title='bbox 123 3674 157 3727; x_wconf 89' lang='lat' dir='ltr'><strong>et</strong></span> <span class='ocrx_word' id='word_1_247' title='bbox 182 3660 361 3725; x_wconf 87' lang='lat' dir='ltr'><strong>clementia</strong></span> <span class='ocrx_word' id='word_1_248' title='bbox 384 3662 465 3746; x_wconf 88' lang='lat' dir='ltr'><strong>ejus,</strong></span> <span class='ocrx_word' id='word_1_249' title='bbox 491 3660 719 3724; x_wconf 84' lang='lat' dir='ltr'><strong>misericordia</strong></span> <span class='ocrx_word' id='word_1_250' title='bbox 742 3669 775 3724; x_wconf 88' lang='lat' dir='ltr'><strong>et</strong></span> <span class='ocrx_word' id='word_1_251' title='bbox 789 3660 925 3746; x_wconf 84' lang='lat' dir='ltr'><strong>largitas</strong></span> <span class='ocrx_word' id='word_1_252' title='bbox 950 3662 1129 3726; x_wconf 91' lang='lat' dir='ltr'><strong>multorum</strong></span> 
     </span>
    </p>
   </div>
   <div class='ocr_carea' id='block_1_4' title="bbox 16 3753 1130 3943">
    <p class='ocr_par' dir='ltr' id='par_1_4' title="bbox 16 3753 1130 3943">
     <span class='ocr_line' id='line_1_34' title="bbox 16 3753 1130 3845; baseline 0.007 -29"><span class='ocrx_word' id='word_1_253' title='bbox 16 3753 113 3824; x_wconf 80' lang='lat' dir='ltr'><strong>laudes</strong></span> <span class='ocrx_word' id='word_1_254' title='bbox 148 3770 359 3838; x_wconf 80' lang='lat' dir='ltr'><strong>merueruut3</strong></span> <span class='ocrx_word' id='word_1_255' title='bbox 398 3758 455 3823; x_wconf 86' lang='lat' dir='ltr'><strong>alii</strong></span> <span class='ocrx_word' id='word_1_256' title='bbox 500 3769 611 3824; x_wconf 83' lang='lat' dir='ltr'><strong>tamen</strong></span> <span class='ocrx_word' id='word_1_257' title='bbox 651 3757 893 3845; x_wconf 87' lang='lat' dir='ltr'><strong>aliquantisper</strong></span> <span class='ocrx_word' id='word_1_258' title='bbox 924 3757 1130 3824; x_wconf 87' lang='lat' dir='ltr'><strong>Clementem</strong></span> 
     </span>
     <span class='ocr_line' id='line_1_35' title="bbox 19 3851 1129 3943; baseline 0.005 -28"><span class='ocrx_word' id='word_1_259' title='bbox 19 3851 67 3918; x_wconf 83' lang='lat' dir='ltr'><strong>bec</strong></span> <span class='ocrx_word' id='word_1_260' title='bbox 89 3859 122 3921; x_wconf 91' lang='lat' dir='ltr'><strong>in</strong></span> <span class='ocrx_word' id='word_1_261' title='bbox 153 3881 190 3922; x_wconf 87' lang='lat' dir='ltr'><strong>re</strong></span> <span class='ocrx_word' id='word_1_262' title='bbox 224 3859 405 3921; x_wconf 83' lang='lat' dir='ltr'><strong>excessisse</strong></span> <span class='ocrx_word' id='word_1_263' title='bbox 434 3866 570 3942; x_wconf 87' lang='lat' dir='ltr'><strong>putant,</strong></span> <span class='ocrx_word' id='word_1_264' title='bbox 602 3879 705 3943; x_wconf 92' lang='lat' dir='ltr'><strong>quum</strong></span> <span class='ocrx_word' id='word_1_265' title='bbox 737 3858 830 3921; x_wconf 88' lang='lat' dir='ltr'><strong>varia</strong></span> <span class='ocrx_word' id='word_1_266' title='bbox 861 3857 1129 3922; x_wconf 85' lang='lat' dir='ltr'><strong>Praedecessoris</strong></span> 
     </span>
    </p>
   </div>
   <div class='ocr_carea' id='block_1_5' title="bbox 22 4031 218 4044">
    <p class='ocr_par' dir='ltr' id='par_1_5' title="bbox 22 4031 218 4044">
     <span class='ocr_line' id='line_1_36' title="bbox 22 4031 218 4044; baseline 0.005 -2"><span class='ocrx_word' id='word_1_267' title='bbox 22 4031 218 4044; x_wconf 54' lang='lat' dir='ltr'><strong>‘hu-...—</strong></span> 
     </span>
    </p>
   </div>
   <div class='ocr_carea' id='block_1_6' title="bbox 17 4149 713 4298">
    <p class='ocr_par' dir='ltr' id='par_1_6' title="bbox 17 4149 713 4298">
     <span class='ocr_line' id='line_1_37' title="bbox 78 4149 713 4218; baseline -0.002 -13"><span class='ocrx_word' id='word_1_268' title='bbox 78 4151 96 4218; x_wconf 81' lang='grc' dir='ltr'><strong>ι)</strong></span> <span class='ocrx_word' id='word_1_269' title='bbox 113 4150 217 4215; x_wconf 71' lang='lat' dir='ltr'><strong>Ralut„</strong></span> <span class='ocrx_word' id='word_1_270' title='bbox 237 4149 305 4204; x_wconf 86' lang='lat' dir='ltr'><strong>Vita</strong></span> <span class='ocrx_word' id='word_1_271' title='bbox 325 4149 473 4204; x_wconf 84' lang='lat' dir='ltr'><strong>Clementis</strong></span> <span class='ocrx_word' id='word_1_272' title='bbox 493 4150 585 4204; x_wconf 84' lang='lat' dir='ltr'><strong>tertie.</strong></span> <span class='ocrx_word' id='word_1_273' title='bbox 605 4165 631 4217; x_wconf 89' lang='lat' dir='ltr'><strong>p.</strong></span> <span class='ocrx_word' id='word_1_274' title='bbox 652 4151 713 4204; x_wconf 87' lang='lat'>311.</span> 
     </span>
     <span class='ocr_line' id='line_1_38' title="bbox 17 4229 710 4298; baseline -0.007 -12"><span class='ocrx_word' id='word_1_275' title='bbox 17 4229 18 4244; x_wconf 74' lang='lat'>³</span> <span class='ocrx_word' id='word_1_276' title='bbox 77 4229 217 4298; x_wconf 63' lang='lat' dir='ltr'><strong>³)Bulnt„</strong></span> <span class='ocrx_word' id='word_1_277' title='bbox 238 4229 305 4282; x_wconf 77' lang='lat' dir='ltr'><strong>vita</strong></span> <span class='ocrx_word' id='word_1_278' title='bbox 325 4229 471 4284; x_wconf 84' lang='lat' dir='ltr'><strong>Clementis</strong></span> <span class='ocrx_word' id='word_1_279' title='bbox 491 4229 585 4298; x_wconf 85' lang='lat' dir='ltr'><strong>prima,</strong></span> <span class='ocrx_word' id='word_1_280' title='bbox 604 4245 630 4297; x_wconf 82' lang='lat' dir='ltr'><strong>p,</strong></span> <span class='ocrx_word' id='word_1_281' title='bbox 651 4231 710 4282; x_wconf 75' lang='lat'>264.</span> 
     </span>
    </p>
   </div>
   <div class='ocr_carea' id='block_1_7' title="bbox 0 0 1430 4834">
    <p class='ocr_par' dir='ltr' id='par_1_7' title="bbox 0 0 1430 4834">
     <span class='ocr_line' id='line_1_39' title="bbox 0 0 1430 4834; baseline 0 0"><span class='ocrx_word' id='word_1_282' title='bbox 0 0 1430 4834; x_wconf 95' lang='lat' dir='ltr'><strong> </strong></span> 
     </span>
    </p>
   </div>
  </div>
 </body>
</html>
