2850 4834
461 450 609 519 Gregorius
627 451 677 507 xl.
1077 449 1129 504 173

26 595 77 666 ini
94 595 139 658 sic
161 594 322 681 disposuit
342 593 452 678 facere
475 606 505 658 et
528 595 700 676 ordinauit,
730 595 872 679 quamuis
895 604 1006 658 contra
1029 594 1129 657 consi·

23 691 85 754 lium
106 702 136 756 et
158 693 418 757 deliberationem
441 695 534 779 quasi
557 695 652 758 totius
680 689 812 778 Colleqii
835 694 1028 776 omnicmtque
1052 693 1129 754 ami-

24 813 112 852 corum
141 813 279 870 urorum,
311 801 342 854 ct
371 791 506 855 111113ι
531 792 647 856 mensis
671 789 863 878 Septembris
896 791 975 854 anni
996 789 1131 853 Domini

23 888 92 951 1376
120 888 158 952 de
182 888 344 952 dveniens
371 890 509 968 recessit,
546 939 553 954 .
580 942 587 956 .
613 939 621 953 .
656 901 685 953 et
708 889 760 952 die
784 891 843 952 17·
869 888 1028 952 Jununrii
1051 885 1131 950 anui

20 985 138 1049 domini
170 988 260 1050 1377
299 988 458 1072 inpressas
497 998 543 1051 est
572 989 707 1050 Romam
744 985 914 1070 equitando
949 984 988 1048 de
1012 981 1128 1048 Sancto

22 1082 126 1162 Paulo,
164 1083 221 1148 ubi
257 1085 302 1148 ad
337 1095 454 1148 terrum
486 1085 524 1148 de
555 1086 683 1171 naoiqio
719 1083 924 1148 descenderat
956 1105 1053 1168 usque
1085 1080 1130 1144 ad

21 1183 156 1244 1111111111
179 1183 317 1260 Pet-rum,
333 1182 464 1269 fuitque
488 1181 605 1246 ibidem
626 1193 769 1268 receptus
792 1205 860 1245 cum
882 1179 1129 1267 111911εοί11-

19 1279 104 1341 nitate
137 1289 167 1343 et
196 1280 322 1346 bonore.
370 1278 539 1344 Sciendum
569 1289 682 1358 tumen,
715 1279 799 1365 quod
821 1279 962 1342 Romani
991 1279 1030 1340 de
1060 1277 1128 1340 illis

19 1397 85 1458 quac
100 1376 163 1440 sibi
179 1379 351 1464 perprius
360 1380 578 1464 promiserant
586 1380 785 1465 paucissima
802 1376 1014 1454 attenderunt,
1033 1395 1129 1461 prue-

17 1475 111 1536 rertim
127 1477 213 1538 circe
226 1474 288 1539 1111
303 1499 383 1561 quae
397 1475 625 1540 concernebant
646 1479 783 1561 reqimen
802 1475 905 1540 Urbis.
914 1475 938 1556 ¹)
957 1513 994 1522 —
1015 1472 1128 1552 Quum

17 1589 83 1633 1111
107 1572 213 1636 Roma
246 1572 326 1638 urbe
355 1573 398 1638 ob
425 1572 560 1658 longum
584 1573 783 1638 Pontificum
814 1572 999 1637 absentium
1030 1570 1129 1656 plane

16 1665 131 1754 dilapsa
165 1681 261 1750 esset,
298 1670 507 1757 plurimaque
539 1672 669 1757 antiqui
699 1671 883 1757 splendoris
914 1680 1128 1737 monuments

16 1762 112 1830 diruta
142 1769 305 1853 jecerent,
338 1779 505 1834 caeterum
530 1769 710 1854 Gregorius
744 1769 864 1833 multus
888 1768 1071 1833 offenderet
1093 1769 1127 1831 in

16 1862 99 1929 lulis
115 1865 331 1932 difficultates
347 1889 387 1931 nc
403 1889 474 1932 sese
488 1866 593 1932 veluti
610 1866 804 1932 derelictum
832 1866 957 1931 ibidem
982 1867 1127 1946 sentiret,

13 1961 72 2044 jum
89 1963 186 2029 brevi
204 1964 374 2049 cogitabat
388 1965 429 2029 de
445 1965 554 2029 reditu
578 1967 613 2030 in
629 1963 783 2030 Galliam.
820 1965 885 2030 Sed
910 1973 1014 2028 morte
1037 1985 1128 2048 prse-

15 2078 119 2126 tentns
144 2064 218 2129 fuit.
259 2063 432 2150 Greqorius
453 2064 609 2145 uidelicet,
633 2089 654 2128 u
669 2069 835 2154 juventute
858 2065 937 2128 satis
961 2061 1076 2126 debilis
1100 2072 1130 2124 et

14 2159 269 2240 valetudinarius,
308 2187 328 2226 1
362 2164 454 2248 prasi
476 2163 660 2248 infirmitate
683 2163 836 2242 detentus,
864 2162 973 2225 deuote
996 2160 1129 2244 receptis
1140 2162 1204 2264 ²¹⁰3!
1212 2161 1297 2264 Ψ·

15 2255 222 2323 Sacramentis
258 2283 326 2324 cum
356 2284 473 2346 meque
504 2261 611 2324 cordis
648 2261 834 2324 contritione
858 2271 959 2346 prout
991 2259 1128 2322 Domino
1254 2253 1260 2265 ’

9 2353 120 2436 placuit
146 2358 199 2420 die
223 2361 282 2421 27·
304 2361 418 2422 mensis
433 2360 551 2422 Martii
575 2359 654 2422 unni
668 2361 757 2422 1378
779 2360 815 2420 in
825 2381 908 2443 pace
931 2359 1056 2442 quievit.
1074 2412 1078 2420 .
1095 2406 1102 2420 .
1117 2407 1123 2418 .

14 2449 165 2523 Quamdiu
178 2454 339 2520 Ecclesiae
350 2456 500 2543 praefuit
515 2459 608 2542 quasi
622 2457 768 2520 continue
779 2455 931 2520 mentales
946 2456 1128 2520 1111111111

10 2547 105 2615 lubuit
122 2564 265 2640 propter
289 2554 494 2633 turbationes,
519 2577 599 2640 quae
622 2554 722 2618 eidem
737 2554 898 2618 Ecclesiae
922 2576 977 2617 suo
993 2564 1127 2638 tempore

11 2654 209 2738 tontiqerunt,
241 2651 353 2736 quibus
376 2663 527 2738 quantum
545 2654 653 2738 potuit
676 2675 743 2716 cum
767 2654 853 2715 omni
874 2652 1044 2737 diliqentiu
1075 2648 1125 2711 ab·

9 2747 103 2814 11111.
157 2747 222 2812 Sed
238 2747 335 2836 plene
366 2771 431 2812 non
462 2749 571 2813 calens
610 2747 779 2826 occurrere,
813 2751 908 2814 etiam
934 2773 998 2824 non
1021 2750 1125 2811 ntem

10 2847 140 2930 afflictus
167 2858 214 2910 est
236 2848 270 2910 in
289 2869 451 2933 perseum·
483 2871 576 2932 quem
598 2847 729 2934 qraoela
753 2847 833 2912 adeo
855 2849 1011 2934 91111111,
1042 2845 1126 2930 quod

8 2943 65 3007 dies
87 2966 167 3008 mos
189 2947 225 3008 in
247 2968 364 3030 maqnu
382 2955 479 3031 purte
502 2947 681 3012 minoravit.
726 2945 877 3009 Nondum
900 2947 982 3008 enim
1006 2967 1125 3006 annum

7 3041 276 3128 quadrupesimum
297 3043 462 3130 septimum
486 3043 602 3107 aetatis
625 3065 700 3106 suae
724 3045 883 3128 attiqerat,
907 3043 1034 3130 quondo
1058 3047 1125 3131 ejus

6 3141 140 3224 spriritus,
172 3150 211 3206 ut
231 3141 290 3226 pie
313 3141 463 3220 creditur,
494 3139 539 3204 ad
562 3164 693 3226 superos
716 3141 893 3223 evolavit.²)
939 3141 1019 3205 Post
1051 3141 1122 3226 ejus

5 3236 123 3304 obitum
149 3247 224 3303 ortu
247 3248 297 3302 est
318 3239 354 3302 in
377 3237 530 3303 Ecclesia
554 3238 675 3303 divisio
699 3241 877 3320 teterrime,
902 3260 987 3325 quse
1011 3236 1123 3302 multis

6 3339 91 3401 suuis
104 3336 254 3418 duravit,
279 3335 410 3400 dnobus
433 3335 542 3420 simul,
566 3335 746 3424 uliqusndo
770 3337 876 3405 tribus
892 3335 1121 3415 Pontificibus,

6 3432 69 3497 aliis
91 3435 233 3516 Romae,
266 3433 341 3498 eliis
365 3435 541 3499 Avenione
565 3443 598 3499 et
619 3433 700 3499 alibi
724 3435 926 3501 sedentibus.
974 3433 1048 3515 Quo
1080 3434 1121 3498 de

6 3530 178 3598 schismate
203 3532 270 3597 slis
293 3534 327 3597 in
352 3533 593 3598 Dissertatione
615 3555 761 3618 egemus.

66 3817 87 3887 ¹)
105 3817 204 3872 Balnt.
223 3815 316 3870 Primo
334 3815 402 3870 viic
421 3815 504 3886 Greg.
523 3815 572 3870 XI.
590 3832 616 3883 p.
634 3817 696 3873 438.

65 3897 88 3970 ¹)
107 3898 206 3954 Bulut.
224 3895 319 3951 Prius
336 3895 406 3950 Vite
424 3896 507 3966 Grcg.
525 3897 574 3954 XI.
593 3912 619 3964 p.
638 3897 699 3951 441.
