2916 4842
374 455 412 508 De
431 453 585 509 haeresibus
604 463 632 510 et
650 456 849 512 controversiis.
1021 497 1026 504 -
1134 460 1168 518 81

70 621 175 662 norum
198 601 260 662 iter
284 600 463 682 assumpsit
487 597 712 684 delinquendi,
737 622 837 685 quam
862 604 1011 686 protinus
1036 606 1081 668 ita
1105 615 1169 669 tur-

69 697 153 779 barit,
178 696 267 782 quod
292 697 430 760 minime
448 695 627 760 Christiani
652 695 866 762 ecclesiarum
890 699 1021 764 adirent
1042 702 1168 786 limina,

64 794 110 858 sed
133 793 285 860 divinum
315 803 562 858 contemnentes
585 797 806 878 mysterium,
823 797 1049 862 sacerdotibus
1082 799 1169 864 obla-

62 895 163 975 tiones,
188 893 365 978 primitias,
390 891 546 974 decimae,
572 892 777 956 infirmorum
802 895 1017 976 visitationes
1043 907 1075 960 et
1098 898 1170 962 soli·

61 1008 117 1052 tarn
131 989 344 1074 denegabant
359 991 609 1055 reverentiam.“
660 989 771 1070 Quum
784 990 956 1076 ,Eugenius
969 993 1020 1058 III
1036 1017 1064 1060 a.
1083 997 1168 1059 1147

60 1089 86 1150 in
109 1085 216 1151 Gallia
241 1087 385 1170 degeret,
411 1086 454 1152 ad
478 1087 680 1152 cohibendos
705 1088 843 1152 Hem-ici
868 1113 1058 1175 progressus
1087 1093 1169 1179 ejus·

58 1207 113 1270 que
128 1207 255 1250 errores
271 1185 551 1266 exterminandos,
575 1185 775 1271 legationem
789 1187 1004 1273 apostolicam
1024 1190 1058 1254 in
1075 1188 1169 1256 Occi-

57 1285 171 1346 taniam
203 1285 372 1347 commisit
395 1282 550 1347 Alberico
575 1281 720 1349 Ostiensi
753 1287 919 1371 episcopo,
951 1289 1009 1372 qui
1042 1311 1066 1352 s.
1092 1288 1168 1353 Ber·

57 1381 187 1446 nardum
211 1381 388 1465 legationis
411 1401 490 1446 suae
515 1383 668 1445 comitem
697 1382 849 1448 adscivit.
897 1383 1062 1448 Henricus
1089 1395 1169 1450 tunc

57 1479 132 1564 fugit
165 1490 267 1565 atque
304 1478 494 1543 delitescere
526 1488 662 1543 conatus
692 1491 755 1553 est;
792 1481 849 1545 sed
882 1481 1017 1546 tandem
1053 1479 1169 1569 captrss

58 1579 248 1663 vinctusque
287 1576 394 1662 legato
433 1576 613 1662 apostolico
646 1577 786 1641 traditus
817 1578 889 1642 fuit.
936 1579 988 1644 De
1018 1603 1056 1645 eo
1088 1581 1169 1667 quid

59 1674 184 1740 ulterius
207 1675 378 1757 acciderit,
402 1674 445 1738 ab
461 1675 652 1739 auctoribus
676 1697 741 1739 non
766 1676 926 1760 traditur;
952 1679 1085 1743 credere
1109 1703 1170 1764 par

57 1785 114 1852 est,
151 1795 229 1838 eum
268 1773 437 1838 custodiae
477 1773 689 1854 mandatum,
734 1773 846 1860 ibique
885 1784 1049 1840 mortuum
1089 1799 1168 1842 esse.

58 1871 202 1936 Asseclae
228 1893 307 1934 vero
332 1871 412 1956 ejus,
444 1873 599 1956 magistro
632 1871 780 1935 destituti
813 1872 855 1936 ad
880 1872 1042 1938 catholica
1066 1897 1168 1956 sacra,

56 1992 145 2054 epora
170 1969 366 2054 praesertim
390 1992 415 2034 s.
439 1970 600 2034 Bernardi
630 1979 662 2032 et
685 1969 832 2034 Alberici
858 1969 1054 2053 Cardinalis,
1085 1972 1169 2036 redi·

57 2067 184 2149 aunt1)
212 2103 250 2113 -
277 2067 402 2132 Mirum
432 2067 573 2149 videtur,
610 2068 698 2153 quod
729 2067 890 2153 ejusmodi
924 2067 1089 2157 homines,
1120 2071 1169 2133 uti

57 2165 162 2228 Petrus
187 2163 229 2228 de
254 2165 352 2228 Bruis
376 2174 409 2228 et
420 2165 596 2247 Henricus,
622 2175 712 2229 tanto
736 2175 884 2251 tempore
907 2167 1096 2252 provinciae
1120 2190 1170 2231 ec·
1195 2157 1200 2174 '

58 2263 250 2326 clesiasticas
282 2263 474 2347 perturbare
507 2263 683 2350 potuerint.
740 2263 780 2326 ld
811 2265 931 2348 partim
966 2263 1043 2328 inde
1067 2264 1169 2350 expli-

59 2378 146 2440 catur,
182 2360 273 2446 quod
305 2359 352 2424 illi
383 2363 447 2426 viri
478 2362 572 2426 initio
602 2360 794 2426 viderentur
818 2369 947 2424 tantum
971 2363 1169 2426 severiorem

57 2459 80 2521 ia
96 2458 246 2523 Ecclesia
259 2457 471 2544 disciplinam
485 2481 704 2544 propugnare,
728 2480 852 2523 errores
870 2480 948 2523 vero
965 2459 1169 2543 dogmaticos

53 2559 153 2619 minus
178 2565 292 2640 aperte
315 2567 546 2641 proponerent.
595 2555 706 2636 Quum
741 2558 841 2641 igitur
864 2559 901 2621 'eo
933 2567 1079 2643 tempore
1103 2579 1170 2622 non

50 2655 140 2737 pauci
167 2655 326 2717 severiori
352 2653 548 2739 disciplinae
572 2655 732 2737 faverent,
758 2657 869 2740 etqui
895 2666 1092 2741 supererant
1114 2654 1169 2719 ab·

50 2773 122 2814 usus
134 2751 309 2816 eliminare
325 2751 503 2833 studerent,
529 2751 660 2816 facilius
674 2751 837 2837 ejusmodi
851 2753 939 2816 viros
952 2752 1168 2835 admiserunt,

49 2849 97 2912 vel
120 2849 238 2914 saltem
263 2848 453 2931 tolerarunt,
479 2848 584 2914 donec
608 2870 720 2914 eorum
745 2851 898 2935 impietas
913 2851 1051 2915 evidens
1065 2851 1167 2914 lieret.

46 2946 301 3012 Advertendum
342 2949 442 3011 etiarn
475 2957 538 3029 est,
574 2949 607 3011 in
642 2947 754 3012 multis
784 2948 975 3032 regionibus
1013 2970 1169 3033 magnam

45 3048 259 3130 agitationem
277 3055 383 3109 ortam
398 3044 499 3109 fuisse
516 3055 585 3109 tum
602 3057 736 3130 propter
750 3045 978 3130 expeditiones
995 3049 1168 3130 cruciatae,

45 3166 186 3231 quarum
208 3146 383 3208 occasione
406 3142 508 3228 aliqui
534 3143 777 3228 praedicatores
802 3142 931 3207 insolito
948 3144 1045 3208 modo
1062 3143 1169 3217 multi-

44 3244 171 3307 tudinis
194 3243 357 3306 fervorem
382 3242 620 3323 excitaverant,
653 3251 723 3304 turn
755 3243 927 3305 occasione
951 3241 1059 3306 luctae
1083 3245 1169 3305 inter

43 3341 226 3427 Imperium
251 3350 284 3404 et
299 3339 538 3420 Sacerdotium,
562 3361 602 3402 ac
626 3338 812 3402 schismatis
825 3340 914 3404 Petri
931 3341 1063 3405 Leonis.
1086 3340 1168 3404 Inde

44 3437 269 3524 dependentia
293 3437 500 3501 hierarchica
523 3439 632 3500 minus
656 3436 752 3500 firma
775 3437 838 3500 fuit
861 3437 916 3501 illa
941 3448 1058 3503 aetate.

131 3589 210 3654 103.
257 3588 297 3652 ln
319 3587 418 3654 Italia
441 3611 480 3652 ac
505 3591 650 3653 maxime
672 3586 797 3652 Romae
821 3587 989 3653 Arnaldua
1012 3612 1033 3652 o
1048 3589 1291 3653 Briaeioarmuus
1305 3620 1320 3651 ι

43 3711 163 3757 arares
186 3686 301 3751 turbas
325 3688 494 3767 excitavit,
521 3688 566 3749 uti
591 3688 714 3771 passim
733 3685 804 3771 jam
826 3687 1006 3750 innuimus.
1039 3686 1091 3750 De
1107 3687 1167 3750 Ar·
1209 3674 1296 3714 Bm·

43 3789 139 3852 ualdo
175 3785 311 3871 ejusque
343 3783 453 3849 indole
483 3794 515 3848 et
547 3785 647 3869 gestis
680 3784 825 3849 breviter
856 3794 888 3847 et
919 3805 1058 3848 nervose
1089 3782 1167 3850 Otto

44 3884 284 3968 frisingensis:
327 3881 513 3964 „Arnaldus
545 3884 615 3964 iste,
656 3881 780 3963 scribit,
819 3904 860 3945 ex
889 3881 995 3962 Italia,
1033 3883 1168 3946 civitate

42 3983 160 4048 Brixia
211 3983 390 4063 oriundus,
444 3981 658 4067 ejusdemque
711 3980 869 4045 ecclesiae
917 3980 1074 4064 clericus,
1129 4004 1168 4046 ac

227 4145 256 4152 .-

112 4233 133 4304 ³)
156 4229 274 4285 Gaufiid
305 4228 371 4283 Vita
389 4245 410 4284 s.
429 4229 571 4284 Bernardi.
603 4229 634 4285 L.
653 4227 704 4282 111.

88 4343 239 4391 Ju'rgmarr,
253 4339 446 4379 Dissertatloneu.
470 4339 535 4379 Tem.
553 4339 580 4378 V.
