3000 4838
401 467 441 524 De
460 467 605 524 schismate
623 469 700 524 Petri
719 470 825 524 Leonis.
1160 469 1194 524 61

97 620 163 676 sunt
203 609 383 696 Postquam
416 613 631 676 Innocentius
658 611 692 676 II
722 613 804 678 hora
836 615 933 676 tertia
964 613 1088 678 electus
1119 614 1192 695 fuit,

94 729 153 770 enm
174 708 206 772 in
228 707 405 772 ecclesiam
430 708 689 774 Lateranensem
714 710 926 775 deduxerunt
949 719 982 773 et
1004 712 1039 774 in
1063 733 1195 775 summa

93 805 156 870 sede
177 805 386 888 collocarunt,
412 806 489 871 dein
514 828 592 871 vero
617 809 651 872 in
671 807 794 893 palatio
808 809 1025 872 Lateranensi
1049 807 1193 894 reliquos

91 902 205 968 honoris
226 906 309 968 ritus
333 903 592 990 compleverunt.
639 904 705 970 Sed
729 906 811 970 hora
835 916 928 970 sexta
952 906 1101 991 ejusdem
1126 906 1192 970 diei

90 1015 142 1062 tres
168 1001 282 1087 reliqui
309 999 503 1066 cardinales
534 1004 590 1088 qui
622 1003 663 1068 ad
698 1003 893 1068 electionem
921 1003 1108 1068 faciendam
1139 1004 1192 1068 de-

89 1099 191 1182 signati
214 1110 322 1182 erant,
356 1121 431 1163 cum
456 1100 568 1165 multis
602 1100 690 1182 aliis,
731 1100 978 1184 Cardinalibus,
1018 1103 1191 1187 episcopis,

88 1195 208 1275 clericis,
232 1197 336 1281 laicis,
361 1200 405 1276 ¹in
429 1197 568 1263 ecclesia
593 1201 698 1263 sancti
723 1200 827 1264 Marci
852 1202 1053 1284 congregati,
1082 1209 1194 1286 spreta
1244 1195 1249 1204 “

87 1293 228 1360 electione
252 1295 439 1360 Innocentii
467 1296 508 1378 lI,
532 1297 667 1361 Petrum
691 1298 814 1362 Leonis
839 1295 1049 1361 Cardinalem
1074 1321 1099 1363 s.
1124 1297 1192 1361 Ma·

86 1397 141 1456 riae
162 1405 251 1457 trans
267 1394 416 1458 Tiberim
441 1394 502 1458 sub
528 1397 662 1459 nomine
674 1394 827 1460 Anaeleti
843 1395 875 1459 ll
900 1395 942 1460 ad
968 1393 1087 1459 Sedem
1105 1395 1192 1481 Apo·

85 1491 217 1556 stolicarn
241 1491 383 1556 evehere
408 1493 516 1556 conati
542 1503 629 1557 sunt.
676 1493 775 1558 Unde
799 1515 921 1577 magna
946 1494 980 1557 in
1005 1493 1095 1558 Urbe
1120 1503 1193 1557 orta

85 1587 245 1672 discordia,
277 1590 395 1654 scribit
427 1590 511 1654 Boso
537 1590 727 1655 Cardinalis
758 1593 791 1654 in
823 1591 897 1656 Vita
927 1592 1112 1656 Innocentii
1146 1591 1191 1674 ll,

84 1688 213 1774 episcopi
239 1697 272 1752 et
289 1685 481 1752 Cardinales
505 1690 539 1751 in
565 1698 674 1773 partes
699 1689 782 1753 duas
805 1711 839 1753 se
864 1690 1085 1754 contulerunt.
1124 1688 1191 1754 Sed

84 1784 184 1848 melior
206 1795 240 1849 ct
262 1787 374 1850 sanior
396 1808 471 1871 pars
495 1785 604 1851 eidem
620 1787 825 1868 Innocentio,
850 1788 906 1874 qui
931 1785 1112 1873 majoribus
1127 1797 1191 1850 stu·

84 1881 135 1944 diis
157 1894 188 1946 et
211 1886 338 1948 meritis
356 1882 549 1968 juvabatur,
575 1883 736 1949 adhaesit.
775 1884 938 1949 Recenset
953 1885 1031 1949 dein
1046 1883 1190 1958 sedecim

84 1977 264 2045 Cardinales
289 1983 344 2067 qui
371 1981 448 2045 inde
472 1979 514 2044 ab
539 1983 634 2046 initio
659 1983 729 2067 ejus
753 1993 862 2068 partes
886 1983 989 2046 secuti
1015 1991 1100 2065 sunt,
1125 1991 1192 2046 tres

83 2097 134 2160 qne
155 2076 238 2142 ulios
262 2080 319 2164 qui
349 2101 393 2143 ex
416 2078 557 2143 adversa
588 2091 681 2166 parte
705 2080 748 2144 ad
772 2081 1005 2144 Innocentium
1029 2102 1063 2143 se
1089 2089 1191 2143 verte·

83 2185 155 2239 runt.
179 2213 221 2224 -
246 2177 354 2262 Major
377 2187 488 2241 tamen
513 2199 590 2263 pars
614 2177 844 2242 Cardinalium
868 2200 911 2242 ex
935 2176 1086 2262 partibus
1101 2177 1189 2240 Petri

84 2271 189 2337 Leonis
213 2272 332 2354 stabat,
366 2297 444 2338 nam
468 2275 616 2360 epistolis,
650 2297 749 2361 quarn
778 2275 935 2340 electores
967 2275 1038 2360 ejus
1061 2275 1105 2338 ad
1129 2274 1191 2338 Lo-

85 2368 211 2434 tharium
236 2371 472 2457 Imperatorem
505 2373 677 2455 dederunt,
711 2384 925 2438 recensentur
957 2373 1092 2456 triginta
1123 2372 1191 2435 fere

83 2465 293 2554 Cardinales¹)
316 2479 349 2534 et
363 2469 473 2556 plures
485 2469 623 2536 abbates
636 2473 891 2557 praecipuorum
904 2471 1189 2552 monasteriorum,

82 2569 126 2650 qui
148 2566 345 2632 Anaclctum
369 2568 404 2633 II
434 2591 467 2633 se
492 2569 628 2653 elegisse
653 2569 811 2651 scribunt,
845 2580 878 2634 et
900 2569 1133 2634 Innocentium
1156 2566 1191 2630 II

82 2664 229 2747 rejiciunt

157 2809 207 2872 lb.
245 2809 300 2872 Ex
324 2809 421 2873 dictis
445 2807 579 2894 quidem
605 2807 777 2893 colligitur,
809 2808 1002 2873 electionem
1027 2807 1186 2872 Innoccn·
1211 2835 1342 2884 nuatum

81 2905 111 2966 tii
132 2905 162 2968 Il
193 2905 285 2970 hand
315 2929 355 2970 ea
383 2907 510 2970 ratione
534 2905 672 2970 solemni
697 2916 730 2969 et
752 2905 887 2993 publica
921 2906 1042 2971 factam
1074 2898 1362 3005 fuisse,⁶¹ffi,¹¹1²f⁰·

80 3023 151 3086 qnae
181 3003 372 3090 exoptanda
399 3015 481 3068 erat.
534 3004 600 3069 Sed
632 3005 664 3068 id
697 3007 810 3068 evenit
840 3003 883 3068 ob
914 3002 1070 3089 pericula,
1102 3025 1188 3089 quae
1332 2992 1338 3006 ⁸

79 3113 198 3187 propter
221 3103 438 3168 ambitionem
462 3100 551 3166 Petri
577 3103 700 3166 Leonis
729 3103 865 3188 ejusque
889 3101 1035 3182 familiae
1060 3102 1188 3187 praevi·

79 3197 239 3266 debentur.
253 3200 372 3280 Quoad
386 3199 604 3264 substantiam
616 3221 694 3264 vero
706 3199 821 3264 electio
830 3193 1017 3264 Innocentii
1026 3199 1060 3262 Il
1077 3198 1190 3264 valida

79 3308 146 3377 erat,
173 3321 275 3384 quum
299 3321 341 3362 ex
365 3309 438 3362 octo
463 3297 697 3362 Cardinalibus
722 3298 843 3384 quibus
866 3298 1036 3381 nogotium
1059 3297 1188 3362 electio-

79 3396 121 3458 nis
142 3399 201 3461 rite
224 3398 438 3461 commissum
459 3395 576 3477 fuerat,
602 3396 707 3481 major
730 3406 763 3459 et
786 3395 918 3480 dignior
941 3416 1017 3480 pars
1041 3396 1073 3458 in
1090 3395 1188 3459 Inno-

78 3495 210 3557 centium
239 3495 458 3558 convenisset.
506 3491 681 3557 Caeterum
705 3495 921 3557 innocentius
954 3493 1006 3555 vir
1035 3491 1188 3576 dignissi-

80 3609 140 3654 mus
162 3601 245 3675 erat,
271 3601 305 3656 et
328 3591 507 3656 virtutibus
531 3593 684 3676 iusignia,
710 3593 766 3677 qui
792 3592 926 3655 nonnisi
953 3591 1058 3654 invite
1082 3591 1187 3674 ponti-

80 3685 182 3752 ficatus
205 3711 326 3754 munus
349 3690 495 3774 accepit3
521 3689 637 3753 Petrus
652 3690 775 3753 Leonis
799 3700 909 3754 autem
934 3687 975 3752 ob
993 3688 1188 3764 vitamsae.

81 3784 227 3870 solarem,
267 3787 484 3851 ambitionem
517 3795 551 3850 et
583 3789 799 3872 rapacitatem
834 3805 933 3873 quam
966 3785 1188 3871 legationibus

83 3879 207 3968 fungens
231 3886 266 3948 in
283 3884 406 3968 Anglia
430 3894 463 3948 et
476 3883 591 3949 Gallia
615 3884 814 3966 ostenderat,
840 3884 925 3948 male
941 3883 1083 3948 famatus
1106 3896 1187 3948 erat.

88 4047 269 4060 Ἣ,

146 4160 166 4226 ι)
182 4160 336 4216 Cardinales
355 4167 429 4216 certe
448 4160 550 4230 viginti
570 4175 618 4215 sex
636 4161 816 4228 subscribunt,
835 4161 922 4229 quoad
936 4159 1038 4228 aliquos
1050 4161 1189 4232 episcopos

86 4247 129 4290 non
144 4242 245 4296 omnino
263 4241 358 4310 liquet,
377 4250 471 4296 ntrnm
488 4241 593 4296 merim
612 4241 776 4298 cardinales.
