2868 4844
318 425 370 477 278
551 421 680 476 XXXIII.
701 423 740 476 De
758 437 858 506 magno
877 422 1031 476 Occidentis
1050 422 1203 477 schismate.

147 569 306 672 affl&
406 567 459 632 39.
508 565 701 630 Cardinales
731 568 764 630 ln
798 565 957 630 conclave
990 569 1181 650 congregati
1212 570 1320 630 iterum
1338 567 1409 650 jura·

267 661 271 671 '
299 661 426 729 'mento
459 687 493 728 se
526 663 790 744 adstrinxerunt,
830 674 867 728 ut
899 665 954 750 qui
986 663 1163 748 eligeretur
1202 667 1276 728 totis
1308 663 1409 726 nir-ibus

317 764 431 826 unioni
448 760 642 826 efficiendae
655 760 874 842 adlaboraret,
900 771 932 824 et
954 759 999 826 ad
1015 763 1199 826 cessionem
1224 763 1318 826 etiam
1337 783 1409 844 pan-

316 874 386 925 tum
418 883 451 924 se
483 859 665 925 exhiberet.
713 860 777 924 Die
808 859 869 924 30⁰
898 859 1098 925 Novembris
1137 863 1172 925 in
1203 858 1309 923 locum
1337 859 1409 922 Inno-

315 960 414 1024 centii
432 957 497 1021 Vll
517 957 640 1022 electus
656 967 706 1021 est
724 958 897 1044 Gregorius
904 959 973 1022 XII
984 958 1144 1041 Venetus,
1161 967 1239 1023 ante
1255 955 1411 1043 appellatus

315 1055 465 1139 Angelus
499 1053 684 1138 Corrarius,
722 1055 897 1141 presbyter
931 1055 1129 1123 Cardinalis.
1183 1057 1251 1121 Hic
1283 1075 1411 1136 megnun

315 1175 445 1240 semper·
468 1154 657 1218 ostenderat
679 1155 812 1218 utilonis
836 1153 1049 1235 desiderium,
1082 1165 1182 1240 atque
1216 1155 1310 1218 initio
1332 1153 1418 1236 ponti·¹

315 1253 433 1316 ficatus
456 1253 506 1316 sui
531 1253 634 1316 variis
648 1251 778 1316 actibus
793 1261 826 1314 et
839 1253 951 1315 animo
968 1253 1097 1316 sincero
1114 1251 1310 1316 efficiendae
1325 1249 1412 1312 unioni

315 1349 533 1414 adlaboravit.
583 1348 770 1413 Videbatur
792 1351 895 1414 etiam
919 1350 1121 1414 Benedictus
1143 1361 1282 1436 paratus
1303 1371 1366 1412 esse
1384 1345 1411 1408 al

316 1449 484 1530 unionem,
508 1449 671 1534 quamvis,
695 1449 722 1511 ei
748 1449 909 1532 posterior
924 1449 997 1533 ejus
1011 1448 1133 1532 agendi
1158 1449 1242 1512 ratio
1256 1445 1412 1511 considera·

314 1556 377 1626 tur,
409 1547 525 1610 merito
557 1544 598 1609 de
622 1547 693 1630 ejus
720 1547 849 1610 sincera
872 1545 1042 1610 voluntate
1073 1545 1255 1611 dubitetur.
1304 1545 1409 1626 Legata

317 1646 425 1708 missis
454 1645 540 1708 inter
564 1643 647 1708 duos
672 1643 871 1726 Gregorium
896 1655 929 1707 et
952 1644 1173 1709 Benedictum
1205 1643 1366 1709 convenit
1390 1651 1419 1698 tl

316 1763 528 1825 congressum
546 1740 753 1826 personalem
779 1740 956 1822 heberent3
982 1751 1015 1804 et
1030 1741 1197 1806 destinata
1221 1753 1272 1805 eet
1294 1739 1334 1803 ad
1349 1739 1411 1801 huni·

315 1840 415 1904 finem
447 1841 565 1903 civitas
596 1841 763 1904 maritima
793 1837 913 1918 Saone,
946 1841 1100 1926 quamvis
1132 1839 1249 1904 eadem
1281 1835 1412 1920 Gregorio

315 1939 424 2001 minus
448 1936 607 2021 placeret,
645 1958 682 2000 eo
708 1937 796 2022 quod
828 1948 913 2001 essct
945 1937 1005 2002 sub
1031 1937 1158 2002 ditione
1181 1935 1360 2002 Gallorum.
1388 1967 1409 1978 -

314 2035 387 2100 Non
413 2037 459 2098 ita
483 2032 585 2098 multo
611 2047 684 2120 post
705 2045 857 2099 currente
881 2057 968 2100 anno
986 2035 1069 2099 1407
1087 2033 1269 2120 Gregorius
1292 2035 1413 2097 animun

315 2143 458 2198 mutasse
483 2134 574 2196 visus
605 2144 663 2214 est,
697 2144 730 2197 et
754 2153 856 2219 quum
882 2145 1041 2216 censeret,
1076 2135 1181 2198 nimia
1204 2135 1269 2218 ipsi
1295 2127 1413 2217 pericula

316 2233 489 2296 imminere
513 2233 538 2294 si
565 2229 709 2295 Saeuam
733 2231 1008 2316 proficisceretur,
1038 2231 1138 2296 allam
1162 2232 1261 2317 petiit
1283 2224 1414 2293 destInuri

316 2331 486 2394 civitatem
501 2331 536 2393 in
554 2328 678 2392 ditione
696 2349 765 2410 sua,
791 2328 879 2414 quod
904 2327 1106 2392 Benedictus
1129 2328 1309 2393 recusavit.
1339 2319 1415 2387 Haud

317 2430 363 2492 ita
394 2426 490 2490 facile
522 2437 571 2490 est
601 2426 772 2504 dirimere,
803 2447 967 2511 quaenam
1001 2446 1118 2490 revera
1141 2426 1267 2490 fuerint
1289 2415 1421 2504 crepunt

318 2526 528 2589 intentiones.
583 2523 668 2588 Tum
707 2524 837 2588 influxu
877 2525 1138 2610 propinquorum
1178 2543 1329 2599 suorum,
1367 2531 1416 2579 tun

320 2622 507 2688 diffidentia
537 2622 681 2708 quadam
713 2641 792 2705 erga
823 2619 953 2702 Gallos,
989 2635 1022 2686 et
1053 2619 1266 2686 suasionibus
1295 2611 1419 2683 Ladislai

319 2722 407 2805 regis
430 2718 640 2804 Neapolitani
664 2719 797 2784 videtur
820 2729 1004 2784 commotus
1037 2721 1139 2784 fuisse
1169 2741 1209 2784 ac
1239 2717 1419 2804 perterritus

315 2841 356 2883 ne
381 2817 519 2883 consilia
543 2827 659 2904 coepte
683 2819 726 2883 ad
743 2818 843 2882 finem
869 2817 1058 2898 deduceret,
1088 2819 1243 2904 quemvis
1266 2813 1377 2879 unioni
1397 2831 1420 2870 ss

312 2915 508 2982 adlaborare
533 2925 780 3002 protestaretur.
820 2915 932 2996 Quum
958 2936 1037 2979 vero
1055 2914 1251 2980 Cardinales
1276 2925 1421 2998 urgerent

313 3025 350 3079 ut
373 3035 577 3097 congressus,
611 3013 652 3078 de
676 3035 741 3100 quo
766 3023 969 3079 convenerat
997 3035 1072 3077 cum
1097 3013 1302 3090 adversario,
1333 3010 1421 3075 locun

312 3111 459 3192 haberet,
484 3111 652 3176 discordia
676 3122 747 3176 orta
771 3122 820 3174 est
845 3114 931 3175 inter
954 3109 1153 3196 Gregorium
1178 3122 1212 3175 ct
1235 3105 1421 3174 cardinale.

313 3209 494 3294 Gregorius
518 3219 640 3292 autem,
671 3213 826 3296 quamvis
849 3220 927 3274 ante
950 3209 1147 3274 electionem
1172 3218 1334 3272 statutum
1357 3217 1421 3266 esset

308 3309 509 3395 juramento,
534 3330 575 3372 ne
601 3329 758 3372 numerus
783 3305 1013 3371 Cardinalium
1038 3317 1226 3391 augeretur,
1251 3305 1307 3370 his
1330 3307 1361 3366 iu
1382 3299 1421 3363 ad·

307 3405 434 3492 junctis
467 3407 596 3470 censuit
626 3427 660 3470 se
694 3426 758 3468 non
785 3404 924 3490 obligari
955 3402 1010 3468 illo
1036 3404 1237 3488 juramento,
1273 3401 1421 3484 voluitque

312 3513 454 3590 quatuor
477 3524 581 3566 novos
605 3525 718 3566 creare
744 3500 939 3567 cardinales
963 3502 1177 3585 dignissimos
1201 3511 1234 3566 et
1259 3500 1324 3565 sibi
1349 3497 1421 3561 lidos.

313 3603 399 3666 inter
422 3621 504 3686 quos
529 3601 611 3664 duos
636 3611 782 3686 nepotes.
820 3600 894 3664 Hac
918 3601 1094 3665 occasione
1117 3601 1230 3666 scissio
1258 3597 1421 3664 interPon·

311 3699 435 3764 tificem
453 3709 485 3763 et
500 3697 694 3764 Cardinales
718 3707 948 3764 consummata
973 3708 1032 3763 est.
1074 3695 1421 3783 Mensemajos.1nu

312 3809 437 3883 septem
474 3795 668 3861 Cardinales
703 3796 903 3880 (drogonum
948 3795 1169 3882 reliquerunt,
1207 3817 1251 3860 ec
1287 3795 1419 3876 fugeruut

314 3895 422 3976 Pisas3
448 3906 513 3960 tres
530 3907 659 3959 tantum
674 3893 869 3960 Cardinales
881 3893 973 3979 apud
986 3894 1183 3958 Pontificem
1199 3905 1419 3958 remanserunt.

314 3994 346 4059 Is
376 4015 453 4058 vero
487 4015 564 4058 mox
598 4003 740 4079 quatuor
771 3992 842 4057 illos
873 4015 912 4056 ac
944 4001 1058 4078 postea
1089 3991 1170 4056 alios
1192 3989 1307 4075 plures
1336 4009 1418 4054 note

316 4090 510 4156 Cardinales
535 4094 669 4156 creavit.
