2964 4838
285 423 340 476 450
484 422 611 477 xxxvl.
630 423 671 477 De
689 432 765 478 statu
785 423 921 478 Ecclesiae
940 423 1022 478 initio
1039 422 1114 476 Saea
1134 421 1210 476 m

377 567 430 630 86.
471 567 508 629 7⁰
530 567 672 632 Maximi
696 590 776 631 sane
799 569 959 632 momenti
982 567 1109 646 fuisset,
1134 577 1172 629 ut
1193 565 1330 629 labente
1350 587 1418 628 sae-

172 638 247 667 ⁰m⁸⁶'
287 661 361 726 culo
391 664 461 727 XV
500 663 534 726 in
565 663 651 728 Sede
681 664 875 750 Apostolica
913 663 1181 744 virisedereut,
1216 665 1275 748 qui
1315 665 1418 726 virtu-

286 760 393 842 tibus,
419 761 598 846 dignitate,
622 765 835 844 auctoritate,
860 763 994 846 ingenio
1019 764 1222 840 eminerent,
1250 759 1420 846 rebusque

287 859 520 924 ecclesiasticis
541 861 769 926 restaurandis
783 859 943 945 singulari
961 862 1106 943 energia,
1132 856 1418 944 quemadmodum

287 955 466 1042 aliquando
491 955 673 1042 Gregorius
695 959 765 1024 VII
789 959 927 1045 ejusque
950 979 1176 1034 successores,
1201 975 1338 1042 operam
1364 954 1416 1018 da-

285 1065 369 1118 rent.
395 1054 460 1120 Sed
469 1055 552 1118 adeo
565 1057 713 1138 insigues
725 1078 792 1121 non
803 1057 936 1120 fuerunt
943 1055 1124 1120 Pontifices
1136 1053 1225 1118 illius
1233 1055 1365 1121 aetatis.
1378 1075 1417 1114 ac

288 1149 391 1216 variis
414 1154 514 1216 etiam
537 1175 648 1216 rerum
673 1155 943 1234 circumstantiis,
966 1155 1160 1240 praesertim
1178 1151 1296 1214 Italiae
1311 1149 1419 1212 turbis

288 1251 439 1336 impediti
463 1251 607 1322 fuerunt.
632 1262 671 1315 ut
692 1251 858 1316 influxum
881 1265 1103 1338 opportunum
1129 1263 1161 1314 et
1181 1250 1419 1326 necessarium,

288 1370 353 1434 quo
387 1348 474 1412 mala
507 1350 716 1414 imminentia
756 1351 838 1415 sorte
873 1350 1117 1430 cohibuissent,
1153 1349 1189 1411 in
1225 1349 1419 1410 uuiversum

290 1445 472 1510 Ecclesiam
497 1457 699 1512 exercerent
747 1447 791 1512 Et
814 1451 968 1534 quamvis
991 1446 1095 1511 multa
1118 1469 1204 1532 quae
1228 1445 1270 1508 de
1296 1446 1420 1508 Curiae

287 1545 498 1629 corruptione
519 1543 677 1610 dicuutur
697 1549 832 1611 omnino
857 1557 1058 1630 exaggerata
1072 1547 1148 1626 siut,
1174 1556 1288 1607 tamen
1304 1565 1419 1627 qnam-

288 1641 366 1705 dam
375 1641 573 1728 disciplinae
581 1642 820 1709 relaxationem
831 1647 932 1711 etiam
943 1644 990 1708 ibi
1001 1645 1146 1726 irruisse,
1159 1643 1275 1726 negari
1291 1642 1418 1726 nequit.

288 1737 401 1818 Quum
426 1739 460 1804 id
486 1743 519 1805 in
544 1740 618 1805 aliis
641 1740 834 1826 regionibus
858 1754 891 1806 et
915 1741 1106 1807 nationibus
1128 1762 1195 1806 non
1220 1749 1309 1802 esset
1329 1739 1417 1822 igno-

288 1849 377 1917 tum,
414 1841 523 1903 minus
556 1841 655 1903 etiam
687 1842 868 1904 effecerunt
892 1853 1030 1904 conatus
1060 1838 1104 1902 ab
1132 1836 1261 1923 aliquot
1283 1835 1419 1900 Pontifi-

289 1933 383 1998 cibus
407 1935 548 2000 adhibiti
575 1947 610 2000 ut
633 1937 730 2002 saluti
748 1937 918 2002 Ecclesiae
942 1935 1166 2023 providerent,
1191 1956 1420 2019 magnumque

288 2032 525 2099 detrimentum
566 2037 629 2120 ipsi
661 2037 869 2101 reverentiae
907 2057 986 2119 erga
1019 2035 1198 2100 Pontifices
1236 2052 1420 2117 eorumque

287 2133 519 2197 auctoritatem
543 2133 621 2198 inde
645 2147 795 2198 exortum
820 2147 880 2199 est.

378 2237 429 2304 87.
470 2237 564 2318 Quae
596 2243 824 2310 recensuimus
859 2241 1016 2306 videntur
1048 2241 1148 2304 luisse
1173 2259 1297 2302 causae
1330 2259 1421 2322 prae-

289 2336 418 2420 eipuae,
442 2336 565 2422 quibus
578 2337 720 2402 delectio
743 2339 954 2425 aliquatenus
979 2347 1176 2424 praeparata
1199 2346 1269 2406 est;
1295 2334 1423 2400 debent

289 2432 425 2498 eaedem
449 2437 601 2520 spectari,
644 2446 807 2522 quatenus
847 2437 890 2502 ad
929 2436 1169 2502 relaxationem
1205 2433 1422 2498 vinculorum

289 2533 532 2596 communionis
557 2545 589 2598 et
612 2531 691 2599 fidei
715 2535 976 2602 contribuerunt.
1004 2572 1041 2584 -
1069 2532 1124 2598 Ab
1147 2531 1347 2598 auctoribus
1361 2531 1424 2594 Ec·

288 2628 409 2692 clesiae
433 2632 544 2695 minus
567 2631 710 2698 addictis
733 2634 977 2698 reformationis
1004 2647 1070 2698 tres
1094 2636 1176 2697 istae
1201 2653 1327 2696 causae
1351 2651 1426 2715 pro

288 2727 456 2791 feruutur:
491 2733 527 2792 lo
549 2731 744 2815 Ignorantia
768 2743 837 2798 tum
863 2733 1071 2798 sacerdotum
1096 2743 1166 2796 tum
1191 2728 1426 2793 multitudiuis

289 2825 323 2888 in
349 2825 562 2910 rereligiosa.
604 2829 641 2892 2⁰
666 2827 841 2916 Corruptio
859 2852 986 2896 morum
1003 2828 1180 2916 profunda.
1219 2827 1258 2892 3⁰
1281 2826 1427 2890 Abusus

289 2921 514 2988 intolerabiles
544 2936 614 3007 tum
639 2928 674 2991 in
698 2927 875 3010 doctrinis,
912 2938 980 2994 tum
1007 2931 1040 2992 in
1066 2929 1135 2992 vita
1166 2925 1351 3012 praecipue
1376 2947 1426 2988 sa-

288 3019 460 3085 cerdotum
500 3034 532 3086 et
564 3022 802 3108 religiosorum.
857 3026 948 3107 Quid
986 3026 1027 3091 de
1060 3025 1112 3090 his
1145 3045 1263 3088 verum
1302 3025 1349 3086 sit
1382 3044 1425 3085 ex

289 3117 389 3184 dictis
412 3119 523 3204 colligi
543 3133 662 3207 potest,
689 3125 870 3189 universim
894 3135 1005 3190 autem
1025 3123 1108 3191 baec
1131 3121 1268 3186 assertio
1285 3119 1423 3184 admitti

290 3218 414 3302 nequit.
463 3217 561 3298 Quod
595 3221 638 3286 ad
669 3223 890 3306 ignorantiam
923 3234 1067 3310 spectat,
1102 3221 1294 3286 nullatenus
1328 3230 1422 3282 tanta

289 3315 354 3378 fuit
376 3327 501 3401 quanta
524 3341 622 3404 saepe
647 3321 862 3396 describitur;
888 3344 949 3388 nec
963 3344 1041 3386 vere
1065 3321 1231 3400 asseritur,
1246 3317 1422 3402 praedica·

291 3414 415 3476 tionem
446 3415 539 3479 verbi
564 3419 629 3482 Dei
660 3419 841 3484 admodum
871 3420 1056 3504 neglectam
1087 3419 1198 3484 luisse.
1245 3415 1300 3479 Ex
1334 3415 1421 3478 testi-

291 3513 411 3575 moniis
447 3505 534 3578 enim
572 3519 705 3581 coaevis
741 3521 940 3583 contrarium
979 3516 1186 3602 colligitur.¹)
1234 3513 1292 3580 Sic
1328 3536 1358 3578 e.
1388 3535 1419 3596 g.

290 3605 526 3676 celeberrimus
549 3613 638 3678 illius
669 3618 826 3702 temporis
859 3617 1069 3703 praedicator
1091 3613 1255 3695 Geilerus,
1288 3614 1418 3677 concio·

291 3715 386 3770 nator
409 3710 708 3794 Argentoratensis,
742 3717 775 3778 in
801 3717 869 3780 suis
892 3715 1099 3781 semoribus
1123 3711 1270 3798 loquitur
1300 3709 1344 3774 de
1368 3711 1418 3782 iis,

291 3805 347 3890 qui
380 3807 415 3869 iu
446 3808 639 3874 civitatibus
671 3812 734 3894 ,ab
766 3835 831 3878 uno
856 3835 1007 3878 sermone
1038 3805 1081 3877 ad
1111 3811 1216 3876 alium
1245 3813 1417 3880 currunt*‘;

291 3911 324 3965 et
356 3905 390 3968 in
424 3925 483 3970 suo
514 3910 661 3972 oratioue
693 3910 825 3976 funebri
864 3913 898 3975 in
930 3911 1136 3998 Episcopum
1167 3908 1345 3972 Albertum
1375 3905 1416 3968 de

367 4131 388 4190 ¹l
408 4131 462 4185 cfr.
483 4129 609 4198 Moebler,
629 4130 702 4186 Eiet.
722 4131 755 4184 de
774 4130 895 4202 l’Eglise,
913 4133 945 4190 T.
957 4133 1007 4192 lli,
1028 4133 1075 4191 Ob.
1096 4134 1117 4192 Ι,
1137 4135 1161 4203 5.
1182 4137 1206 4188 3.
1239 4133 1279 4187 Le
1297 4133 1415 4200 predice-

291 4209 351 4265 tion
370 4213 387 4263 a
405 4211 432 4263 la
451 4209 487 4263 fin
507 4211 543 4264 du
562 4226 656 4277 moyeu
677 4213 743 4280 ἐξω
763 4212 866 4268 Jauseu
885 4214 903 4270 l.
923 4230 953 4278 c,
972 4213 1004 4269 Τ.
1023 4213 1045 4267 Ι.
1066 4214 1095 4267 L.
1114 4214 1136 4268 1.
1156 4214 1225 4269 Seot.
1238 4213 1273 4269 11.
