2868 4844
292 452 345 508 216
489 451 605 510 XXXII.
625 451 665 506 De
684 449 861 506 Pontificibus
879 449 1020 504 Avenicne
1038 447 1216 504 commentis.

291 615 356 682 que
384 594 458 660 aliis
482 594 589 661 modis
614 594 760 660 vexabat
782 605 815 659 et
838 595 969 680 injuriis
992 591 1170 658 afficiebat.
1218 591 1323 672 anm
1347 589 1402 654 Be-

291 692 445 759 nedictus
470 695 502 758 in
527 693 743 758 Germaniam
769 695 920 770 misisset,
950 692 1006 777 qui
1031 691 1208 776 pecuniam
1232 710 1287 775 pro
1310 709 1400 773 expe·

292 791 419 856 ditione
442 793 589 856 cruciata
614 789 815 876 colligerent,
842 790 1020 854 Lodooicas
1043 811 1096 852 eos
1111 787 1244 874 sepelit,
1267 799 1294 851 et
1316 809 1402 872 mam

292 893 326 953 in
354 890 542 974 assiliendam
572 889 649 954 loeis
672 898 836 976 coeperant
853 889 1024 976 pecaniam
1047 888 1166 974 eripuit
1192 885 1280 959 tttir,·
1311 907 1403 949 saca·

292 987 391 1065 datia,
421 990 631 1074 episcopatus,
663 1010 826 1074 omnesque
850 984 1078 1051 ecclesiasticas
1101 985 1273 1071 dignitates
1293 1005 1333 1046 ωε
1356 1005 1406 1045 ruo

292 1084 426 1150 arbitrio
437 1085 648 1172 conserebat¹l
661 1085 795 1151 asseclis
812 1087 880 1150 suis
897 1085 1210 1162 excommunicatis3
1227 1103 1285 1167 per
1292 1080 1404 1147 Sedetn

291 1203 372 1247 vero
397 1181 621 1269 Apostolicam
654 1185 715 1249 rite
743 1195 910 1272 promotos
934 1206 953 1247 a
978 1185 1184 1269 possessione
1213 1180 1405 1268 impediebat

292 1290 325 1344 et
335 1279 507 1366 affligebat
520 1281 754 1368 multipliciter.
779 1283 994 1348 Famaetiam
1004 1281 1211 1367 divulgabat,
1226 1281 1405 1344 Ιηιάουίωη

291 1400 386 1465 saepe
418 1378 537 1443 dictam
559 1381 765 1446 sensualitati
780 1405 844 1468 per
866 1382 970 1468 ipsam
992 1381 1118 1444 ratioae
1141 1380 1289 1469 sabjecta,
1318 1378 1406 1442 malta

293 1477 363 1541 alia
380 1501 488 1564 prava
510 1502 590 1566 quae
613 1502 678 1542 noa
701 1479 784 1558 licet,
815 1481 923 1565 turpia
953 1479 1239 1566 pessumdaret,
1272 1489 1301 1540 et
1323 1479 1406 1540 carin

294 1597 373 1660 quae
397 1599 461 1640 aaa
485 1578 658 1663 expediant
682 1578 726 1641 ad
749 1575 873 1642 libitam
896 1577 1036 1664 operari,
1066 1599 1130 1640 noo
1154 1577 1240 1640 brevi
1264 1575 1344 1662 stylo
1359 1573 1406 1660 sa·

295 1673 398 1737 ciliter
420 1675 629 1755 recitanda.²)

385 1807 438 1872 67.
488 1807 574 1890 „Sed
613 1831 716 1895 quum
751 1809 886 1875 tandem
911 1808 997 1873 vidit
1028 1807 1222 1874 Ludovicus
1246 1805 1407 1871 Pontifiois

294 1907 443 1969 amicitia
475 1917 507 1969 et
537 1905 651 1971 favore
684 1929 754 1973 esse
785 1906 848 1972 sibi
880 1929 964 1994 opus
996 1907 1040 1972 ad
1064 1906 1246 1992 Imperium
1278 1904 1406 1968 admini-

294 2001 467 2067 strandum
497 2013 530 2067 et
561 2005 783 2086 retinendum,
825 2005 1091 2092 accidissentque
1119 2027 1170 2068 res
1201 2000 1406 2077 difficiliores,

294 2099 396 2165 multo
420 2099 577 2166 humilior
599 2102 813 2186 redditus,“³l
845 2105 965 2168 iterum
989 2127 1019 2168 a.
1047 2103 1133 2168 1344
1156 2103 1224 2184 egit
1248 2123 1326 2165 cnm
1350 2097 1407 2164 Cle-

294 2208 404 2262 mente
435 2197 476 2262 de
506 2200 776 2266 reconciliatione
812 2224 872 2288 per
902 2199 1097 2287 Philippum
1129 2199 1260 2265 Galliae
1298 2219 1430 2284 regent

295 2295 510 2363 Conditicnes
533 2300 597 2384 ipsi
622 2301 748 2385 positae
772 2308 859 2381 sunt,
891 2309 927 2363 ut
950 2298 1101 2363 facinora
1124 2320 1184 2362 sua
1214 2307 1406 2382 agnosceret

294 2395 501 2461 renuntiaret
523 2396 679 2482 Imperio,
713 2419 851 2484 seseque
882 2394 1044 2481 obligaret
1068 2405 1104 2460 ut
1128 2394 1211 2460 illud
1242 2416 1311 2459 non
1334 2415 1429 2482 resu-¹

294 2503 399 2558 meret
421 2496 485 2559 nisi
510 2518 553 2560 ex
574 2495 747 2560 Pontificis
770 2496 998 2582 permissione,
1031 2505 1133 2582 utque
1156 2515 1202 2572 se,
1235 2493 1323 2558 filios
1345 2489 1429 2555 suos*

293 2613 333 2654 ac
358 2591 445 2656 bons
468 2594 503 2657 in
528 2615 646 2658 manus
669 2594 815 2659 traderet
837 2593 967 2659 Summi
991 2592 1174 2658 Pontifieis.
1211 2591 1405 2676 Subscripse

294 2699 373 2752 runt
400 2689 500 2774 legati
528 2690 695 2756 Ludovioi
735 2691 799 2756 illis
838 2691 1097 2775 conditionibus,
1135 2690 1194 2755 sed
1225 2687 1407 2753 Ludovicns

295 2787 351 2851 ea's
375 2787 530 2853 submisit
553 2789 699 2854 consiliis
730 2791 920 2876 principum
945 2787 1157 2855 Germaniae.
1204 2787 1260 2852 Ab
1286 2787 1347 2867 his,
1370 2784 1405 2846 uti

295 2884 430 2949 videtur
461 2886 600 2953 subdole
645 2898 764 2972 agente
801 2888 986 2967 Ludovico,
1025 2887 1233 2953 conditiones
1280 2885 1406 2971 rejectae

296 2992 374 3048 sunt
397 2993 434 3048 ut
457 2983 581 3051 honore
604 2987 699 3070 regni
723 2985 814 3051 haud
839 2986 971 3072 dignae,
1003 2996 1036 3050 et
1063 2986 1111 3050 sic
1135 2985 1349 3050 continuatus
1369 2997 1407 3042 est

295 3083 502 3167 perniciosus
526 3105 636 3148 rerum
653 3093 767 3152 status.
809 3085 854 3149 At
877 3105 956 3148 mox
979 3086 1124 3148 instante
1141 3080 1315 3148 Clemente
1338 3082 1408 3144 inter

295 3181 464 3266 principes
479 3190 590 3246 actum
606 3191 655 3246 est
671 3182 711 3246 de
728 3181 888 3248 electione
904 3184 982 3248 novi
999 3181 1263 3268 Imperatoris3⁴l
1288 3177 1405 3266 plurimi

1425 3369 1426 3394 l

296 3509 321 3564 v
351 3428 391 3563 li)
410 3430 523 3564 Mutips,
543 3429 633 3487 Genn.
647 3431 745 3488 chron.
764 3432 795 3488 L.
809 3431 909 3488 XXIV.
930 3448 955 3500 p.
965 3433 1026 3496 881,
1045 3432 1107 3486 882.
1126 3447 1170 3499 ap.
1184 3431 1346 3501 christophe
1360 3431 1375 3482 l.
1390 3446 1404 3475 r·

323 3551 330 3564 ι
369 3590 391 3700 Ξ)
408 3513 555 3684 hripense
574 3591 721 3646 Clementis
739 3592 788 3647 VI.
807 3609 849 3660 ap.
869 3592 1001 3660 Raynald.
1021 3608 1046 3646 a.
1067 3593 1145 3648 1343.
1164 3609 1209 3646 nn.
1229 3595 1266 3646 55
1285 3599 1314 3646 et
1331 3595 1369 3644 56.
1424 3635 1425 3656 2

368 3675 391 3819 4))
410 3671 854 3818 ξιῗὶῒίἒεᾳιιιιααᾱοηαοαθίοωοηῐε
873 3753 1050 3808 anathemata
1062 3753 1090 3806 in
1104 3753 1273 3808 Ludoricnm
1292 3758 1404 3807 renorsa

294 3838 368 3895 sunt,
397 3832 467 3885 mele
498 3838 611 3886 notatur
638 3841 749 3902 propter
777 3833 961 3888 execrationes
989 3848 1058 3900 quse
1077 3833 1105 3886 in
1124 3833 1200 3886 illum
1228 3839 1403 3902 congeruntur.

296 3911 348 3966 Sed
375 3911 431 3964 ists
458 3911 541 3966 indoli
567 3913 675 3966 illorum
700 3913 876 3968 adscribenda
903 3919 968 3968 suut
987 3921 1145 3982 temporum.
1175 3913 1274 3980 quihus
1301 3911 1403 3980 quael!

296 3991 392 4045 Veteri
410 3991 587 4047 Testamento
607 3993 785 4048 inveniuntur
804 3992 895 4058 effata,
915 3993 1085 4060 adhibebant,
1110 4001 1142 4046 nt
1160 3993 1304 4061 impiarum
1321 3993 1403 4048 sceler·

297 4072 500 4126 detestarentur
527 4088 679 4141 poenasque
704 4072 812 4128 divinas
837 4074 876 4128 eis
901 4075 1069 4130 nuntiarent.
1106 4073 1256 4142 Praecipue
1281 4075 1309 4130 id
1332 4072 1403 4128 seut

298 4151 404 4218 quando
422 4153 646 4206 excommunicati
666 4151 791 4208 absoluta
809 4153 992 4208 obstinatione
1005 4153 1248 4222 (incandescentia)
1261 4153 1402 4224 perverris·
1422 4181 1423 4184 =

299 4240 354 4284 tem
374 4247 450 4286 snam
471 4233 620 4286 reddebant
639 4231 819 4292 manifestam.
