<?xml version="1.0" encoding="UTF-8"?>
<!DOCTYPE html PUBLIC "-//W3C//DTD XHTML 1.0 Transitional//EN"
    "http://www.w3.org/TR/xhtml1/DTD/xhtml1-transitional.dtd">
<html xmlns="http://www.w3.org/1999/xhtml" xml:lang="en" lang="en">
 <head>
  <title>
</title>
<meta http-equiv="Content-Type" content="text/html;charset=utf-8" />
  <meta name='ocr-system' content='tesseract 3.04.00' />
  <meta name='ocr-capabilities' content='ocr_page ocr_carea ocr_par ocr_line ocrx_word'/>
</head>
<body>
  <div class='ocr_page' id='page_1' title='image "./dissertationess00junggoog_0167.png"; bbox 0 0 2916 4842; ppageno 0'>
   <div class='ocr_carea' id='block_1_1' title="bbox 282 410 1253 468">
    <p class='ocr_par' dir='ltr' id='par_1_1' title="bbox 282 410 1253 468">
     <span class='ocr_line' id='line_1_1' title="bbox 282 410 1253 468; baseline -0.005 0"><span class='ocrx_word' id='word_1_1' title='bbox 282 416 334 468; x_wconf 71' lang='lat'>15¹3</span> <span class='ocrx_word' id='word_1_2' title='bbox 441 413 540 467; x_wconf 83' lang='lat' dir='ltr'>XXIV.</span> <span class='ocrx_word' id='word_1_3' title='bbox 561 414 600 468; x_wconf 91' lang='lat' dir='ltr'>De</span> <span class='ocrx_word' id='word_1_4' title='bbox 618 413 737 468; x_wconf 75' lang='lat' dir='ltr'>dissidiis</span> <span class='ocrx_word' id='word_1_5' title='bbox 756 411 886 468; x_wconf 88' lang='lat' dir='ltr'>Fridsrici</span> <span class='ocrx_word' id='word_1_6' title='bbox 905 411 920 466; x_wconf 92' lang='lat'>1</span> <span class='ocrx_word' id='word_1_7' title='bbox 938 429 997 466; x_wconf 90' lang='lat' dir='ltr'>curn</span> <span class='ocrx_word' id='word_1_8' title='bbox 1017 412 1049 465; x_wconf 84' lang='lat' dir='ltr'>R.</span> <span class='ocrx_word' id='word_1_9' title='bbox 1070 410 1253 466; x_wconf 85' lang='lat' dir='ltr'>Pontificibus.</span> 
     </span>
    </p>
   </div>
   <div class='ocr_carea' id='block_1_2' title="bbox 118 556 1446 3683">
    <p class='ocr_par' dir='ltr' id='par_1_2' title="bbox 118 556 1446 3683">
     <span class='ocr_line' id='line_1_2' title="bbox 281 556 1404 644; baseline -0.002 -22"><span class='ocrx_word' id='word_1_10' title='bbox 281 569 326 642; x_wconf 90' lang='lat' dir='ltr'>ut,</span> <span class='ocrx_word' id='word_1_11' title='bbox 352 559 493 644; x_wconf 87' lang='lat' dir='ltr'>seposita</span> <span class='ocrx_word' id='word_1_12' title='bbox 517 559 780 639; x_wconf 90' lang='lat' dir='ltr'>mansuetudine,</span> <span class='ocrx_word' id='word_1_13' title='bbox 805 558 931 642; x_wconf 88' lang='lat' dir='ltr'>etipse</span> <span class='ocrx_word' id='word_1_14' title='bbox 955 578 1070 620; x_wconf 88' lang='lat' dir='ltr'>severa</span> <span class='ocrx_word' id='word_1_15' title='bbox 1088 557 1221 641; x_wconf 87' lang='lat' dir='ltr'>justitia</span> <span class='ocrx_word' id='word_1_16' title='bbox 1239 556 1317 640; x_wconf 87' lang='lat' dir='ltr'>jura</span> <span class='ocrx_word' id='word_1_17' title='bbox 1341 557 1404 621; x_wconf 89' lang='lat' dir='ltr'>Ee·</span> 
     </span>
     <span class='ocr_line' id='line_1_3' title="bbox 211 641 1401 740; baseline -0.003 -18"><span class='ocrx_word' id='word_1_18' title='bbox 211 641 214 654; x_wconf 49' lang='lat'><strong><em>¹</em></strong></span> <span class='ocrx_word' id='word_1_19' title='bbox 281 657 400 722; x_wconf 89' lang='lat' dir='ltr'>olesiae</span> <span class='ocrx_word' id='word_1_20' title='bbox 424 665 457 720; x_wconf 88' lang='lat' dir='ltr'>et</span> <span class='ocrx_word' id='word_1_21' title='bbox 480 656 575 722; x_wconf 88' lang='lat' dir='ltr'>Sedis</span> <span class='ocrx_word' id='word_1_22' title='bbox 598 656 808 740; x_wconf 84' lang='lat' dir='ltr'>Apostolicae</span> <span class='ocrx_word' id='word_1_23' title='bbox 832 655 1027 720; x_wconf 86' lang='lat' dir='ltr'>vindicaret.</span> <span class='ocrx_word' id='word_1_24' title='bbox 1075 655 1139 720; x_wconf 91' lang='lat' dir='ltr'>Sed</span> <span class='ocrx_word' id='word_1_25' title='bbox 1164 653 1320 718; x_wconf 82' lang='lat' dir='ltr'>Pontifex</span> <span class='ocrx_word' id='word_1_26' title='bbox 1344 657 1401 740; x_wconf 90' lang='lat' dir='ltr'>qui</span> 
     </span>
     <span class='ocr_line' id='line_1_4' title="bbox 281 752 1404 840; baseline -0.003 -21"><span class='ocrx_word' id='word_1_27' title='bbox 281 755 359 819; x_wconf 89' lang='lat' dir='ltr'>inde</span> <span class='ocrx_word' id='word_1_28' title='bbox 382 779 402 819; x_wconf 91' lang='lat' dir='ltr'>a</span> <span class='ocrx_word' id='word_1_29' title='bbox 426 756 541 840; x_wconf 89' lang='lat' dir='ltr'>primis</span> <span class='ocrx_word' id='word_1_30' title='bbox 565 754 781 818; x_wconf 84' lang='lat' dir='ltr'>Pontificatns</span> <span class='ocrx_word' id='word_1_31' title='bbox 805 757 855 818; x_wconf 90' lang='lat' dir='ltr'>sui</span> <span class='ocrx_word' id='word_1_32' title='bbox 880 752 999 820; x_wconf 88' lang='lat' dir='ltr'>diebus</span> <span class='ocrx_word' id='word_1_33' title='bbox 1023 775 1143 836; x_wconf 85' lang='lat' dir='ltr'>magna</span> <span class='ocrx_word' id='word_1_34' title='bbox 1167 775 1244 817; x_wconf 89' lang='lat' dir='ltr'>cum</span> <span class='ocrx_word' id='word_1_35' title='bbox 1268 754 1404 817; x_wconf 88' lang='lat' dir='ltr'>solertia</span> 
     </span>
     <span class='ocr_line' id='line_1_5' title="bbox 280 851 1404 937; baseline -0.002 -20"><span class='ocrx_word' id='word_1_36' title='bbox 280 853 462 937; x_wconf 79' lang='lat' dir='ltr'><strong>laborabat,</strong></span> <span class='ocrx_word' id='word_1_37' title='bbox 486 863 533 935; x_wconf 92' lang='lat' dir='ltr'>ut,</span> <span class='ocrx_word' id='word_1_38' title='bbox 558 852 735 916; x_wconf 88' lang='lat' dir='ltr'>concordia</span> <span class='ocrx_word' id='word_1_39' title='bbox 763 854 849 915; x_wconf 89' lang='lat' dir='ltr'>inter</span> <span class='ocrx_word' id='word_1_40' title='bbox 873 851 1078 916; x_wconf 82' lang='lat' dir='ltr'>Christianos</span> <span class='ocrx_word' id='word_1_41' title='bbox 1109 852 1270 933; x_wconf 91' lang='lat' dir='ltr'>restituta,</span> <span class='ocrx_word' id='word_1_42' title='bbox 1304 873 1404 937; x_wconf 89' lang='lat' dir='ltr'>expe-</span> 
     </span>
     <span class='ocr_line' id='line_1_6' title="bbox 281 949 1404 1036; baseline 0 -21"><span class='ocrx_word' id='word_1_43' title='bbox 281 952 440 1016; x_wconf 84' lang='lat' dir='ltr'>ditionem</span> <span class='ocrx_word' id='word_1_44' title='bbox 465 951 499 1014; x_wconf 93' lang='lat' dir='ltr'>in</span> <span class='ocrx_word' id='word_1_45' title='bbox 523 950 659 1014; x_wconf 80' lang='lat' dir='ltr'><strong>Terram</strong></span> <span class='ocrx_word' id='word_1_46' title='bbox 691 960 839 1014; x_wconf 85' lang='lat' dir='ltr'>sanctam</span> <span class='ocrx_word' id='word_1_47' title='bbox 872 959 1012 1035; x_wconf 91' lang='lat' dir='ltr'>pararet,</span> <span class='ocrx_word' id='word_1_48' title='bbox 1043 949 1137 1013; x_wconf 87' lang='lat' dir='ltr'>brevi</span> <span class='ocrx_word' id='word_1_49' title='bbox 1167 958 1316 1036; x_wconf 90' lang='lat' dir='ltr'>tempore</span> <span class='ocrx_word' id='word_1_50' title='bbox 1340 952 1404 1015; x_wconf 83' lang='lat' dir='ltr'>Ec·</span> 
     </span>
     <span class='ocr_line' id='line_1_7' title="bbox 280 1049 1404 1136; baseline -0.001 -21"><span class='ocrx_word' id='word_1_51' title='bbox 280 1049 398 1116; x_wconf 79' lang='lat' dir='ltr'>diesiae</span> <span class='ocrx_word' id='word_1_52' title='bbox 422 1049 575 1136; x_wconf 83' lang='lat' dir='ltr'>praefuit.</span> <span class='ocrx_word' id='word_1_53' title='bbox 604 1049 689 1112; x_wconf 92' lang='lat' dir='ltr'>Pisis</span> <span class='ocrx_word' id='word_1_54' title='bbox 703 1050 802 1130; x_wconf 82' lang='lat' dir='ltr'>enIm,</span> <span class='ocrx_word' id='word_1_55' title='bbox 827 1069 891 1134; x_wconf 92' lang='lat' dir='ltr'>quo</span> <span class='ocrx_word' id='word_1_56' title='bbox 908 1057 1054 1129; x_wconf 85' lang='lat' dir='ltr'>venerat,</span> <span class='ocrx_word' id='word_1_57' title='bbox 1079 1059 1115 1111; x_wconf 94' lang='lat' dir='ltr'>ut</span> <span class='ocrx_word' id='word_1_58' title='bbox 1131 1049 1299 1112; x_wconf 85' lang='lat' dir='ltr'>civitatem</span> <span class='ocrx_word' id='word_1_59' title='bbox 1325 1071 1404 1114; x_wconf 89' lang='lat' dir='ltr'>cum</span> 
     </span>
     <span class='ocr_line' id='line_1_8' title="bbox 280 1146 1405 1232; baseline -0.005 -16"><span class='ocrx_word' id='word_1_60' title='bbox 280 1148 506 1216; x_wconf 78' lang='lat' dir='ltr'>lennensibus</span> <span class='ocrx_word' id='word_1_61' title='bbox 530 1147 758 1211; x_wconf 87' lang='lat' dir='ltr'>reconciliaret</span> <span class='ocrx_word' id='word_1_62' title='bbox 781 1155 814 1210; x_wconf 91' lang='lat' dir='ltr'>et</span> <span class='ocrx_word' id='word_1_63' title='bbox 837 1147 1008 1231; x_wconf 90' lang='lat' dir='ltr'>utriusque</span> <span class='ocrx_word' id='word_1_64' title='bbox 1040 1146 1244 1232; x_wconf 86' lang='lat' dir='ltr'>reipublicae</span> <span class='ocrx_word' id='word_1_65' title='bbox 1274 1147 1405 1211; x_wconf 84' lang='lat' dir='ltr'>auxilia</span> 
     </span>
     <span class='ocr_line' id='line_1_9' title="bbox 280 1244 1405 1332; baseline 0 -23"><span class='ocrx_word' id='word_1_66' title='bbox 280 1268 338 1332; x_wconf 91' lang='lat' dir='ltr'>pro</span> <span class='ocrx_word' id='word_1_67' title='bbox 364 1246 510 1310; x_wconf 90' lang='lat' dir='ltr'>cruciata</span> <span class='ocrx_word' id='word_1_68' title='bbox 533 1245 744 1330; x_wconf 85' lang='lat' dir='ltr'>expeditione</span> <span class='ocrx_word' id='word_1_69' title='bbox 776 1244 948 1327; x_wconf 89' lang='lat' dir='ltr'>obtineret,</span> <span class='ocrx_word' id='word_1_70' title='bbox 980 1246 1152 1328; x_wconf 91' lang='lat' dir='ltr'>repentino</span> <span class='ocrx_word' id='word_1_71' title='bbox 1186 1245 1300 1309; x_wconf 92' lang='lat' dir='ltr'>morbo</span> <span class='ocrx_word' id='word_1_72' title='bbox 1333 1267 1405 1309; x_wconf 89' lang='lat' dir='ltr'>cor·</span> 
     </span>
     <span class='ocr_line' id='line_1_10' title="bbox 279 1341 1406 1431; baseline -0.001 -22"><span class='ocrx_word' id='word_1_73' title='bbox 279 1355 401 1431; x_wconf 91' lang='lat' dir='ltr'>reptus,</span> <span class='ocrx_word' id='word_1_74' title='bbox 427 1343 481 1407; x_wconf 89' lang='lat' dir='ltr'>die</span> <span class='ocrx_word' id='word_1_75' title='bbox 508 1343 565 1407; x_wconf 75' lang='lat'>17⁰</span> <span class='ocrx_word' id='word_1_76' title='bbox 590 1342 787 1407; x_wconf 84' lang='lat' dir='ltr'>Decembris</span> <span class='ocrx_word' id='word_1_77' title='bbox 818 1344 896 1406; x_wconf 88' lang='lat' dir='ltr'>anni</span> <span class='ocrx_word' id='word_1_78' title='bbox 924 1341 1008 1406; x_wconf 78' lang='lat'>1187</span> <span class='ocrx_word' id='word_1_79' title='bbox 1039 1344 1182 1407; x_wconf 78' lang='lat' dir='ltr'>excessit</span> <span class='ocrx_word' id='word_1_80' title='bbox 1205 1365 1222 1406; x_wconf 91' lang='lat' dir='ltr'>e</span> <span class='ocrx_word' id='word_1_81' title='bbox 1247 1345 1336 1406; x_wconf 84' lang='lat' dir='ltr'>vivis</span> <span class='ocrx_word' id='word_1_82' title='bbox 1370 1359 1406 1408; x_wconf 86' lang='lat' dir='ltr'>et</span> 
     </span>
     <span class='ocr_line' id='line_1_11' title="bbox 280 1438 869 1528; baseline -0.007 -20"><span class='ocrx_word' id='word_1_83' title='bbox 280 1445 314 1508; x_wconf 93' lang='lat' dir='ltr'>in</span> <span class='ocrx_word' id='word_1_84' title='bbox 338 1464 419 1528; x_wconf 90' lang='lat' dir='ltr'>pace</span> <span class='ocrx_word' id='word_1_85' title='bbox 445 1441 601 1526; x_wconf 81' lang='lat' dir='ltr'>migravit</span> <span class='ocrx_word' id='word_1_86' title='bbox 623 1440 665 1504; x_wconf 88' lang='lat' dir='ltr'>ad</span> <span class='ocrx_word' id='word_1_87' title='bbox 691 1438 869 1504; x_wconf 83' lang='lat' dir='ltr'>Christum.</span> 
     </span>
     <span class='ocr_line' id='line_1_12' title="bbox 118 1537 1405 1624; baseline 0 -20"><span class='ocrx_word' id='word_1_88' title='bbox 118 1545 221 1587; x_wconf 61' lang='lat' dir='ltr'>clemen*</span> <span class='ocrx_word' id='word_1_89' title='bbox 235 1547 269 1588; x_wconf 86' lang='lat'>11¹</span> <span class='ocrx_word' id='word_1_90' title='bbox 368 1539 421 1604; x_wconf 79' lang='lat'>57.</span> <span class='ocrx_word' id='word_1_91' title='bbox 446 1539 557 1602; x_wconf 87' lang='lat' dir='ltr'>Tertio</span> <span class='ocrx_word' id='word_1_92' title='bbox 581 1550 656 1624; x_wconf 92' lang='lat' dir='ltr'>post</span> <span class='ocrx_word' id='word_1_93' title='bbox 679 1538 733 1602; x_wconf 91' lang='lat' dir='ltr'>die</span> <span class='ocrx_word' id='word_1_94' title='bbox 750 1537 943 1603; x_wconf 89' lang='lat' dir='ltr'>Cardinales</span> <span class='ocrx_word' id='word_1_95' title='bbox 959 1539 1043 1602; x_wconf 90' lang='lat' dir='ltr'>Pisis</span> <span class='ocrx_word' id='word_1_96' title='bbox 1067 1540 1102 1602; x_wconf 91' lang='lat' dir='ltr'>in</span> <span class='ocrx_word' id='word_1_97' title='bbox 1117 1539 1312 1604; x_wconf 88' lang='lat' dir='ltr'>Pontificem</span> <span class='ocrx_word' id='word_1_98' title='bbox 1338 1541 1405 1606; x_wconf 89' lang='lat' dir='ltr'>ele-</span> 
     </span>
     <span class='ocr_line' id='line_1_13' title="bbox 158 1611 1405 1722; baseline 0 -19"><span class='ocrx_word' id='word_1_99' title='bbox 158 1611 186 1650; x_wconf 71' lang='lat' dir='ltr'>R&#39;</span> <span class='ocrx_word' id='word_1_100' title='bbox 202 1612 227 1650; x_wconf 68' lang='lat' dir='ltr'>P&#39;</span> <span class='ocrx_word' id='word_1_101' title='bbox 278 1648 399 1722; x_wconf 88' lang='lat' dir='ltr'>gerunt</span> <span class='ocrx_word' id='word_1_102' title='bbox 422 1637 598 1702; x_wconf 85' lang='lat' dir='ltr'>Paulinum</span> <span class='ocrx_word' id='word_1_103' title='bbox 623 1637 818 1716; x_wconf 85' lang='lat' dir='ltr'>Romanum,</span> <span class='ocrx_word' id='word_1_104' title='bbox 845 1635 1056 1700; x_wconf 87' lang='lat' dir='ltr'>Cardinalem</span> <span class='ocrx_word' id='word_1_105' title='bbox 1082 1637 1284 1722; x_wconf 80' lang='lat' dir='ltr'>Episcopum</span> <span class='ocrx_word' id='word_1_106' title='bbox 1300 1638 1405 1702; x_wconf 87' lang='lat' dir='ltr'>Prae-</span> 
     </span>
     <span class='ocr_line' id='line_1_14' title="bbox 278 1733 1405 1821; baseline 0.002 -20"><span class='ocrx_word' id='word_1_107' title='bbox 278 1739 454 1819; x_wconf 86' lang='lat' dir='ltr'>nestinum,</span> <span class='ocrx_word' id='word_1_108' title='bbox 479 1737 535 1821; x_wconf 90' lang='lat' dir='ltr'>qui</span> <span class='ocrx_word' id='word_1_109' title='bbox 564 1733 703 1800; x_wconf 80' lang='lat' dir='ltr'>Clemens</span> <span class='ocrx_word' id='word_1_110' title='bbox 726 1737 782 1798; x_wconf 86' lang='grc' dir='ltr'>ΙΙΙ</span> <span class='ocrx_word' id='word_1_111' title='bbox 801 1735 985 1820; x_wconf 87' lang='lat' dir='ltr'>appellatus</span> <span class='ocrx_word' id='word_1_112' title='bbox 1009 1744 1066 1798; x_wconf 90' lang='lat' dir='ltr'>est.</span> <span class='ocrx_word' id='word_1_113' title='bbox 1104 1735 1213 1798; x_wconf 82' lang='lat' dir='ltr'>Etiam</span> <span class='ocrx_word' id='word_1_114' title='bbox 1238 1735 1293 1800; x_wconf 92' lang='lat' dir='ltr'>bic</span> <span class='ocrx_word' id='word_1_115' title='bbox 1316 1738 1405 1802; x_wconf 89' lang='lat' dir='ltr'>Pon·</span> 
     </span>
     <span class='ocr_line' id='line_1_15' title="bbox 278 1832 1406 1920; baseline 0 -21"><span class='ocrx_word' id='word_1_116' title='bbox 278 1836 360 1899; x_wconf 88' lang='lat' dir='ltr'>tifex</span> <span class='ocrx_word' id='word_1_117' title='bbox 393 1857 506 1899; x_wconf 88' lang='lat' dir='ltr'>omnes</span> <span class='ocrx_word' id='word_1_118' title='bbox 537 1844 674 1898; x_wconf 87' lang='lat' dir='ltr'>conatus</span> <span class='ocrx_word' id='word_1_119' title='bbox 703 1855 740 1897; x_wconf 90' lang='lat' dir='ltr'>eo</span> <span class='ocrx_word' id='word_1_120' title='bbox 774 1832 905 1914; x_wconf 88' lang='lat' dir='ltr'>direxit,</span> <span class='ocrx_word' id='word_1_121' title='bbox 937 1843 975 1894; x_wconf 90' lang='lat' dir='ltr'>ut</span> <span class='ocrx_word' id='word_1_122' title='bbox 1002 1841 1154 1916; x_wconf 89' lang='lat' dir='ltr'>suscepta</span> <span class='ocrx_word' id='word_1_123' title='bbox 1186 1835 1406 1920; x_wconf 77' lang='lat' dir='ltr'>expeditione</span> 
     </span>
     <span class='ocr_line' id='line_1_16' title="bbox 278 1929 1405 2016; baseline -0.001 -18"><span class='ocrx_word' id='word_1_124' title='bbox 278 1935 424 1999; x_wconf 87' lang='lat' dir='ltr'>cruciata</span> <span class='ocrx_word' id='word_1_125' title='bbox 448 1931 687 1996; x_wconf 85' lang='lat' dir='ltr'>Saracenorum</span> <span class='ocrx_word' id='word_1_126' title='bbox 713 1932 795 2016; x_wconf 87' lang='lat' dir='ltr'>jugo</span> <span class='ocrx_word' id='word_1_127' title='bbox 829 1929 1061 2014; x_wconf 87' lang='lat' dir='ltr'>Hierosolyma</span> <span class='ocrx_word' id='word_1_128' title='bbox 1093 1941 1126 1993; x_wconf 89' lang='lat' dir='ltr'>et</span> <span class='ocrx_word' id='word_1_129' title='bbox 1148 1930 1251 1996; x_wconf 85' lang='lat' dir='ltr'>Terra</span> <span class='ocrx_word' id='word_1_130' title='bbox 1284 1945 1405 1998; x_wconf 82' lang='lat' dir='ltr'>sancta</span> 
     </span>
     <span class='ocr_line' id='line_1_17' title="bbox 277 2026 1406 2116; baseline -0.003 -20"><span class='ocrx_word' id='word_1_131' title='bbox 277 2034 468 2116; x_wconf 85' lang='lat' dir='ltr'>eriperetur,</span> <span class='ocrx_word' id='word_1_132' title='bbox 493 2053 532 2094; x_wconf 91' lang='lat' dir='ltr'>ac</span> <span class='ocrx_word' id='word_1_133' title='bbox 557 2039 738 2115; x_wconf 88' lang='lat' dir='ltr'>propterea,</span> <span class='ocrx_word' id='word_1_134' title='bbox 770 2030 919 2112; x_wconf 88' lang='lat' dir='ltr'>vestigiis</span> <span class='ocrx_word' id='word_1_135' title='bbox 943 2026 1094 2110; x_wconf 83' lang='lat' dir='ltr'>Gregorii</span> <span class='ocrx_word' id='word_1_136' title='bbox 1118 2028 1202 2092; x_wconf 89' lang='lat' dir='ltr'>VIII</span> <span class='ocrx_word' id='word_1_137' title='bbox 1233 2030 1406 2107; x_wconf 86' lang='lat' dir='ltr'>insistens,</span> 
     </span>
     <span class='ocr_line' id='line_1_18' title="bbox 277 2125 1408 2212; baseline -0.002 -18"><span class='ocrx_word' id='word_1_138' title='bbox 277 2130 488 2195; x_wconf 89' lang='lat' dir='ltr'>concordiam</span> <span class='ocrx_word' id='word_1_139' title='bbox 513 2149 588 2192; x_wconf 88' lang='lat' dir='ltr'>cum</span> <span class='ocrx_word' id='word_1_140' title='bbox 605 2127 748 2212; x_wconf 92' lang='lat' dir='ltr'>Imperio</span> <span class='ocrx_word' id='word_1_141' title='bbox 773 2127 912 2212; x_wconf 81' lang='lat' dir='ltr'>aliIsque</span> <span class='ocrx_word' id='word_1_142' title='bbox 928 2125 1136 2211; x_wconf 90' lang='lat' dir='ltr'>principibus</span> <span class='ocrx_word' id='word_1_143' title='bbox 1152 2149 1284 2190; x_wconf 82' lang='lat' dir='ltr'>servare</span> <span class='ocrx_word' id='word_1_144' title='bbox 1308 2129 1408 2192; x_wconf 86' lang='lat' dir='ltr'>nisus</span> 
     </span>
     <span class='ocr_line' id='line_1_19' title="bbox 276 2224 1446 2311; baseline -0.001 -20"><span class='ocrx_word' id='word_1_145' title='bbox 276 2237 334 2308; x_wconf 91' lang='lat' dir='ltr'>est,</span> <span class='ocrx_word' id='word_1_146' title='bbox 359 2236 392 2290; x_wconf 91' lang='lat' dir='ltr'>et</span> <span class='ocrx_word' id='word_1_147' title='bbox 413 2226 529 2290; x_wconf 88' lang='lat' dir='ltr'>foedus</span> <span class='ocrx_word' id='word_1_148' title='bbox 546 2226 735 2311; x_wconf 82' lang='lat' dir='ltr'>principum</span> <span class='ocrx_word' id='word_1_149' title='bbox 758 2225 801 2288; x_wconf 87' lang='lat' dir='ltr'>&#39;ad</span> <span class='ocrx_word' id='word_1_150' title='bbox 818 2224 939 2289; x_wconf 88' lang='lat' dir='ltr'>Terrae</span> <span class='ocrx_word' id='word_1_151' title='bbox 963 2235 1097 2288; x_wconf 88' lang='lat' dir='ltr'>sanctae</span> <span class='ocrx_word' id='word_1_152' title='bbox 1113 2226 1405 2309; x_wconf 83' lang='lat' dir='ltr'>recuperationem</span> <span class='ocrx_word' id='word_1_153' title='bbox 1445 2273 1446 2278; x_wconf 19' lang='grc' dir='ltr'>η</span> 
     </span>
     <span class='ocr_line' id='line_1_20' title="bbox 276 2322 1406 2409; baseline -0.001 -20"><span class='ocrx_word' id='word_1_154' title='bbox 276 2325 428 2389; x_wconf 85' lang='lat' dir='ltr'>confecit.</span> <span class='ocrx_word' id='word_1_155' title='bbox 475 2325 584 2387; x_wconf 89' lang='lat' dir='ltr'>Litem</span> <span class='ocrx_word' id='word_1_156' title='bbox 609 2325 841 2388; x_wconf 85' lang='lat' dir='ltr'>Trevirensem</span> <span class='ocrx_word' id='word_1_157' title='bbox 865 2322 975 2408; x_wconf 88' lang='lat' dir='ltr'>aliqua</span> <span class='ocrx_word' id='word_1_158' title='bbox 1000 2325 1237 2406; x_wconf 89' lang='lat' dir='ltr'>compositione</span> <span class='ocrx_word' id='word_1_159' title='bbox 1255 2323 1406 2409; x_wconf 85' lang='lat' dir='ltr'>Impera·</span> 
     </span>
     <span class='ocr_line' id='line_1_21' title="bbox 275 2419 1405 2506; baseline 0 -20"><span class='ocrx_word' id='word_1_160' title='bbox 275 2424 338 2486; x_wconf 91' lang='lat' dir='ltr'>tori</span> <span class='ocrx_word' id='word_1_161' title='bbox 362 2431 499 2506; x_wconf 86' lang='lat' dir='ltr'>accepta</span> <span class='ocrx_word' id='word_1_162' title='bbox 522 2425 724 2486; x_wconf 87' lang='lat' dir='ltr'>terminavit.</span> <span class='ocrx_word' id='word_1_163' title='bbox 773 2422 930 2506; x_wconf 87' lang='lat' dir='ltr'>Sepositis</span> <span class='ocrx_word' id='word_1_164' title='bbox 963 2420 1119 2484; x_wconf 87' lang='lat' dir='ltr'>videlicet</span> <span class='ocrx_word' id='word_1_165' title='bbox 1151 2419 1280 2486; x_wconf 87' lang='lat' dir='ltr'>duobus</span> <span class='ocrx_word' id='word_1_166' title='bbox 1311 2445 1405 2486; x_wconf 88' lang='lat' dir='ltr'>com·</span> 
     </span>
     <span class='ocr_line' id='line_1_22' title="bbox 275 2518 1406 2605; baseline 0.003 -22"><span class='ocrx_word' id='word_1_167' title='bbox 275 2519 471 2605; x_wconf 86' lang='lat' dir='ltr'>petitoribus</span> <span class='ocrx_word' id='word_1_168' title='bbox 496 2519 670 2605; x_wconf 76' lang='lat' dir='ltr'>[ludolpho</span> <span class='ocrx_word' id='word_1_169' title='bbox 688 2531 720 2583; x_wconf 89' lang='lat' dir='ltr'>et</span> <span class='ocrx_word' id='word_1_170' title='bbox 735 2519 921 2595; x_wconf 78' lang='lat' dir='ltr'>Volcarum,</span> <span class='ocrx_word' id='word_1_171' title='bbox 946 2543 985 2584; x_wconf 87' lang='lat' dir='ltr'>ae</span> <span class='ocrx_word' id='word_1_172' title='bbox 1010 2518 1153 2582; x_wconf 90' lang='lat' dir='ltr'>dioecesi</span> <span class='ocrx_word' id='word_1_173' title='bbox 1178 2518 1219 2582; x_wconf 86' lang='lat' dir='ltr'>ab</span> <span class='ocrx_word' id='word_1_174' title='bbox 1245 2520 1406 2586; x_wconf 87' lang='lat' dir='ltr'>obedien-</span> 
     </span>
     <span class='ocr_line' id='line_1_23' title="bbox 275 2614 1446 2692; baseline 0.002 -13"><span class='ocrx_word' id='word_1_175' title='bbox 275 2619 322 2682; x_wconf 87' lang='lat' dir='ltr'>tia</span> <span class='ocrx_word' id='word_1_176' title='bbox 347 2617 515 2680; x_wconf 89' lang='lat' dir='ltr'>Volcmari</span> <span class='ocrx_word' id='word_1_177' title='bbox 540 2617 701 2692; x_wconf 85' lang='lat' dir='ltr'>absoluta,</span> <span class='ocrx_word' id='word_1_178' title='bbox 737 2640 859 2682; x_wconf 89' lang='lat' dir='ltr'>novam</span> <span class='ocrx_word' id='word_1_179' title='bbox 892 2617 1085 2681; x_wconf 88' lang='lat' dir='ltr'>electionem</span> <span class='ocrx_word' id='word_1_180' title='bbox 1116 2614 1254 2680; x_wconf 87' lang='lat' dir='ltr'>liberam</span> <span class='ocrx_word' id='word_1_181' title='bbox 1284 2617 1408 2682; x_wconf 82' lang='lat' dir='ltr'>Trevi-</span> <span class='ocrx_word' id='word_1_182' title='bbox 1445 2637 1446 2656; x_wconf 43' lang='lat' dir='ltr'>t</span> 
     </span>
     <span class='ocr_line' id='line_1_24' title="bbox 275 2713 1446 2802; baseline 0.003 -24"><span class='ocrx_word' id='word_1_183' title='bbox 275 2713 427 2779; x_wconf 90' lang='lat' dir='ltr'>rensibus</span> <span class='ocrx_word' id='word_1_184' title='bbox 452 2718 621 2782; x_wconf 89' lang='lat' dir='ltr'>concessit.</span> <span class='ocrx_word' id='word_1_185' title='bbox 670 2716 807 2802; x_wconf 80' lang='lat' dir='ltr'>Accepta</span> <span class='ocrx_word' id='word_1_186' title='bbox 831 2718 929 2802; x_wconf 77' lang='lat' dir='ltr'>ipitnr</span> <span class='ocrx_word' id='word_1_187' title='bbox 952 2715 1113 2778; x_wconf 83' lang='lat' dir='ltr'>electionis</span> <span class='ocrx_word' id='word_1_188' title='bbox 1141 2739 1218 2778; x_wconf 79' lang='lat' dir='ltr'>suae</span> <span class='ocrx_word' id='word_1_189' title='bbox 1242 2715 1406 2787; x_wconf 80' lang='lat' dir='ltr'>libertate,</span> <span class='ocrx_word' id='word_1_190' title='bbox 1445 2751 1446 2766; x_wconf 33' lang='grc' dir='ltr'>π</span> 
     </span>
     <span class='ocr_line' id='line_1_25' title="bbox 279 2811 1446 2900; baseline -0.002 -24"><span class='ocrx_word' id='word_1_191' title='bbox 279 2815 479 2877; x_wconf 83' lang='lat' dir='ltr'>Trevireases</span> <span class='ocrx_word' id='word_1_192' title='bbox 507 2817 701 2899; x_wconf 71' lang='lat' dir='ltr'>suypestioae</span> <span class='ocrx_word' id='word_1_193' title='bbox 732 2826 762 2878; x_wconf 88' lang='lat' dir='ltr'>ot</span> <span class='ocrx_word' id='word_1_194' title='bbox 782 2815 929 2900; x_wconf 83' lang='lat' dir='ltr'>precibus</span> <span class='ocrx_word' id='word_1_195' title='bbox 951 2814 1045 2896; x_wconf 75' lang='lat' dir='ltr'>repis,</span> <span class='ocrx_word' id='word_1_196' title='bbox 1076 2815 1131 2898; x_wconf 78' lang='lat' dir='ltr'>qui</span> <span class='ocrx_word' id='word_1_197' title='bbox 1154 2823 1225 2876; x_wconf 79' lang='lat' dir='ltr'>tanc</span> <span class='ocrx_word' id='word_1_198' title='bbox 1250 2819 1408 2899; x_wconf 66' lang='lat' dir='ltr'>temporis</span> <span class='ocrx_word' id='word_1_199' title='bbox 1445 2811 1446 2852; x_wconf 47' lang='lat' dir='ltr'>I</span> 
     </span>
     <span class='ocr_line' id='line_1_26' title="bbox 275 2908 1407 2996; baseline 0.002 -22"><span class='ocrx_word' id='word_1_200' title='bbox 275 2911 449 2974; x_wconf 77' lang='lat' dir='ltr'>incivitate</span> <span class='ocrx_word' id='word_1_201' title='bbox 460 2935 617 2996; x_wconf 83' lang='lat' dir='ltr'>praesens</span> <span class='ocrx_word' id='word_1_202' title='bbox 633 2924 712 2991; x_wconf 85' lang='lat' dir='ltr'>erat,</span> <span class='ocrx_word' id='word_1_203' title='bbox 737 2912 898 2976; x_wconf 82' lang='lat' dir='ltr'>dominum</span> <span class='ocrx_word' id='word_1_204' title='bbox 912 2911 1091 2975; x_wconf 81' lang='lat' dir='ltr'>Jobunnem</span> <span class='ocrx_word' id='word_1_205' title='bbox 1108 2908 1287 2996; x_wconf 78' lang='lat' dir='ltr'>imperialis</span> <span class='ocrx_word' id='word_1_206' title='bbox 1303 2911 1407 2976; x_wconf 76' lang='lat' dir='ltr'>ostiae</span> 
     </span>
     <span class='ocr_line' id='line_1_27' title="bbox 275 3007 1407 3096; baseline -0.003 -24"><span class='ocrx_word' id='word_1_207' title='bbox 275 3007 500 3072; x_wconf 80' lang='lat' dir='ltr'>cancellarium</span> <span class='ocrx_word' id='word_1_208' title='bbox 523 3013 718 3073; x_wconf 81' lang='lat' dir='ltr'>unanimiter</span> <span class='ocrx_word' id='word_1_209' title='bbox 734 3010 900 3096; x_wconf 73' lang='lat' dir='ltr'>cleperent,</span> <span class='ocrx_word' id='word_1_210' title='bbox 926 3008 1055 3072; x_wconf 83' lang='lat' dir='ltr'>electum</span> <span class='ocrx_word' id='word_1_211' title='bbox 1078 3009 1146 3093; x_wconf 71' lang='lat' dir='ltr'>reqi</span> <span class='ocrx_word' id='word_1_212' title='bbox 1168 3009 1407 3072; x_wconf 67' lang='lat' dir='ltr'>revestiendum</span> 
     </span>
     <span class='ocr_line' id='line_1_28' title="bbox 269 3105 1446 3192; baseline 0.002 -24"><span class='ocrx_word' id='word_1_213' title='bbox 269 3117 566 3192; x_wconf 81' lang='lat' dir='ltr'>praesentaverunt.</span> <span class='ocrx_word' id='word_1_214' title='bbox 606 3109 748 3171; x_wconf 84' lang='lat' dir='ltr'>Peractis</span> <span class='ocrx_word' id='word_1_215' title='bbox 773 3118 875 3171; x_wconf 80' lang='lat' dir='ltr'>uatem</span> <span class='ocrx_word' id='word_1_216' title='bbox 890 3107 1032 3170; x_wconf 81' lang='lat' dir='ltr'>omnibus</span> <span class='ocrx_word' id='word_1_217' title='bbox 1047 3105 1298 3169; x_wconf 79' lang='lat' dir='ltr'>solemnitatibus</span> <span class='ocrx_word' id='word_1_218' title='bbox 1321 3105 1404 3170; x_wconf 81' lang='lat' dir='ltr'>elec·</span> <span class='ocrx_word' id='word_1_219' title='bbox 1445 3173 1446 3190; x_wconf 19' lang='grc' dir='ltr'>ἶ</span> 
     </span>
     <span class='ocr_line' id='line_1_29' title="bbox 276 3189 1405 3292; baseline 0.002 -24"><span class='ocrx_word' id='word_1_220' title='bbox 276 3206 380 3286; x_wconf 71' lang='lat' dir='ltr'>tionis,</span> <span class='ocrx_word' id='word_1_221' title='bbox 399 3205 783 3292; x_wconf 72' lang='lat' dir='ltr'>alletoritateApostolica</span> <span class='ocrx_word' id='word_1_222' title='bbox 797 3231 817 3268; x_wconf 86' lang='lat' dir='ltr'><strong>a</strong></span> <span class='ocrx_word' id='word_1_223' title='bbox 834 3203 1006 3269; x_wconf 83' lang='lat' dir='ltr'>Cardinoli</span> <span class='ocrx_word' id='word_1_224' title='bbox 1021 3203 1142 3291; x_wconf 87' lang='lat' dir='ltr'>(legato</span> <span class='ocrx_word' id='word_1_225' title='bbox 1159 3189 1311 3291; x_wconf 72' lang='lat' dir='ltr'>Goirido)</span> <span class='ocrx_word' id='word_1_226' title='bbox 1329 3229 1405 3270; x_wconf 88' lang='lat' dir='ltr'>con.-</span> 
     </span>
     <span class='ocr_line' id='line_1_30' title="bbox 272 3301 525 3384; baseline 0.008 -20"><span class='ocrx_word' id='word_1_227' title='bbox 272 3301 415 3378; x_wconf 68' lang='lat' dir='ltr'>rirmutus</span> <span class='ocrx_word' id='word_1_228' title='bbox 439 3305 525 3384; x_wconf 85' lang='lat' dir='ltr'>est.¹)</span> 
     </span>
     <span class='ocr_line' id='line_1_31' title="bbox 361 3398 1404 3487; baseline 0.001 -24"><span class='ocrx_word' id='word_1_229' title='bbox 361 3402 415 3469; x_wconf 66' lang='lat'>58.</span> <span class='ocrx_word' id='word_1_230' title='bbox 442 3400 526 3466; x_wconf 88' lang='lat' dir='ltr'>Cum</span> <span class='ocrx_word' id='word_1_231' title='bbox 551 3402 709 3466; x_wconf 87' lang='lat' dir='ltr'>Romanis</span> <span class='ocrx_word' id='word_1_232' title='bbox 733 3423 863 3487; x_wconf 89' lang='lat' dir='ltr'>quoque</span> <span class='ocrx_word' id='word_1_233' title='bbox 889 3402 961 3485; x_wconf 88' lang='lat' dir='ltr'>jam</span> <span class='ocrx_word' id='word_1_234' title='bbox 986 3399 1113 3463; x_wconf 90' lang='lat' dir='ltr'>dudum</span> <span class='ocrx_word' id='word_1_235' title='bbox 1137 3398 1301 3463; x_wconf 87' lang='lat' dir='ltr'>seditiosis</span> <span class='ocrx_word' id='word_1_236' title='bbox 1326 3400 1404 3466; x_wconf 89' lang='lat' dir='ltr'>Cle-</span> 
     </span>
     <span class='ocr_line' id='line_1_32' title="bbox 273 3497 1402 3584; baseline -0.001 -20"><span class='ocrx_word' id='word_1_237' title='bbox 273 3521 366 3564; x_wconf 89' lang='lat' dir='ltr'>mens</span> <span class='ocrx_word' id='word_1_238' title='bbox 390 3499 441 3564; x_wconf 95' lang='lat' dir='ltr'>III</span> <span class='ocrx_word' id='word_1_239' title='bbox 466 3521 581 3584; x_wconf 87' lang='lat' dir='ltr'>pacem</span> <span class='ocrx_word' id='word_1_240' title='bbox 611 3501 805 3584; x_wconf 85' lang='lat' dir='ltr'>composuit,</span> <span class='ocrx_word' id='word_1_241' title='bbox 838 3509 870 3562; x_wconf 88' lang='lat' dir='ltr'>et</span> <span class='ocrx_word' id='word_1_242' title='bbox 894 3521 1014 3582; x_wconf 81' lang='lat' dir='ltr'>magns</span> <span class='ocrx_word' id='word_1_243' title='bbox 1045 3497 1223 3583; x_wconf 90' lang='lat' dir='ltr'>prudentia</span> <span class='ocrx_word' id='word_1_244' title='bbox 1254 3519 1292 3561; x_wconf 88' lang='lat' dir='ltr'>eo</span> <span class='ocrx_word' id='word_1_245' title='bbox 1323 3521 1402 3583; x_wconf 86' lang='lat' dir='ltr'>per-</span> 
     </span>
     <span class='ocr_line' id='line_1_33' title="bbox 273 3595 1401 3683; baseline 0.004 -25"><span class='ocrx_word' id='word_1_246' title='bbox 273 3598 374 3678; x_wconf 85' lang='lat' dir='ltr'>venit,</span> <span class='ocrx_word' id='word_1_247' title='bbox 400 3608 437 3659; x_wconf 90' lang='lat' dir='ltr'>ut</span> <span class='ocrx_word' id='word_1_248' title='bbox 449 3598 673 3683; x_wconf 89' lang='lat' dir='ltr'>principatum</span> <span class='ocrx_word' id='word_1_249' title='bbox 691 3596 823 3661; x_wconf 86' lang='lat' dir='ltr'>civilem</span> <span class='ocrx_word' id='word_1_250' title='bbox 848 3619 868 3660; x_wconf 87' lang='lat' dir='ltr'>a</span> <span class='ocrx_word' id='word_1_251' title='bbox 892 3596 1049 3660; x_wconf 88' lang='lat' dir='ltr'>Romanis</span> <span class='ocrx_word' id='word_1_252' title='bbox 1065 3595 1148 3659; x_wconf 90' lang='lat' dir='ltr'>adeo</span> <span class='ocrx_word' id='word_1_253' title='bbox 1161 3597 1401 3680; x_wconf 79' lang='lat' dir='ltr'>Impugnaturn</span> 
     </span>
    </p>
   </div>
   <div class='ocr_carea' id='block_1_3' title="bbox 272 3691 1403 4068">
    <p class='ocr_par' dir='ltr' id='par_1_3' title="bbox 272 3691 1403 4068">
     <span class='ocr_line' id='line_1_34' title="bbox 272 3691 1403 3780; baseline 0.002 -24"><span class='ocrx_word' id='word_1_254' title='bbox 272 3693 427 3758; x_wconf 87' lang='lat' dir='ltr'>firmaret.</span> <span class='ocrx_word' id='word_1_255' title='bbox 476 3693 640 3759; x_wconf 85' lang='lat' dir='ltr'>Conclusa</span> <span class='ocrx_word' id='word_1_256' title='bbox 671 3697 758 3759; x_wconf 90' lang='lat' dir='ltr'>enim</span> <span class='ocrx_word' id='word_1_257' title='bbox 784 3705 834 3758; x_wconf 88' lang='lat' dir='ltr'>est</span> <span class='ocrx_word' id='word_1_258' title='bbox 857 3717 922 3780; x_wconf 88' lang='lat' dir='ltr'>pax</span> <span class='ocrx_word' id='word_1_259' title='bbox 947 3717 986 3757; x_wconf 92' lang='lat' dir='ltr'>ea</span> <span class='ocrx_word' id='word_1_260' title='bbox 1009 3693 1096 3777; x_wconf 83' lang='lat' dir='ltr'>lege,</span> <span class='ocrx_word' id='word_1_261' title='bbox 1129 3701 1165 3754; x_wconf 89' lang='lat' dir='ltr'>ut</span> <span class='ocrx_word' id='word_1_262' title='bbox 1195 3691 1283 3757; x_wconf 89' lang='lat' dir='ltr'>Urbs</span> <span class='ocrx_word' id='word_1_263' title='bbox 1311 3713 1403 3758; x_wconf 82' lang='lat' dir='ltr'>essct</span> 
     </span>
     <span class='ocr_line' id='line_1_35' title="bbox 273 3792 1401 3878; baseline 0.002 -24"><span class='ocrx_word' id='word_1_264' title='bbox 273 3793 306 3854; x_wconf 93' lang='lat' dir='ltr'>in</span> <span class='ocrx_word' id='word_1_265' title='bbox 332 3801 492 3876; x_wconf 87' lang='lat' dir='ltr'>potestate</span> <span class='ocrx_word' id='word_1_266' title='bbox 507 3793 689 3874; x_wconf 90' lang='lat' dir='ltr'>Pontificis,</span> <span class='ocrx_word' id='word_1_267' title='bbox 714 3792 870 3878; x_wconf 85' lang='lat' dir='ltr'>abrogato</span> <span class='ocrx_word' id='word_1_268' title='bbox 894 3793 1034 3877; x_wconf 83' lang='lat' dir='ltr'>patricio</span> <span class='ocrx_word' id='word_1_269' title='bbox 1055 3793 1281 3855; x_wconf 88' lang='lat' dir='ltr'>restitueretur</span> <span class='ocrx_word' id='word_1_270' title='bbox 1304 3815 1401 3878; x_wconf 88' lang='lat' dir='ltr'>prae-</span> 
     </span>
     <span class='ocr_line' id='line_1_36' title="bbox 272 3888 1398 3970; baseline 0.003 -18"><span class='ocrx_word' id='word_1_271' title='bbox 272 3889 386 3970; x_wconf 84' lang='lat' dir='ltr'>fectus,</span> <span class='ocrx_word' id='word_1_272' title='bbox 413 3899 445 3951; x_wconf 93' lang='lat' dir='ltr'>et</span> <span class='ocrx_word' id='word_1_273' title='bbox 468 3901 634 3954; x_wconf 89' lang='lat' dir='ltr'>senatores</span> <span class='ocrx_word' id='word_1_274' title='bbox 658 3893 761 3954; x_wconf 88' lang='lat' dir='ltr'>annui</span> <span class='ocrx_word' id='word_1_275' title='bbox 785 3891 981 3954; x_wconf 88' lang='lat' dir='ltr'>auctoritate</span> <span class='ocrx_word' id='word_1_276' title='bbox 997 3888 1170 3952; x_wconf 86' lang='lat' dir='ltr'>Pontificis</span> <span class='ocrx_word' id='word_1_277' title='bbox 1194 3899 1398 3956; x_wconf 86' lang='lat' dir='ltr'>crearentur.</span> 
     </span>
     <span class='ocr_line' id='line_1_37' title="bbox 272 3986 1400 4068; baseline 0.003 -19"><span class='ocrx_word' id='word_1_278' title='bbox 272 3986 430 4050; x_wconf 86' lang='lat' dir='ltr'>Romanis</span> <span class='ocrx_word' id='word_1_279' title='bbox 454 3998 565 4052; x_wconf 89' lang='lat' dir='ltr'>autem</span> <span class='ocrx_word' id='word_1_280' title='bbox 588 3990 759 4068; x_wconf 88' lang='lat' dir='ltr'>concessit,</span> <span class='ocrx_word' id='word_1_281' title='bbox 784 4000 821 4051; x_wconf 92' lang='lat' dir='ltr'>ut</span> <span class='ocrx_word' id='word_1_282' title='bbox 844 3988 1054 4052; x_wconf 90' lang='lat' dir='ltr'>diruerentur</span> <span class='ocrx_word' id='word_1_283' title='bbox 1079 3987 1278 4051; x_wconf 88' lang='lat' dir='ltr'>munitiones</span> <span class='ocrx_word' id='word_1_284' title='bbox 1303 3988 1400 4052; x_wconf 87' lang='lat' dir='ltr'>urbis</span> 
     </span>
    </p>
   </div>
   <div class='ocr_carea' id='block_1_4' title="bbox 346 4198 1143 4270">
    <p class='ocr_par' dir='ltr' id='par_1_4' title="bbox 346 4198 1143 4270">
     <span class='ocr_line' id='line_1_38' title="bbox 346 4198 1143 4270; baseline 0.003 -18"><span class='ocrx_word' id='word_1_285' title='bbox 346 4199 365 4268; x_wconf 90' lang='lat'>¹)</span> <span class='ocrx_word' id='word_1_286' title='bbox 386 4199 470 4253; x_wconf 72' lang='lat' dir='ltr'>(testa</span> <span class='ocrx_word' id='word_1_287' title='bbox 488 4199 661 4254; x_wconf 79' lang='lat' dir='ltr'>Trevirorum</span> <span class='ocrx_word' id='word_1_288' title='bbox 680 4203 763 4270; x_wconf 77' lang='lat'>(109),</span> <span class='ocrx_word' id='word_1_289' title='bbox 782 4215 816 4268; x_wconf 87' lang='lat' dir='ltr'>ap</span> <span class='ocrx_word' id='word_1_290' title='bbox 845 4199 1006 4264; x_wconf 87' lang='lat' dir='ltr'>Watterich,</span> <span class='ocrx_word' id='word_1_291' title='bbox 1025 4198 1062 4253; x_wconf 92' lang='lat' dir='ltr'>II.</span> <span class='ocrx_word' id='word_1_292' title='bbox 1083 4201 1143 4254; x_wconf 80' lang='lat'><strong>704.</strong></span> 
     </span>
    </p>
   </div>
   <div class='ocr_carea' id='block_1_5' title="bbox 0 0 1462 4842">
    <p class='ocr_par' dir='ltr' id='par_1_5' title="bbox 0 0 1462 4842">
     <span class='ocr_line' id='line_1_39' title="bbox 0 0 1462 4842; baseline 0 2"><span class='ocrx_word' id='word_1_293' title='bbox 0 0 1462 4842; x_wconf 95' lang='lat' dir='ltr'> </span> 
     </span>
    </p>
   </div>
  </div>
 </body>
</html>
