2858 4834
317 376 371 428 ⁴214
551 374 635 428 XXV.
656 375 696 426 Dc
715 390 796 428 caasa
815 391 834 428 s.
855 374 972 429 Thomas
991 375 1206 431 Centuericnsis.

317 527 432 598 morte,
456 540 540 604 quae
565 529 644 582 tunc
670 518 847 597 acciderat,
873 517 1029 584 laudibus
1053 519 1166 583 evehit
1191 520 1280 584 hunc
1304 521 1416 590 Pontifi

317 637 408 700 cem,
448 627 481 680 et
515 629 639 702 quanto
672 617 846 680 affectione
877 619 984 701 ipsum
1017 616 1209 682 Hadrianus
1245 632 1416 702 prosecutur

316 715 425 794 fuerit,
456 725 550 798 grata
581 715 695 780 recolit
723 717 892 780 memoria.
940 716 1031 778 Inter
1062 715 1128 779 alia
1161 715 1293 780 scribit:
1336 714 1416 788 Quas

315 815 397 876 enim
428 825 557 876 matrem
580 814 706 878 baberet
736 825 767 876 et
787 814 929 900 fratrem
957 815 1129 889 amrinum,
1166 835 1211 876 me
1241 837 1335 898 quam
1362 811 1416 876 illo,

315 912 448 974 arctiori
471 911 624 996 dilipebat
648 911 771 997 affectu.
805 911 980 974 Fatebatur
1003 913 1098 976 etiam
1115 910 1241 998 publice
1266 922 1296 974 et
1314 924 1417 976 secrete

315 1009 399 1093 qssod
429 1033 475 1073 me
500 1033 583 1095 prae
608 1009 751 1073 omnibus
775 1008 959 1074 mortalibus
984 1007 1145 1095 dilipebat.
1193 1011 1236 1073 Et
1258 1034 1349 1096 quum
1372 1013 1417 1074 lio

315 1130 427 1171 manus
441 1107 594 1192 Pontifex
618 1120 706 1186 esset,
731 1131 777 1171 me
802 1110 834 1170 in
852 1109 993 1194 propria
1016 1130 1123 1172 mensa
1146 1107 1304 1194 pandebat
1326 1109 1417 1170 baben

315 1208 486 1284 convivam,
511 1218 540 1270 et
552 1206 690 1270 eumdem
715 1208 861 1292 scppbum
885 1218 914 1269 et
937 1207 1056 1270 discum
1080 1205 1141 1268 eibi
1164 1215 1193 1268 et
1215 1207 1292 1268 mibi
1316 1206 1416 1268 soleba

315 1314 344 1366 et
359 1303 517 1389 faciebat,
548 1327 594 1366 me
619 1305 782 1381 renitente,
813 1326 877 1367 esse
902 1325 1099 1367 communem.
1146 1303 1200 1367 Ad
1221 1327 1330 1389 preces
1355 1325 1418 1374 mea

315 1401 435 1466 illustri
461 1405 530 1488 repi
560 1402 733 1487 Amplorum
763 1403 902 1466 chrico
940 1403 1074 1466 secando
1106 1403 1256 1465 concessit
1286 1413 1317 1464 et
1351 1403 1418 1464 dedi

315 1499 503 1564 Hiberniam
519 1505 594 1589 jure
618 1501 833 1564 lsaereditario
855 1500 1093 1585 possidendam,
1124 1501 1204 1564 sicin
1232 1500 1358 1563 litterae
1388 1503 1418 1584 ip

312 1601 380 1661 sius
404 1609 558 1663 testantur
581 1601 615 1661 in
638 1600 822 1663 hodiernam
849 1599 940 1662 diem.
990 1599 1076 1662 Nam
1106 1620 1210 1662 omnes
1234 1598 1369 1666 insulae.
1396 1599 1418 1658 ‹ls

305 1701 380 1784 jure
405 1697 543 1781 antiqno,
568 1719 608 1760 co:
631 1697 801 1761 donatione
829 1695 1040 1774 Constanti-ni,
1064 1697 1118 1781 qui
1141 1719 1210 1759 eam
1223 1695 1382 1780 fundarit
1403 1707 1419 1758 el

312 1795 444 1870 dotavit,
476 1795 624 1858 dicuntur
654 1797 698 1858 ad
722 1797 897 1859 Romanam
931 1793 1091 1858 ecclesiam
1107 1795 1279 1879 pertinere.
1331 1797 1419 1858 Anisa

313 1893 376 1956 lum
399 1915 517 1978 quoque
535 1917 599 1978 per
622 1917 667 1956 me
694 1895 870 1956 transmisit
899 1916 1028 1956 aureum
1052 1893 1220 1976 smaragdo
1244 1895 1362 1978 optimo
1385 1895 1419 1952 ‹le

311 2002 460 2068 corutum,
493 2014 552 2077 quo
574 1992 669 2074 fleret
698 1993 886 2055 investitura
911 1992 999 2080 juris
1027 1993 1062 2053 in
1090 1990 1227 2074 peranda
1259 1991 1420 2060 Hibernia

311 2090 451 2174 idemque
484 2089 585 2153 adbuc
613 2089 750 2153 annulus
779 2091 814 2152 in
844 2089 962 2152 cssriali
984 2090 1089 2153 arcbio
1115 2087 1244 2174 publico
1282 2089 1420 2152 custodiri

305 2193 417 2277 jussus
441 2198 495 2252 est.
536 2185 573 2252 Si
587 2189 717 2251 virtutes
740 2192 806 2276 ejas
826 2210 1012 2272 percurrere
1036 2186 1137 2266 velim,
1163 2189 1195 2250 in
1221 2189 1331 2271 mapni
1354 2187 1420 2250 roua

314 2287 406 2348 minis
431 2285 545 2348 librum
568 2287 643 2349 baec
666 2310 731 2350 ana
755 2296 909 2349 excrescet
931 2283 1108 2364 materiasti

171 2423 277 2473 lshwls
402 2411 455 2475 59.
480 2410 629 2495 Epistola
653 2421 761 2474 autem
781 2409 944 2474 Hadriani
961 2409 1009 2473 IV
1025 2379 1078 2473 ad
1093 2409 1275 2474 Henricum
1293 2409 1331 2474 II
1354 2411 1421 2494 ejus«

161 2487 281 2526 '‘dm''
314 2508 403 2572 modi
427 2519 492 2571 est:
519 2509 710 2572 Hadrianus
734 2510 921 2594 Episcopus,
950 2531 1056 2570 semme
1079 2529 1237 2570 servorum
1260 2507 1337 2584 Dei,
1368 2509 1421 2568 ΓΜ

311 2609 436 2670 sissimo
460 2609 496 2670 in
523 2605 649 2670 Christo
679 2607 758 2688 filia,
786 2605 908 2670 illustri
930 2605 1106 2689 duplorum
1129 2608 1218 2690 Reyi,
1248 2607 1382 2671 salumn
1403 2615 1421 2664 el

311 2705 528 2790 Apostolicam
541 2705 793 2768 benedictionem.
807 2743 849 2752 -
860 2702 1082 2767 Laudabiliter
1098 2715 1127 2766 et
1135 2703 1302 2789 fluctuoso
1320 2705 1357 2768 de
1371 2705 1421 2790 ple·

309 2806 394 2866 rioso
428 2806 550 2866 nomine
576 2803 789 2889 propapando
823 2805 857 2866 in
890 2805 992 2878 terris,
1030 2814 1058 2864 ct
1091 2813 1237 2865 cisternae
1258 2802 1421 2888 felicitatis

304 2905 450 2988 praemio
473 2902 663 2966 cumulando
686 2901 846 2978 incaelis,
872 2912 926 2964 tua
951 2901 1181 2984 mapsificentia
1206 2902 1337 2983 sopitat,
1361 2901 1421 2962 <lum

309 3001 354 3064 ad
377 3000 564 3065 dilatandos
588 2999 747 3063 Ecclesiae
771 3000 918 3062 tcmninos
942 3022 979 3061 oc
1003 2997 1230 3062 declarandam
1243 2999 1379 3062 indoctis
1400 3009 1421 3051 a

310 3099 440 3162 rudibus
459 3099 590 3186 papulis
614 3099 805 3161 christianae
820 3097 904 3181 fidei
926 3098 1098 3173 veritatem,
1124 3108 1152 3159 et
1170 3097 1320 3159 vitiorum
1340 3097 1420 3182 pime-

310 3199 394 3260 taria
419 3198 457 3260 dc
482 3221 556 3282 apro
589 3197 744 3259 dominico
774 3195 998 3280 easdrpanda
1033 3196 1113 3257 sicut
1143 3193 1315 3258 catholicus
1340 3199 1419 3280 prin-

308 3317 378 3379 ceps
403 3295 552 3370 intendis,
584 3305 612 3356 et
637 3293 738 3357 adid
762 3294 993 3356 convenientius
1024 3291 1236 3376 exequendum
1266 3292 1421 3356 consilinm

308 3393 511 3478 Apostolicac
536 3391 628 3456 Sedis
653 3393 752 3477 eripis
776 3400 805 3454 et
826 3390 985 3475 favorem.
1032 3391 1070 3452 In
1101 3413 1160 3475 quo
1185 3387 1281 3475 facto
1314 3399 1419 3476 qsranto

308 3489 420 3552 altiori
449 3490 580 3554 consilio
605 3501 634 3552 et
657 3491 773 3578 majori
796 3488 985 3552 discretione
1012 3487 1170 3573 procedis,
1206 3497 1296 3552 tanto
1330 3491 1362 3551 in
1392 3509 1419 3542 m

299 3589 481 3672 feliciorem
499 3611 702 3676 propressum
726 3599 764 3668 te,
790 3597 974 3674 praestante
999 3586 1146 3670 Domino,
1171 3587 1354 3670 confidimus
1375 3588 1417 3648 ln·

308 3686 453 3766 biturum,
479 3709 513 3749 eo
538 3688 622 3773 quod
644 3688 688 3750 ad
712 3686 825 3750 bonum
849 3688 967 3749 scitum
990 3707 1110 3771 semper
1142 3696 1171 3747 et
1185 3685 1285 3766 finem
1309 3683 1419 3748 soleant

307 3786 474 3868 ottinpere,
507 3809 585 3870 quae
609 3786 647 3849 de
672 3785 786 3848 ardore
811 3783 891 3868 fidei
914 3795 943 3847 et
967 3784 1004 3846 de
1027 3781 1192 3866 relipionis
1214 3806 1320 3847 amore
1340 3783 1417 3868 piiss·

307 3883 423 3966 capium
447 3895 642 3967 acceperant.
690 3882 775 3947 Scine
801 3881 990 3946 Hiberniam
1020 3891 1049 3943 et
1073 3903 1177 3944 omnes
1204 3881 1338 3959 incidas,
1359 3881 1415 3964 ipsi·

380 4165 399 4222 ‘l
420 4163 502 4230 Giles,
522 4163 588 4234 opp,
608 4167 722 4221 ioannis
742 4166 870 4220 Sarisber.
890 4165 949 4220 Vol.
970 4165 1001 4219 V.
1020 4181 1047 4232 p.
1067 4167 1127 4220 205.
