2902 4848
307 393 363 450 330
430 469 434 476 Ι
590 393 717 448 XXXIV.
736 394 777 448 De
797 393 917 448 Concilio
937 393 1149 449 Constantiensi.

308 537 467 623 epistolae
491 537 535 602 ad
558 537 724 602 loannem
748 536 880 618 XXIII,
914 538 949 602 in
974 560 1039 624 qua
1062 537 1218 624 negabat,
1250 560 1366 604 errores
1385 561 1411 602 se

308 657 470 716 asserere3
505 657 590 721 quae
624 645 737 718 egerat
766 637 890 720 pariter
920 634 1125 718 vindicabat,
1158 647 1192 700 et
1221 648 1367 722 peratum
1387 658 1413 700 se

309 732 501 798 declarabat
541 755 627 814 esse,
673 743 709 796 ut
745 733 950 818 responderet
989 734 1187 799 aduersariis
1224 736 1306 816 sris,
1341 746 1367 798 et
1395 736 1416 798 si

307 830 470 898 haereseos
499 834 734 896 convinceretur
757 833 852 894 etium
875 833 945 917 rogi
963 853 1103 918 poenum
1132 833 1312 910 sustineret,
1346 832 1416 896 dum·

307 929 399 992 modo
423 929 476 994 illi
498 951 616 1015 quoque
639 931 669 992 si
692 928 924 993 succumberent
954 930 1064 994 eodem
1086 953 1197 1017 poena
1218 931 1415 1017 afficeremur.

307 1025 449 1112 Scripsit
482 1027 582 1092 simili
613 1028 741 1092 ratIone
772 1028 874 1090 etiam
906 1027 950 1092 ad
982 1027 1158 1112 collegium
1184 1027 1417 1095 Cardiunliun:

307 1124 366 1190 sed
391 1125 507 1190 eodem
531 1137 679 1212 tempore
704 1127 813 1190 varios
845 1125 951 1190 edidit
973 1125 1077 1191 libros
1099 1127 1270 1212 pessimos.
1317 1123 1371 1190 Sic
1392 1128 1417 1188 in

307 1221 392 1286 libro
423 1225 472 1288 De
503 1223 594 1288 libris
632 1224 858 1288 baereticorum
896 1223 1037 1310 lepende's
1074 1245 1141 1290 non
1179 1223 1288 1288 solum
1324 1235 1418 1304 negat

306 1321 408 1386 libros
432 1321 673 1386 haereticorum
691 1343 762 1386 esse
779 1321 1033 1402 comburendos,
1058 1322 1116 1386 sed
1133 1322 1233 1388 etiam
1249 1323 1331 1386 satis
1345 1319 1419 1384 clare
1436 1365 1437 1368 κ

308 1421 483 1504 impugnat
505 1421 734 1484 auctoritatem
759 1419 973 1502 Traditionis,
1009 1419 1100 1485 haud
1123 1419 1237 1502 alium,
1271 1441 1418 1496 asserens,

307 1538 379 1582 esse
410 1517 624 1598 haereticum,
658 1518 721 1582 nisi
751 1519 808 1602 qui
832 1540 858 1582 s.
883 1518 1076 1603 Scripturas
1100 1519 1309 1596 contradicit.
1355 1517 1417 1580 Alis

307 1615 483 1700 opusculo,
522 1617 620 1680 Actus
654 1638 717 1701 pro
746 1615 929 1702 defensione
968 1614 1104 1700 Wiclefi,
1144 1616 1244 1702 hujus
1273 1615 1418 1680 haeretici

306 1712 407 1778 libros
447 1711 617 1794 defendit3
671 1715 809 1800 ejusque
848 1714 1076 1780 defensionem
1123 1717 1249 1802 puriter
1287 1715 1437 1797 suscepitt

306 1812 475 1897 opusculo,
509 1812 661 1898 Defensio
692 1813 898 1898 quorumdam
929 1813 1136 1878 articulorum
1158 1813 1194 1876 J.
1227 1811 1355 1894 Wiclefi.
1388 1809 1418 1872 In

307 1911 439 1995 scriptis
470 1931 566 1995 porro
590 1912 640 1973 De
664 1908 824 1975 oblatione
857 1909 1077 1998 temporalium
1106 1935 1128 1975 c
1158 1911 1283 1975 clericis
1312 1931 1351 1974 ac
1381 1908 1417 1970 ln

307 2008 437 2072 decimis
461 2007 633 2073 ostendere
658 2009 750 2072 uisus
765 2018 824 2089 est,
848 2008 950 2073 laicos
967 2031 1062 2094 posse
1086 2007 1215 2073 clericis
1238 2007 1420 2072 subtrahere

308 2106 463 2182 decimus,
489 2117 588 2191 etque
605 2105 647 2170 ad
664 2106 728 2170 hoc
744 2108 861 2185 teneri,
886 2109 914 2170 si
930 2106 978 2171 illi
996 2107 1113 2171 iisdem
1132 2106 1324 2170 abutantur.
1357 2104 1419 2168 Pro

307 2205 505 2289 positionem
538 2226 670 2290 quoque
704 2204 842 2268 Wiclefi
874 2205 998 2270 ibidem
1031 2205 1188 2286 defendit,
1223 2218 1421 2290 peccatorem

307 2325 369 2367 nec
393 2303 656 2368 ecclesiasticum
680 2324 741 2367 nec
766 2303 900 2368 civilem
924 2305 1129 2389 superiorem
1152 2324 1223 2366 esse
1247 2322 1356 2386 posse.

165 2417 201 2478 uf,
247 2417 283 2446 ⁰¹·
394 2402 448 2466 48.
496 2400 619 2466 Sbiuco
659 2399 930 2486 archiepiscopus
973 2423 1076 2487 quum
1116 2399 1265 2487 pericula
1303 2399 1423 2462 videret

182 2479 246 2508 Μ’
306 2519 463 2580 crescere,
489 2497 655 2584 profectus
679 2509 729 2562 est
752 2499 794 2564 ad
820 2498 1072 2584 Sigismundum
1089 2499 1285 2583 Hungariae
1308 2517 1421 2580 regem.

307 2607 344 2660 ut
366 2598 437 2682 ejus
462 2605 588 2681 peteret
611 2595 786 2680 auxilium,
812 2596 926 2682 ibique
951 2619 1064 2662 mense
1080 2594 1267 2681 Septembri
1292 2619 1322 2662 a.
1348 2596 1419 2658 1411

305 2695 398 2760 obiit.
445 2695 486 2760 Ei
512 2696 672 2758 successit
692 2692 823 2758 Albinus
848 2716 961 2777 senex,
987 2695 1048 2760 sub
1073 2715 1138 2780 quo
1163 2693 1308 2758 Hessius
1332 2693 1421 2755 etism

305 2792 468 2858 audacius
489 2802 628 2857 *conatus
661 2813 736 2857 suos
760 2805 953 2878 prosecutus
977 2806 1036 2858 est.
1084 2792 1195 2874 Quum
1220 2813 1258 2855 00
1284 2801 1423 2874 tempore

306 2893 433 2974 Progne
457 2888 555 2955 Rullo
582 2889 691 2957 Crucis
725 2890 968 2976 publicaretur,
1004 2913 1104 2977 quam
1136 2890 1286 2956 loannes
1310 2885 1422 2954 XXIII

306 3011 365 3076 pro
379 2988 464 3053 bello
478 2998 592 3053 contra
601 2987 798 3052 Ladislaum
811 3010 922 3072 regem
937 2986 1095 3074 Neapolis
1105 2988 1250 3072 gerendo
1264 2989 1424 3050 emiserat.

305 3108 379 3152 cnm
414 3086 556 3150 Hussius
593 3084 801 3151 sermonibus
842 3088 1055 3172 impugnavit
1093 3097 1125 3150 et
1162 3086 1260 3150 editis
1300 3086 1426 3168 scriptis

305 3185 355 3248 Dc
378 3185 586 3272 indulpontiis
610 3196 642 3248 et
669 3182 788 3248 Contra
813 3183 933 3248 bullum
956 3185 1075 3270 Papae.
1107 3181 1287 3247 Tumultus
1304 3183 1426 3265 Pragse

304 3285 411 3347 exorti
445 3293 533 3364 sunt,
569 3284 765 3369 magnisque
797 3283 960 3346 conviciis
991 3282 1148 3346 Pontifex
1185 3280 1250 3344 t'uit
1280 3281 1425 3344 affectus.

306 3381 382 3460 Qua
414 3381 589 3444 occasione
617 3403 637 3445 a
671 3383 867 3466 magistratu
889 3382 1050 3466 Pragensi
1084 3403 1126 3446 ex
1150 3377 1426 3444 tumultuantibus

306 3491 373 3543 tres
397 3477 548 3542 homines
572 3478 706 3564 plebeji,
737 3501 817 3562 prae
841 3481 979 3543 caeteris
1002 3480 1061 3562 rei,
1095 3479 1219 3542 carceri
1247 3477 1379 3542 addicti
1401 3491 1428 3536 st

305 3578 415 3662 capite
447 3574 546 3661 plecti
577 3586 664 3642 sunt.
711 3577 756 3640 Hi
789 3579 822 3642 in
848 3576 967 3642 sacello
991 3575 1266 3642 Bethlehemitico
1297 3573 1426 3661 sepulti.

304 3699 344 3740 ac
368 3685 538 3760 tamquam
563 3685 725 3759 martyres
750 3674 792 3738 ab
808 3675 931 3740 Hussio
956 3695 1108 3739 sermone
1132 3673 1246 3739 habito
1271 3673 1424 3738 celebrari

305 3783 391 3836 sunt.
418 3771 466 3836 Eo
479 3783 628 3858 tempore
640 3773 840 3858 professores
854 3772 993 3838 Bohemi
1003 3771 1240 3836 Universitatis
1252 3771 1427 3856 progess-

304 3873 406 3937 etiam
431 3893 465 3934 se
489 3873 625 3935 omnino
648 3871 691 3935 ab
717 3871 839 3936 Hussio
865 3879 1070 3957 separarunt,
1100 3870 1238 3956 ejusque
1262 3869 1426 3933 eruentibus

305 3992 340 4034 se
364 3968 582 4032 vehementer
604 3978 839 4054 opposuerunt.
871 3969 1020 4034 loannes
1044 3967 1175 4048 XXIII,
1200 3966 1426 4032 condemnans

304 4090 335 4132 a.
363 4067 448 4132 1412
482 4067 516 4130 in
540 4065 690 4131 Romana
722 4066 849 4150 synodo
874 4065 1008 4131 Wiclefi
1039 4064 1147 4148 libris,
1183 4064 1349 4129 Hessium
1374 4065 1425 4128 Ito·

306 4186 394 4228 mam
429 4167 543 4229 venire
568 4166 670 4250 jussit
704 4164 747 4228 ad
780 4165 959 4230 dicendam
1000 4185 1150 4238 eausam3
1189 4162 1243 4226 hic
1274 4183 1362 4228 vero
1391 4163 1426 4226 ob
