2868 4844
409 477 513 532 amito
532 477 634 532 Urbani
651 477 701 533 Vl.
1080 478 1134 533 358

28 633 132 702 rentur,
156 621 268 686 multis
282 620 440 707 precibus
455 632 632 686 moverunt
648 619 860 686 Cardinalem
878 643 902 687 e.
917 621 1006 686 Petri
1022 643 1135 686 senem

28 719 187 801 infirmnm,
218 732 256 784 nt
279 723 402 785 sineret
432 719 495 784 sibi
528 721 622 785 indui
648 740 800 807 cappam,
835 741 874 784 aa
897 722 925 783 si
950 723 984 784 in
1008 721 1133 806 Papam

27 818 133 882 electus
165 829 269 898 esset3
309 829 338 882 at
365 819 496 882 indutas
511 818 585 904 fait
607 841 713 906 eappa
737 829 766 882 at
789 818 885 882 mitra
904 817 1026 904 papali
1048 829 1078 880 at
1100 819 1136 881 in

25 915 223 1002 antepositas.
247 916 348 981 Porta
365 916 442 980 dein
460 927 576 1002 aperte
593 917 769 981 multitado
783 918 931 996 intravit,
955 927 990 980 et
1005 917 1136 1001 magnis

26 1017 215 1078 asmantiae
229 1015 333 1100 signis
348 1013 562 1078 Cardinalem
581 1037 606 1079 s.
623 1015 713 1079 Petri
736 1015 866 1094 affecit3
891 1012 1010 1100 reliqui
1022 1023 1134 1078 antem

22 1109 204 1176 i'srdinales
239 1115 365 1177 interea
395 1123 610 1179 recesserunt.
667 1111 735 1177 Sed
769 1111 956 1177 Oardinalis
988 1131 1013 1178 s.
1045 1111 1134 1174 Petri

23 1231 88 1273 nox
103 1209 258 1274 omnibns
273 1209 475 1275 declaravit:
499 1211 566 1295 Epo
587 1233 653 1275 non
678 1232 745 1275 mm
770 1212 873 1296 Papa,
895 1233 952 1274 nac
974 1211 1136 1298 antipapa

22 1329 74 1371 essa
96 1308 177 1386 oola,
201 1309 257 1372 sed
277 1309 392 1373 melior
414 1331 460 1371 me
484 1318 531 1372 est
553 1307 666 1373 electas
689 1311 724 1372 in
741 1309 873 1394 Papam,
897 1305 1016 1372 scilicet
1035 1305 1134 1369 araiti-

22 1407 175 1491 epiaaopns
189 1407 353 1473 Berensis.
394 1407 445 1470 Ex
469 1406 521 1470 his
546 1407 701 1471 omnibus
724 1405 886 1470 tumultus
910 1415 1044 1469 exortus
1066 1413 1134 1480 est3

20 1503 109 1589 aliqui
136 1503 330 1568 Cardinales
355 1505 518 1584 timentes,
551 1527 593 1568 ne
617 1504 759 1590 popalus
783 1513 916 1590 propter
940 1503 1133 1567 electionem

19 1603 73 1664 siri
97 1603 153 1688 qui
170 1602 340 1666 Romanus
362 1601 453 1666 hand
479 1613 558 1682 erat,
581 1612 614 1666 et
629 1613 763 1688 propter
786 1601 952 1665 fictionem
978 1603 1074 1664 istem
1099 1601 1133 1664 in

21 1701 95 1782 ipsos
121 1699 303 1782 inveheret,
329 1703 362 1765 in
388 1698 558 1764 castellum
584 1723 608 1766 s.
630 1699 751 1784 Angeli
777 1722 811 1762 se
835 1707 1046 1785 receperunt3
1077 1698 1134 1761 alii

20 1819 52 1858 ox
75 1797 166 1862 Urbe
196 1801 319 1882 egressi
352 1807 446 1878 snnt3
482 1798 538 1862 alii
563 1801 597 1862 in
622 1801 691 1862 suis
715 1798 868 1882 hospitiis
890 1809 1133 1874 remanserant,

19 1894 158 1981 nihilque
181 1907 292 1960 tamen
320 1896 398 1961 mali
422 1898 504 1982 ipsis
527 1897 653 1960 factrtm
678 1904 737 1960 est.
777 1895 923 1981 Vespere
947 1896 1031 1959 varii
1058 1893 1134 1958 Car-

19 1991 146 2074 dinales,
172 1996 288 2079 quiex
306 1993 397 2059 Urbe
420 2005 643 2076 excesserant,
667 1996 872 2079 scripserant
894 1993 936 2056 ed
953 1994 1133 2058 Barcnssm

19 2091 45 2152 in
75 2089 197 2176 palatio
228 2092 394 2156 Vaticano
434 2095 631 2157 existentem
671 2092 713 2156 de
744 2091 905 2155 electione
935 2093 1056 2176 ipsius,
1093 2113 1134 2155 ac

19 2199 208 2253 monuerunt
241 2207 327 2270 eum,
362 2201 399 2254 nt
428 2201 563 2276 propter
592 2191 693 2254 iratos
717 2191 883 2254 Romanos
907 2192 939 2253 in
965 2200 1073 2254 tutum
1097 2213 1133 2253 se

17 2288 169 2371 reciperet
190 2287 317 2363 locnm;
342 2289 398 2353 sed
424 2289 586 2354 suadente
600 2287 774 2353 Cardinali
800 2312 823 2353 s.
840 2288 939 2368 Petri,
965 2307 1040 2351 cum
1061 2289 1132 2372 ipso

15 2381 69 2447 loc
101 2383 280 2449 Cardinale
314 2389 348 2450 in
379 2386 502 2472 palatio
535 2387 699 2451 Vaticano
729 2387 898 2450 remansit.
936 2423 979 2432 -
1019 2384 1132 2448 Altera
1152 2381 1307 2490 flffiffiffl‘*

16 2481 61 2544 die
76 2483 114 2546 9⁰
126 2483 252 2569 Aprilis
276 2483 393 2548 electio
418 2485 459 2548 de
477 2484 616 2549 consilio
633 2483 821 2549 cardinalis
844 2506 868 2548 s.
882 2483 970 2547 Petri
988 2483 1131 2569 primum

15 2577 218 2644 Officialibus
249 2581 361 2667 populi
387 2583 528 2647 Romani
563 2585 761 2647 annuntiata
788 2582 863 2665 fuit,
897 2583 953 2668 qui
978 2601 1012 2645 se
1035 2579 1134 2666 plane

15 2689 179 2742 contentos
214 2680 445 2762 ostenderunt,
485 2692 518 2745 et
552 2683 654 2746 etiam
691 2677 887 2744 Cardinales
925 2682 959 2743 in
999 2677 1133 2743 castallo

14 2797 32 2837 s.
56 2775 178 2860 Angeli
203 2776 361 2859 degentes
385 2781 541 2843 certiores
563 2778 793 2860 reddiderant,
822 2775 905 2842 nihil
930 2779 1065 2842 omnino
1089 2799 1132 2840 ex

14 2884 98 2954 parte
123 2873 237 2959 populi
263 2875 403 2939 Romani
430 2877 617 2940 timendum
642 2895 723 2940 esse.
755 2875 950 2940 Cardinalcs
974 2875 1052 2939 dein
1076 2877 1132 2960 qui

14 2969 131 3036 Romae
163 2972 317 3054 aderant,
353 2977 462 3056 (erant
485 2983 596 3038 autem
621 2973 820 3055 duodecim),
856 2983 930 3059 post
959 2973 1132 3037 meridiem

11 3069 40 3132 in
56 3069 179 3155 palatio
196 3070 360 3136 Vaticano
384 3071 576 3136 solemniter
597 3072 836 3136 confirmarunt
851 3071 998 3156 Boreum,
1023 3073 1131 3156 ipsam

10 3169 67 3231 rite
90 3177 123 3231 et
145 3167 294 3252 legitime
319 3171 354 3233 in
379 3167 575 3234 Pontificem
601 3169 741 3234 electum
773 3189 853 3249 esse,
883 3181 916 3233 et
943 3171 1133 3235 institerunt

12 3275 42 3327 nt
64 3266 260 3330 electionem
285 3277 391 3331 rotam
416 3267 563 3332 heberet.
595 3269 668 3354 iprae
691 3289 763 3331 aero
787 3267 911 3346 electris,
932 3266 1080 3353 precibus
1103 3281 1134 3331 et

12 3365 170 3428 instantiis
195 3365 343 3444 devictas,
367 3387 435 3429 anm
459 3377 591 3430 memore
615 3375 645 3429 et
670 3368 781 3430 timore
791 3367 963 3453 praefatae
987 3365 1134 3430 electioni

11 3464 172 3528 emeansit.
198 3501 240 3509 -
263 3463 398 3528 Deinde
422 3462 647 3528 solemnitates
671 3462 787 3528 solitae
810 3473 965 3549 peractae
989 3472 1075 3544 sunt,
1100 3475 1133 3526 et

12 3557 202 3625 Cardinales
233 3559 332 3647 plane
356 3571 587 3647 sogesserunt
620 3585 698 3646 erga
723 3560 896 3626 Urbanum
920 3561 970 3624 VI
994 3571 1031 3624 ut
1053 3581 1133 3646 erga

10 3655 130 3742 Papam
156 3658 352 3741 legitimum,
377 3667 407 3721 et
420 3662 504 3722 inter
520 3671 646 3724 caetera
659 3661 820 3745 petierant
834 3657 993 3723 lumiliter
999 3659 1132 3745 plenam

10 3755 232 3820 ‘absolutionem
269 3758 407 3820 omniam
430 3769 647 3843 peccatoram,
680 3769 710 3820 et
740 3758 1007 3843 dispensationem
1038 3777 1134 3842 mper

9 3854 193 3937 quibasdam
214 3854 518 3939 imepalaritatibas,
554 3877 632 3941 qaas
647 3855 770 3941 sartan
792 3857 1018 3933 incurrissem
1051 3877 1131 3938 quaa

9 3955 109 4016 urania
127 3953 211 4016 idem
223 3953 379 4016 Dominae
402 3955 572 4032 concessit,·
596 3964 625 4017 et
649 3953 869 4039 subsequenter
882 3953 1012 4038 quilibet
1026 3975 1133 4016 aarum

9 4049 93 4136 clepit
117 4049 183 4113 sibi
205 4071 300 4135 saper
321 4051 370 4114 hia
393 4052 612 4137 confessorem,
640 4075 701 4137 per
724 4073 812 4137 qrrem
839 4054 873 4114 in
889 4051 1002 4136 forma
1027 4051 1131 4114 Eccle-

9 4151 69 4212 siae
102 4171 136 4212 aa
160 4146 284 4212 abanim
305 4148 466 4232 fecerant.
500 4187 542 4197 —
575 4149 627 4212 Ex
653 4149 705 4213 his
729 4147 903 4234 colligitur,
935 4149 1130 4213 electionem

10 4245 132 4311 Urbani
157 4246 340 4331 legitimam
364 4246 486 4327 tuisse3
525 4248 583 4312 sed
608 4247 758 4312 conferre
790 4269 932 4333 aequum
957 4258 1006 4311 est
1029 4249 1131 4312 etiam

10 4345 204 4408 Relationem
229 4341 480 4411 Cardinalium„
