2840 4840
332 469 367 522 52
609 467 695 521 XXX.
715 467 754 522 De
772 465 938 522 Pontificstn
956 463 1090 520 Bonifatii
1108 464 1186 520 v111.

332 611 608 685 vindicaverunt3
643 613 708 674 imo
734 609 899 674 interdum
930 609 1046 674 durius
1068 608 1226 694 loquitur,
1258 612 1298 674 ita
1318 620 1346 672 nt
1363 609 1405 674 lert

333 709 491 774 directam
518 716 711 795 potestatem
743 730 887 773 asserere
912 707 1075 789 videatur,
1109 719 1256 772 attamen
1284 705 1350 772 alias
1368 708 1405 780 isa

332 809 472 893 mitigat.
519 808 558 872 111
584 807 827 872 Constitutione
851 816 962 871 autem
991 807 1093 870 Uaam
1116 817 1261 870 sanetom
1288 805 1405 890 principit

331 904 499 991 generalia
523 915 700 991 ponuntur,
726 925 811 991 quae
834 925 902 968 non
925 903 1093 968 excedunt
1116 912 1306 989 potestatem
1326 897 1405 972 indiis

332 1014 431 1068 etam
488 1002 712 1067 Vehementer
744 1001 967 1067 hallucinatus
1002 1011 1052 1066 est
1089 1001 1220 1066 Natalis
1252 998 1405 1090 Alexandep

333 1103 389 1188 qui
425 1104 459 1166 in
491 1103 741 1188 impugnatione
776 1101 972 1185 opinionum
1004 1100 1163 1164 Bonifatii
1195 1099 1280 1163 VllI
1310 1095 1405 1182 mulind

332 1202 449 1265 nititur·
488 1199 647 1264 doctrinis
679 1197 812 1283 Aegidii
849 1197 1002 1262 Romani.
1065 1199 1264 1282 Desumpsit
1298 1193 1405 1274 videliet

331 1298 460 1363 Natalis
483 1320 523 1362 ea
546 1319 631 1382 quae
646 1297 741 1362 affert
764 1318 807 1360 ex
826 1305 969 1360 tractatu
993 1295 1031 1358 de
1046 1306 1181 1382 auoque
1191 1306 1341 1382 potestate
1354 1291 1405 1378 rupi

332 1407 363 1460 et
379 1393 571 1482 pontificali,
605 1395 662 1480 qui
691 1381 781 1478 apud
810 1391 960 1458 Goldast.
985 1391 1157 1459 Monarch.
1187 1417 1213 1458 s.
1238 1393 1277 1458 R.
1299 1392 1324 1457 I.
1345 1391 1405 1478 up

333 1494 376 1558 95
400 1494 461 1558 sub
486 1491 619 1577 Aegidii
643 1491 738 1556 Rom.
763 1492 897 1554 nomine
921 1499 1030 1554 exstat
1053 1490 1172 1556 editus.
1208 1490 1277 1556 Sed
1291 1479 1405 1577 opusho'

333 1592 482 1676 spurium
506 1612 586 1674 esse,
610 1591 696 1653 inter
719 1589 866 1653 eruditos
892 1588 964 1674 jam
994 1597 1139 1670 constet3
1170 1591 1340 1654 recentiori
1364 1599 1387 1649 te

332 1711 411 1776 pore
435 1687 470 1752 id
493 1690 667 1752 evicerunt
689 1683 885 1770 Jourdain¹)
909 1695 942 1748 et
966 1685 1003 1751 F.
1018 1686 1061 1752 X.
1077 1685 1229 1768 Kraus²).
1276 1683 1388 1772 Aegida

331 1807 448 1850 revera
472 1785 611 1850 solidam
636 1785 821 1850 doctrinam
854 1783 895 1848 de
923 1793 1084 1869 potestate
1109 1784 1275 1850 indirecta
1297 1785 1375 1849 ianm

331 1886 545 1970 perspicuum
569 1884 702 1949 videtur
725 1905 768 1946 ex
792 1881 857 1946 illis
873 1884 1065 1948 sententiis:
1095 1881 1216 1948 Causae
1241 1885 1382 1948 mioetaes

332 2005 446 2046 causae
471 1981 667 2068 temporales,
699 2003 779 2066 quae
803 1981 1027 2045 eoaaeeioaeot
1050 1981 1221 2065 quamdam
1252 1981 1357 2046 hubert

333 2079 565 2166 spiritualibus.
590 2129 598 2144 .
625 2130 632 2145 .
659 2128 666 2143 .
691 2081 762 2143 lieu
786 2079 944 2142 Froueiae
975 2077 1144 2142 secuudum
1159 2083 1243 2168 jura
1267 2103 1327 2143 raon
1348 2075 1401 2141 sude·

332 2199 449 2241 sommo
473 2177 620 2259 Pontifici
641 2199 696 2241 nee
719 2176 749 2240 ei
772 2187 894 2240 tenetur
913 2176 1104 2261 respondere
1127 2176 1165 2240 de
1181 2177 1288 2262 feudo
1311 2201 1369 2252 sue,
1385 2202 1401 2258 p

331 2285 390 2339 test
412 2285 516 2340 tamea
538 2278 568 2338 ei
591 2276 750 2365 subjacere
773 2273 949 2338 iucideates·
972 2285 1002 2338 et
1025 2274 1209 2350 casualiter,
1235 2277 1391 2340 rationes

331 2375 479 2438 occeioais
502 2372 637 2463 alicujus
661 2397 776 2438 cartauc
800 2372 993 2458 spiritualis,
1017 2373 1098 2436 sieut
1122 2373 1256 2437 liabetur
1279 2375 1389 2438 Eresos

332 2473 370 2536 de
386 2472 524 2562 jssdiciis
546 2496 617 2558 cap.
643 2471 784 2555 Nouit.³)
830 2469 952 2543 Quodsi
969 2469 1159 2556 temporalia
1172 2471 1256 2548 >tans
1271 2465 1402 2559 spirited

331 2569 380 2632 vel
404 2581 614 2634 annectuntur
644 2567 878 2656 spiritualibus,
909 2568 956 2632 uel
989 2592 1004 2632 e
1036 2571 1197 2632 contrario
1230 2569 1387 2657 temporal'

334 2667 523 2752 spiritualia
556 2670 621 2732 siat
653 2689 795 2744 aeaeae,
832 2677 905 2730 utut
937 2667 1124 2752 spirituales
1154 2691 1264 2748 eam,
1293 2689 1348 2754 per
1373 2689 1387 2750 q

335 2765 476 2827 Ecclesia
494 2765 750 2854 jurisdictionem
774 2764 977 2850 temporalem
999 2765 1117 2827 dicitur
1143 2767 1327 2844 uxoremst)
1390 2775 1405 2930 p

424 2863 476 2928 56.
514 2863 579 2929 Sed
598 2863 669 2948 jam
694 2863 882 2926 accuratius
915 2863 1026 2946 capita
1049 2864 1230 2946 praecipua
1262 2857 1389 2928 illiusC

335 2961 514 3026 stitutionis
543 2981 777 3046 proponamus.
840 2959 875 3022 1⁰
908 2959 1077 3022 Definitur
1108 2962 1142 3024 in
1173 2959 1304 3041 eadem,
1333 2957 1405 3050 uslei

335 3059 479 3122 Romano
503 3057 663 3140 Porttifioi,
695 3058 780 3120 omui
802 3057 956 3120 humanae
987 3067 1151 3120 creaturae
1175 3080 1241 3122 esse
1266 3059 1305 3122 de
1327 3067 1405 3168 siccet

336 3165 400 3220 tate
424 3154 547 3220 saluas.
593 3157 714 3220 Verbis
738 3156 823 3220 omui
845 3157 999 3220 huminous
1024 3167 1188 3220 creaturae
1212 3159 1379 3242 speciatim
1399 3171 1405 3226 t

335 3253 489 3317 dicautur
512 3255 613 3316 etiam
637 3256 660 3317 ii
684 3255 741 3338 qui
761 3263 921 3337 potestate
945 3252 1036 3316 civili
1061 3251 1203 3338 praediti
1228 3265 1317 3332 suut,
1342 3253 1382 3316 uti

335 3351 446 3414 verbis
471 3352 550 3436 ipsis
574 3351 757 3435 desumptis
789 3373 831 3414 ex
855 3351 880 3415 Ι.
905 3351 992 3417 Petr.
1018 3353 1049 3415 2.
1076 3350 1151 3436 13⁶)
1176 3363 1276 3416 etex
1301 3369 1387 3416 conte

334 3460 434 3534 patet.
459 3487 503 3496 -
527 3451 620 3513 Haec
644 3447 792 3512 delinitio
824 3450 859 3512 in
890 3469 948 3512 suo
972 3471 1069 3512 sensu
1099 3449 1247 3533 generali
1282 3449 1324 3514 ah
1353 3467 1399 3512 om

334 3547 397 3610 bus
422 3545 603 3610 Catholicis
626 3546 772 3631 profecto
807 3545 999 3631 recipienda
1022 3547 1094 3612 fuit.
1149 3545 1216 3612 Sed
1241 3549 1277 3611 in
1303 3549 1398 3628 interp

409 3751 428 3820 ¹)
449 3751 490 3804 Uu
510 3763 632 3817 ouvrage
651 3747 739 3802 incdit
757 3749 790 3802 de
809 3749 893 3803 Gilles
913 3748 945 3802 de
963 3749 1057 3814 Rome,
1077 3749 1154 3804 Paris
1175 3750 1253 3806 lais.

407 3829 426 3880 9ι
447 3829 578 3897 Aegidius
602 3844 655 3882 ron
674 3829 756 3896 Rom;
783 3829 811 3882 iu
836 3828 976 3884 Periodico
1002 3827 1405 3916 Oesterr.l'isrteljahrssehri1i

334 3910 481 3978 Theologie
503 3912 579 3964 1862.
599 3910 625 3964 S.
648 3913 669 3963 1.
1404 3939 1405 3996 l

408 3989 431 4057 ³)
451 3990 605 4056 Qrsaestion.
625 3988 725 4056 disput.
745 4005 768 4048 a,
789 3991 814 4043 4.
1404 4019 1405 4084 p

407 4071 431 4138 ⁴)
450 4071 489 4123 De
510 4069 610 4124 Eecles.
631 4077 767 4136 potestate
787 4071 814 4124 Ρ.
836 4069 927 4124 111.c.
948 4075 973 4126 in.
1404 4103 1405 4152 p

408 4151 431 4204 bl
453 4149 589 4216 ,Srrlrjecti
609 4149 697 4217 igitur
715 4157 803 4204 estote
823 4151 894 4204 omni
914 4151 1047 4206 humente
1072 4161 1212 4208 creat-urse
1230 4163 1342 4222 propter
1360 4155 1405 4228 lut

335 4228 393 4282 sire
413 4231 480 4296 regi.
500 4231 576 4295 qnasi
596 4229 779 4298 praecellenti.
800 4230 858 4284 sire
877 4231 996 4294 ducibus
1017 4240 1147 4300 tanquam
1167 4235 1200 4286 ab
1219 4251 1251 4288 so
1272 4236 1380 4290 missis:
1404 4261 1405 4278 ι
