2814 4840
302 457 338 512 10
575 457 663 513 XXX.
681 457 722 512 De
740 457 906 528 Pontificetu
924 457 1059 514 Bonifatii
1077 457 1156 513 VIII.

396 605 444 668 ll.
483 601 528 666 Ut
551 621 628 664 vero
660 600 781 665 clarius
808 601 872 666 hoe
904 603 1132 688 perspiciatur,
1159 601 1296 688 juvabit
1323 601 1400 688 paulo

303 702 492 765 accuratius
516 721 558 764 ex
581 698 740 765 relatione
764 702 961 786 scriptorum
997 698 1127 764 illorum
1152 709 1333 786 temporum
1354 699 1400 762 col·

302 797 414 884 ligere,
439 818 539 884 quem
562 798 716 885 festucam
738 797 926 863 Bonifatius
957 799 992 862 iu
1017 799 1078 862 ista
1107 799 1243 884 negotia
1271 819 1400 862 exercere

303 899 525 981 potuerit.-
548 895 711 981 Tempore
726 895 814 981 quod
830 898 1009 982 praecessit
1023 895 1221 960 electionem
1237 893 1400 968 Caelestini

132 989 192 1092 „¹¹³⁰
194 991 243 1106 ¹:3¹
233 993 293 1092 “ln
303 994 490 1059 Bonifatius
514 1003 651 1078 apparet
680 994 791 1078 potius
814 1015 834 1056 a
857 993 993 1079 reliquis
1018 991 1255 1058 Cardinalibus
1277 1015 1400 1078 segrege

152 1121 227 1156 anm
242 1117 276 1154 sn.
303 1103 366 1174 tue,
390 1093 437 1155 ita
461 1091 553 1155 utin
579 1090 749 1156 electionis
777 1093 946 1176 negotium
979 1113 1137 1176 magnum
1169 1093 1332 1156 inflexum
1355 1113 1400 1154 non

174 1177 256 1218 ‘³¹¹⁸'
304 1199 503 1254 exerceret.
522 1187 808 1254 Commemoratur
824 1188 1164 1275 videlicetplnries‚'
1155 1212 1265 1276 ipsum
1284 1188 1400 1254 Viterbii

303 1287 357 1352 vel
381 1288 527 1374 Anagnii
552 1287 657 1352 solum
680 1288 792 1354 fuisse.
841 1288 969 1354 Perusii
985 1289 1105 1354 restitit
1120 1287 1239 1354 Carolo
1262 1291 1341 1373 regi,
1362 1287 1400 1372 qui

301 1386 446 1451 libertati
481 1383 710 1450 Cardinalium
743 1389 862 1452 minari
897 1387 1121 1469 videbatur,¹)
1153 1387 1243 1452 unde
1274 1388 1345 1473 ejus
1371 1389 1400 1448 in

303 1484 529 1568 dignationem
546 1485 696 1548 incurrit.
730 1484 895 1550 Electioni
909 1485 999 1550 Petri
1016 1485 1058 1550 de
1073 1485 1240 1567 Murrone,
1265 1485 1307 1550 de
1331 1485 1400 1566 enjus

303 1583 489 1648 visionibus
513 1581 678 1646 subridere
701 1584 897 1669 quaesierat,
922 1605 997 1648 eum
1014 1583 1195 1650 admodum
1212 1583 1335 1648 favisse
1356 1605 1400 1646 nor

304 1703 492 1762 censemus3
523 1682 646 1744 etenim
676 1683 852 1767 perspicax
877 1683 1002 1766 ingenii
1037 1683 1088 1746 vir
1111 1681 1203 1748 haud
1226 1684 1336 1769 potuit
1356 1701 1400 1744 non

302 1783 429 1861 timere,
454 1799 495 1842 ne
519 1799 641 1862 magna
662 1799 772 1843 rerum
797 1777 941 1843 turbatio
975 1779 1053 1845 iude
1076 1783 1277 1866 proveniret
1326 1781 1400 1844 Hauc

303 1877 458 1962 dubium,
492 1899 568 1942 eum
601 1899 699 1961 aegre
730 1877 858 1962 tulisse,
892 1877 981 1964 quod
1013 1877 1220 1944 Caelestinus
1251 1879 1400 1943 Perusiuu

302 1979 417 2042 venire
450 1929 569 2059 bellet,
606 1973 868 2063 Cardinalesque
904 1975 1061 2062 Aquilam
1098 1989 1250 2059 vocaret3
1289 1976 1400 2041 ultima

302 2077 451 2140 omnium
475 2075 622 2155 accessit,
647 2075 767 2159 partim
792 2076 868 2160 quio
890 2096 992 2159 repam
1007 2073 1213 2160 offenderot'
1199 2099 1236 2139 aa
1250 2067 1400 2143 Paeana

302 2175 422 2260 partim
452 2174 536 2238 forte
559 2193 602 2236 ex
625 2173 728 2236 animi
753 2193 910 2254 moerore,
944 2193 1046 2258 quum
1071 2193 1123 2237 res
1145 2175 1218 2259 jam
1243 2173 1333 2238 male
1354 2193 1400 2258 pro

302 2272 420 2337 cedere
444 2271 727 2382 conspiceret-
683 2269 791 2334 ——lu
815 2271 908 2334 curia
936 2279 1046 2334 autem
1073 2269 1251 2336 Caelestini
1275 2285 1400 2360 permsq

302 2391 382 2435 num
406 2391 482 2434 eum
506 2368 723 2453 acquisivisse
747 2367 912 2432 inflexum
936 2368 1065 2433 indicat
1083 2368 1274 2434 Ptolomeus
1300 2371 1399 2436 Lucan

302 2470 346 2532 sis
370 2467 534 2532 scribens:
565 2465 657 2530 Venit
681 2476 785 2530 tamea
808 2463 928 2545 oltirao,
952 2478 983 2530 et
1005 2469 1052 2531 sic
1074 2469 1167 2532 sciuit
1190 2489 1251 2533 etto
1272 2469 1399 2534 dedico

300 2567 437 2651 negotia,
461 2565 545 2651 quod
559 2563 674 2649 factata
696 2574 743 2627 est
765 2565 857 2650 quasi
880 2563 1027 2630 dominus
1049 2564 1200 2650 euriae.³)
1247 2565 1303 2630 Ex
1326 2565 1399 2630 alter

301 2673 396 2748 parte
419 2673 529 2726 tamen
554 2662 642 2726 facta
665 2681 750 2747 quae
773 2660 947 2726 retulimus
968 2661 1157 2744 ostendunt,
1182 2663 1282 2750 plura
1305 2688 1326 2728 a
1348 2661 1399 2726 Cot

302 2759 419 2824 lestino
444 2759 534 2824 baud
557 2757 737 2844 prudenter
760 2769 793 2822 et
815 2758 956 2844 provide
979 2759 1068 2825 facta
1090 2759 1203 2843 fuisse,
1226 2782 1317 2848 quae
1340 2773 1399 2824 cert

302 2857 490 2923 Bonifatius
510 2855 710 2922 inhibuisset
732 2857 759 2920 si
783 2859 960 2941 potuisset3
985 2860 1019 2922 in
1036 2855 1263 2924 Caelestinum
1288 2857 1399 2946 proind

302 2956 412 3041 potius
427 2975 537 3039 regem
562 2966 595 3020 et
614 2955 696 3020 alios
713 2956 884 3041 quosdam,
909 2956 1083 3042 praelatos,
1107 2956 1220 3039 laicos,
1247 2957 1399 3024 monacho

304 3051 565 3117 Caelestinenses
578 3073 736 3138 magnum
753 3055 942 3119 exercuisse
955 3055 1130 3139 inflexum,
1144 3069 1267 3122 etcum
1278 3057 1322 3122 ad
1336 3057 1399 3118 Vari

303 3149 534 3216 constituenda
551 3154 703 3216 movisse.
744 3153 921 3238 Propterea
936 3163 1047 3218 umen
1064 3175 1130 3219 non
1146 3157 1302 3220 mentiri
1328 3153 1399 3218 velit

303 3250 343 3314 iis
367 3250 423 3336 qui
448 3251 649 3332 existImant‚
673 3249 831 3316 Bonifatii
856 3251 1022 3316 influxum
1054 3253 1088 3316 iu
1121 3255 1215 3318 curia
1247 3253 1399 3318 Caelestii

302 3347 371 3412 fere
395 3346 522 3412 nullum
547 3347 658 3413 fuisse.
710 3347 827 3434 Colligi
857 3351 947 3414 enim
977 3349 1113 3421 videtur
1141 3352 1319 3432 exsectis,
1351 3349 1398 3414 Coi

302 3444 470 3526 lestinum,
497 3449 652 3532 quamvis
677 3447 816 3512 multum
841 3446 952 3512 adbuc
975 3449 1063 3532 regis
1086 3447 1292 3536 alteriusque
1316 3450 1398 3514 facti<

303 3545 355 3608 nis
378 3541 552 3608 desideriis
576 3544 717 3626 cederet,
749 3555 861 3610 tamen
884 3543 1090 3610 Bonifatium
1114 3545 1157 3611 ob
1181 3548 1334 3632 agnitam
1357 3545 1398 3630 ajo

303 3641 460 3704 virtutem
491 3661 669 3727 rerumque
697 3643 850 3727 peritiam
881 3644 993 3727 magni
1025 3641 1192 3724 habuisse,
1227 3647 1298 3710 imo
1329 3645 1398 3710 etiar

302 3759 424 3824 regem,
449 3741 631 3824 generatim
655 3738 807 3824 religioni
824 3749 858 3804 et
877 3739 1047 3804 Ecclesiae
1071 3740 1255 3823 addictum,
1281 3741 1398 3826 aliosqo

378 4003 399 4074 ι)
419 4005 546 4060 Fortasse
560 4005 618 4074 J'am
631 4011 697 4059 tunc
708 4005 919 4060 coarctationem
937 4005 1078 4073 quamdam
1092 4005 1280 4063 cardinalium
1299 4007 1350 4063 siti
1368 4007 1398 4060 rii

302 4083 393 4139 dicare
412 4084 546 4140 studebat.

375 4163 399 4235 ιἔ)
417 4164 489 4220 Ptol.
508 4165 573 4221 Luc.
591 4165 609 4222 l.
628 4181 649 4219 e.
669 4165 700 4220 L.
720 4167 762 4220 24.
782 4181 804 4220 a
824 4165 867 4221 30.

376 4243 399 4316 ³)
419 4244 488 4301 Ptol.
508 4245 572 4299 Luc
592 4245 660 4301 ibid.
