2840 4840
299 455 334 510 32
574 453 659 508 XXII.
679 454 719 507 De
737 452 902 508 Pontificatn
922 453 1054 508 Bonifatii
1074 453 1151 508 vm.

298 596 438 660 licarum
470 596 662 677 affixerunt,
695 596 761 660 imo
790 608 822 661 et
844 599 879 660 in
902 595 999 661 altari
1023 619 1049 662 s.
1072 596 1162 660 Petri
1186 597 1417 682 deposuerunt,

128 693 397 778 Luctac⁰¹1¹“atqne
421 692 464 758 ad
488 693 748 758 Universitatem
773 694 996 760 Parisiensem
1020 695 1284 760 transmiserunt.
1319 694 1417 766 Boni·¹

139 755 281 797 Pfflffioem'
298 789 399 854 satius
424 790 540 855 eodem
565 792 629 873 die,
662 795 854 878 (antequam
885 803 996 856 tamen
1029 791 1161 856 libellus
1191 794 1252 856 iste
1282 791 1323 856 ad
1345 793 1417 876 ejus}

299 890 450 952 notitiam
474 891 705 974 pervenisset)
730 888 836 953 edidit
858 888 990 954 Bullum
1015 890 1054 952 Ia
1070 891 1192 955 eaeelso
1209 892 1328 968 tltroao,
1350 911 1417 974 qua}

300 984 572 1051 Columneneium
602 987 752 1052 facinora
776 988 892 1070 aperit,
927 984 1121 1050 Cardinales
1153 987 1226 1052 illos
1259 983 1417 1072 dignitatal

298 1087 409 1171 privat
431 1084 571 1172 aliisque
594 1085 699 1150 afficit
715 1088 842 1171 poenis.
882 1085 969 1149 Dein
987 1107 1065 1148 vero
1081 1085 1135 1149 die
1151 1086 1212 1150 23⁰
1227 1085 1309 1172 Maji
1333 1105 1411 1148 nora

298 1183 387 1248 edita
404 1182 646 1248 Constitutione
671 1183 772 1268 Lapis
796 1181 937 1248 massas
960 1204 1085 1268 poenas
1104 1183 1175 1266 jam
1199 1182 1284 1248 latas
1308 1197 1412 1247 nonna

297 1280 431 1346 Petrum
457 1291 489 1346 et
512 1279 676 1346 lecchum
694 1278 816 1346 Cardd.
834 1281 1054 1360 confirmavit,
1080 1279 1162 1362 illos,
1187 1303 1319 1346 necnon
1336 1281 1417 1374 Aga-l

298 1381 414 1464 pitum‚
440 1379 646 1465 Stephanum
670 1389 703 1444 et
725 1379 891 1446 Sciarram
917 1378 958 1442 de
981 1376 1154 1458 Columna,
1178 1401 1241 1444 eeu
1265 1380 1413 1444 schisma-

298 1478 380 1540 ticos
395 1476 577 1559 damnavit,
593 1498 706 1540 eorum
725 1477 812 1542 bona
828 1476 907 1541 fiseo
924 1476 1066 1556 addixit,
1082 1485 1115 1540 et
1130 1479 1296 1559 civitates,
1313 1492 1413 1542 castra

297 1587 330 1638 et
352 1573 424 1640 loca
448 1577 481 1638 in
506 1575 627 1660 quibus
651 1574 784 1660 publice
809 1586 945 1658 agerent
969 1575 1143 1640 interdixit
1166 1579 1314 1658 sacris.¹)

387 1674 439 1738 33.
472 1672 710 1736 Columnenses
739 1695 773 1737 se
798 1685 995 1757 receperunt
1026 1675 1060 1736 in
1093 1695 1203 1736 arcem
1237 1674 1415 1738 Praenesti-

297 1792 385 1850 nam,
417 1772 528 1855 copias
556 1769 767 1854 collegerunt,
804 1773 974 1856 suppetias
997 1794 1017 1834 a
1043 1770 1197 1856 Philippo
1223 1771 1357 1836 Galliae
1389 1797 1404 1832 c

297 1866 466 1932 Friderico
482 1869 615 1934 Siciliae
633 1869 767 1953 regibus
782 1871 958 1953 petierunt,
974 1879 1007 1932 et
1022 1868 1066 1932 ad
1079 1891 1194 1934 omnes
1210 1892 1317 1954 reges,
1335 1873 1406 1954 prin

297 1965 388 2050 cipes
412 1976 444 2029 et
469 1965 692 2052 metropolitas
716 1967 881 2031 dederunt
904 1989 1030 2031 novam
1053 1965 1203 2032 libellum
1227 1969 1412 2052 (intendite,

297 2061 394 2126 ruodo
424 2063 643 2148 deperditum,
675 2087 739 2152 quo
774 2066 977 2130 Bonifatium
1012 2075 1049 2130 ut
1071 2065 1287 2150 haereticum,
1320 2067 1393 2131 solii

297 2163 464 2242 maticnm,
490 2163 660 2228 Ecclesiae
684 2164 927 2228 devastatorem
953 2163 1191 2249 depingebant,
1217 2177 1249 2228 ct
1274 2163 1404 2230 Concil'

295 2259 459 2342 generalis
483 2265 755 2326 convocationem
780 2262 948 2347 petebant.
1001 2262 1197 2342 Bonifatius,
1228 2284 1335 2348 quum
1363 2263 1390 2326 R

298 2377 370 2420 mae
393 2379 427 2421 se
451 2370 558 2422 tutum
582 2382 648 2424 non
673 2360 811 2440 videret,
837 2362 870 2424 in
896 2358 1067 2424 castellum
1094 2359 1352 2424 Urbevetanum
1379 2383 1410 2422 se

296 2457 403 2537 cessit,
419 2454 608 2543 bellumque
625 2481 756 2522 sacrum
778 2469 892 2522 contra
908 2456 1146 2522 Columnenses
1161 2457 1296 2539 indixit,
1321 2471 1406 2544 atqu

297 2575 338 2616 ex
363 2554 465 2618 variis
488 2555 604 2620 Italiae
629 2557 821 2622 civitatibus
846 2557 959 2640 copias
983 2555 1102 2620 habuit
1124 2555 1315 2620 auxiliares.
1346 2557 1402 2620 blo

297 2649 568 2717 Columnensium
585 2675 678 2718 arces
694 2655 736 2718 ad
752 2653 954 2718 deditionem
978 2653 1117 2718 adactae
1133 2665 1219 2736 sunt,
1243 2663 1277 2717 et
1301 2656 1410 2718 civita

296 2747 670 2816 Praenesteobsessione
681 2755 857 2816 cinctaest.
878 2751 992 2816 Mense
1003 2750 1191 2836 Septembri
1200 2751 1334 2817 artus
1349 2751 1413 2818 Car

296 2845 424 2912 dinales
438 2847 674 2914 Columnenses
686 2853 786 2914 etiam
799 2849 888 2914 bane
903 2871 1015 2914 arcem
1027 2848 1182 2914 Pontifici
1197 2848 1401 2914 tradiderun

297 2946 426 3030 ipsique
451 2948 521 3032 ejus
538 2947 747 3014 clementiam
764 2952 1017 3013 invocaverunt.
1052 2947 1240 3012 Bonifatius
1264 2969 1324 3012 eos
1353 2971 1413 3012 cen

297 3045 381 3106 suris
405 3044 510 3127 solvit,
536 3058 695 3132 exparte
719 3046 963 3131 indulgentiam
987 3048 1035 3110 eis
1059 3047 1232 3126 concessit,
1258 3047 1407 3131 pristina

297 3155 407 3206 tamen
426 3143 579 3226 dignitati
603 3146 691 3230 ipsos
715 3144 805 3208 haud
830 3147 982 3208 restituit.
1030 3144 1210 3208 Civitatem
1234 3143 1415 3210 Praenesti

298 3263 374 3306 narn
398 3253 509 3305 atatem
534 3265 646 3306 severe
663 3242 867 3327 puniendam
891 3265 961 3307 esse
977 3243 1116 3306 censuit.
1157 3242 1240 3306 Eam
1260 3243 1413 3308 videlice

296 3363 325 3404 a.
345 3340 429 3403 1299
454 3363 471 3403 e
494 3341 720 3404 fundamentis
737 3340 909 3420 destruxit,
929 3361 1116 3424 novamque
1134 3341 1306 3404 civitatem
1322 3343 1393 3426 jux

297 3459 370 3501 eam
396 3437 493 3502 condi
518 3441 656 3518 curavit,
689 3460 774 3524 quae
799 3437 933 3523 Papalis
956 3437 1180 3523 appellaretur
1202 3445 1235 3500 et
1259 3439 1295 3503 in
1323 3463 1393 3526 qua

296 3538 508 3621 episcopatus
541 3547 573 3599 et
596 3539 686 3600 cives
711 3536 974 3601 transferrentur.
1028 3535 1118 3600 Delu
1143 3555 1220 3598 vero
1249 3533 1351 3602 bisce
1377 3539 1390 3602 l

298 3636 398 3718 nigne
417 3635 495 3720 jura
518 3657 577 3698 sua
602 3644 634 3696 et
657 3633 824 3698 libertates
841 3635 988 3698 maxima
1011 3643 1104 3718 parte
1127 3633 1282 3698 restituit.
1299 3671 1349 3682 -—
1367 3636 1415 3700 Co

297 3731 486 3796 lumnenses
502 3731 597 3797 brevi
609 3744 683 3817 post
694 3731 948 3798 submissionem
965 3753 1059 3796 suam
1072 3733 1192 3795 iterum
1204 3729 1403 3798 rebellarun

372 4001 393 4064 ¹)
414 3999 461 4054 Cfr
487 3999 620 4067 Raynald.
640 3999 709 4052 ade
740 3998 806 4052 1297
834 4002 863 4052 et
882 3998 1063 4067 appenditur
1088 3995 1121 4050 ad
1141 4003 1162 4050 t.
1181 3995 1240 4050 XV.
1262 4027 1297 4036 -
1320 3997 1403 4054 Hefei

297 4081 329 4134 B.
349 4079 396 4135 VI.
415 4079 431 4149 ξ
450 4081 510 4134 686.
538 4111 568 4118 -
594 4079 679 4144 Tosti,
705 4077 737 4131 V.
758 4077 779 4131 1.
799 4094 842 4146 pp.
865 4077 1014 4132 lus-210.
1053 4079 1103 4144 Ap.
1129 4075 1264 4142 Rasnald.
1291 4091 1323 4132 et
1349 4077 1417 4136 Testl

297 4159 377 4213 Bulla
400 4161 430 4213 Ia
451 4161 556 4213 excelso
578 4161 674 4212 tluoao
694 4158 791 4225 incipit
811 4159 1032 4212 Ριτιεὶρνίίυνιιηι
1052 4163 1223 4225 ratisponen,-
1245 4157 1295 4211 sed
1314 4159 1345 4212 id
1365 4159 1417 4214 iou

297 4240 431 4308 provenit,
451 4239 520 4306 quod
539 4239 649 4292 initium
670 4238 743 4293 illius
762 4239 915 4293 documenti
935 4237 1034 4292 ibidem
1052 4237 1136 4292 deest.
1416 4229 1417 4244 ¹
