2836 4848
238 490 276 545 De
294 490 323 544 vi
342 491 465 544 coactiva
482 489 620 546 Ecclesiae
638 490 667 546 in
685 487 843 544 haereticos.
1058 487 1111 542 361

28 642 73 694 crat
96 633 280 718 periculum,
312 635 490 720 quominus
513 633 879 698 Neo-Manichaeismus
903 631 958 696 ille
982 653 1016 695 se
1039 652 1112 716 pro·

27 739 138 812 pagaret,
168 741 205 795 ut
228 732 298 818 jam
329 732 370 796 de
393 733 466 818 ipsa
490 733 666 796 existentia
696 731 867 816 religionis
891 739 925 794 et
946 729 1113 794 societatis

25 827 188 894 christianae
212 830 404 896 luctandum
427 852 498 894 esse
525 829 703 896 videretur.
752 831 842 894 Hinc
873 849 1008 892 severae
1035 823 1112 891 illae

23 945 127 1008 poenae,
144 927 217 1012 jam
232 927 470 992 cousuetudine
484 928 606 1013 partim
621 938 784 1011 receptae,
808 925 938 1011 legibus
948 925 1110 1003 firmatae,

22 1027 176 1088 accuratius
216 1025 461 1108 determinatae,
500 1035 534 1090 et
564 1025 608 1090 ad
631 1047 745 1089 omnes
776 1024 928 1089 haereses
956 1033 1113 1088 extensae

20 1133 83 1182 sont.
124 1122 316 1188 Generatim
347 1133 457 1188 autem
485 1124 542 1210 jus
573 1122 746 1189 criminale
768 1125 927 1208 temporis
954 1122 1113 1186 transacti

20 1217 96 1282 nulto
117 1223 263 1284 severius
286 1231 365 1302 erat,
390 1244 491 1307 quam
515 1233 646 1286 nostrae
669 1223 787 1286 aetatis
810 1231 942 1289 statuta.
990 1220 1113 1286 Adhuc

19 1317 121 1400 injure
143 1319 308 1384 criminali
325 1318 434 1385 Caroli
451 1320 483 1384 V
506 1321 615 1386 ultimi
640 1320 795 1406 supplicii
818 1342 928 1406 poena
948 1318 1113 1385 statueba-

18 1429 56 1476 tur
74 1415 103 1478 in
126 1415 367 1502 blasphemiam
390 1419 454 1483 Dei
479 1429 512 1484 et
534 1419 572 1486 B.
599 1420 725 1484 Mariae
741 1419 793 1500 V.‚
818 1421 854 1483 in
878 1417 1056 1502 sodomiae,
1081 1427 1116 1482 et

19 1515 120 1594 magiam
150 1517 300 1598 crimina,
340 1516 375 1580 in
404 1516 671 1582 falsificationem
703 1519 877 1603 pecuniae,
912 1539 952 1581 ac
979 1515 1115 1580 fraudes

18 1611 130 1694 majores
143 1614 254 1698 quoad
267 1613 414 1699 pondera
437 1626 470 1679 et
493 1637 673 1696 mensuras,
698 1617 733 1680 in
750 1616 874 1680 furtum
899 1637 975 1680 cum
992 1613 1115 1678 violen-

17 1709 49 1768 tia
66 1709 182 1774 iactum
209 1710 261 1776 vcl
284 1715 478 1798 repetitum3
512 1722 554 1796 et,
583 1716 632 1778 uti
656 1714 813 1794 diximus,
840 1714 912 1800 jam
940 1713 975 1777 in
1000 1711 1115 1776 codice

16 1803 172 1873 lastiniani
187 1809 461 1876 Manichaeorum
484 1811 631 1876 haeresis
654 1822 758 1877 morte
774 1811 990 1897 plectebatur.
1012 1809 1115 1874 'Unde

16 1902 176 1970 nullatenus
190 1908 378 1973 mirandum
394 1919 452 1988 est,
477 1910 566 1996 quod
582 1909 690 1974 ultimi
707 1910 862 1996 supplicii
879 1931 987 1995 poena
1004 1908 1113 1973 medio

14 2019 76 2064 aevo
98 2005 279 2070 universim
304 2018 418 2072 contra
441 2007 625 2073 haereticos
649 2008 800 2073 adhibita
823 2010 874 2075 sit.

89 2102 139 2164 56.
198 2103 296 2184 Quod
333 2107 478 2190 pertinet
527 2107 569 2170 ad
613 2107 857 2172 ordinationem
893 2095 1115 2192 inquisitionis
1138 2107 1271 2158 ¹¹²‘¹¹¹¹⁸¹²¹⁰·
1350 2109 1358 2124 “

14 2191 249 2284 haereticorum,
301 2225 378 2268 cum
424 2205 598 2290 principiis
636 2206 796 2290 expositis
841 2205 904 2268 ista
951 2205 1114 2268 institutio

9 2298 140 2378 apprime
165 2298 330 2368 cohaeret.
377 2303 490 2368 Potest
505 2326 584 2368 sane
600 2301 751 2368 Ecclesia
774 2304 808 2366 in
833 2303 1115 2388 praevaricatores

14 2403 37 2453 rt
60 2406 263 2482 corruptores
297 2399 375 2464 fidei
401 2401 478 2487 jure
507 2403 689 2488 inquirere,
722 2423 778 2465 eos
810 2400 929 2465 mediis
960 2401 1116 2483 congruis

14 2493 154 2576 corrigere
186 2506 220 2560 et
252 2507 464 2562 contumaces
492 2502 621 2584 punire.
675 2498 788 2579 Quum
818 2519 897 2562 vero
929 2497 1115 2583 depositum

15 2587 72 2653 idei
101 2592 287 2658 catholicae
317 2596 481 2680 imprimis
515 2597 656 2662 Romani
687 2597 858 2661 Pontificis
890 2597 924 2659 in
959 2597 1117 2659 universa

16 2683 152 2770 Ecclesia,
185 2701 220 2754 et
243 2694 474 2778 episcoporum
502 2696 536 2758 in
561 2696 629 2760 suis
660 2693 868 2759 dioecesibus
901 2692 1116 2760 sollicitudini

15 2783 45 2847 sit
63 2787 309 2871 demandatum,
334 2792 424 2877 iique
445 2793 575 2875 judices
599 2793 677 2857 fidei
702 2792 833 2878 abipso
850 2790 1021 2855 Ecclesiae
1044 2790 1117 2855 fun-

15 2880 105 2949 datore
128 2889 197 2950 sint
211 2889 393 2971 constituti,
418 2889 549 2955 illorum
566 2891 713 2955 officium
739 2900 788 2954 est
808 2891 975 2975 inquirere
998 2889 1033 2953 in
1050 2909 1116 2971 eos,

14 2983 55 3064 qui
74 2983 254 3064 Ecclesiae,
280 2987 375 3072 cujus
398 2997 476 3052 sunt
498 2987 657 3070 membra,
687 2988 787 3053 fidem
812 2996 1037 3072 corrumpunt,
1061 3009 1118 3052 eos

9 3077 149 3167 judicare,
175 3086 353 3168 corrigere,
376 3085 420 3150 ab
435 3085 563 3150 haeresi
580 3087 748 3166 reducere,
773 3097 806 3150 et
826 3087 861 3150 in
876 3107 915 3148 ea
930 3087 1118 3170 pertinaces

12 3183 117 3260 punire.
178 3181 374 3248 Obstinatos
414 3187 515 3248 etiam
547 3187 663 3249 merito
692 3184 828 3250 brachio
862 3181 1023 3247 saeculari
1054 3191 1118 3247 tra·

13 3273 79 3342 ditos
100 3303 180 3368 esse,
206 3296 245 3347 ut
255 3283 355 3368 juxta
370 3281 480 3367 legum
503 3286 713 3348 severitatem
729 3283 937 3368 punirentur,
962 3302 1005 3344 ex
1020 3281 1118 3345 dictis

12 3385 91 3456 patet.
115 3417 158 3427 —
182 3381 263 3446 Jam
286 3380 453 3467 prioribus
482 3381 623 3446 saeculis
652 3380 734 3446 illud
759 3383 793 3444 in
817 3400 879 3444 usu
902 3377 1004 3442 inisse
1027 3381 1117 3444 inve·

13 3473 110 3554 uinus,
135 3489 173 3542 ut
196 3477 367 3558 baeretici,
400 3481 595 3565 praesertim
620 3477 819 3554 Manichaei,
845 3477 1120 3562 conquirereutur

13 3584 37 3630 et
55 3572 258 3641 deferrentur
279 3577 524 3642 ecclesiasticae
548 3578 747 3642 auctoritati.
803 3576 854 3641 Ita
878 3599 903 3642 s.
927 3577 996 3642 Leo
1021 3598 1117 3643 serm.

13 3667 35 3728 9.
54 3693 78 3734 c.
100 3675 120 3735 4
143 3677 208 3739 ait:
243 3675 354 3739 Etiam
385 3676 430 3740 ad
458 3677 538 3741 hauc
569 3699 623 3740 vos
655 3677 817 3739 hortamur
846 3674 1052 3754 industriam,
1083 3684 1119 3738 ot

15 3765 198 3836 llouc'clrueos
236 3772 349 3858 ubique
389 3773 523 3839 latentes
561 3775 674 3839 uestris
708 3773 904 3859 presbyteris
936 3771 1117 3858 publicetis.

16 3861 114 3952 Mopso
136 3881 184 3933 cot
207 3870 291 3934 euim
310 3873 429 3956 pictas,
450 3872 587 3958 prodero
604 3870 744 3936 latebras
760 3872 937 3956 impiorum,
963 3881 993 3934 et
1013 3871 1119 3956 ipsum

16 3962 38 4024 ιἰι
58 3970 105 4049 eis,
129 3970 182 4032 cui
204 3971 356 4048 servium,
393 3969 555 4034 diabolum
580 3969 747 4033 debellare.
799 3965 917 4032 Contra
940 3969 1018 4032 istoc
1042 4018 1049 4033 .
1077 4020 1084 4035 .
1110 4018 1117 4033 .

16 4085 111 4128 ‘vocem
144 4067 272 4152 quidem
301 4067 405 4130 orbem
438 4077 593 4132 terrorum
624 4076 654 4130 et
684 4076 781 4129 totum
807 4065 920 4150 ubique
944 4065 1120 4130 Ecclesiam

15 4157 81 4226 lecet
97 4165 174 4248 fidei
198 4189 291 4228 ormo
315 4167 468 4251 arripere.
493 4203 537 4212 —
562 4165 661 4245 Quod
685 4165 825 4230 decursu
853 4167 1012 4250 temporis
1034 4165 1119 4229 Pon·

15 4259 99 4325 tifices
127 4261 218 4328 illam
252 4264 499 4349 inquisitionem
532 4274 608 4348 apte
639 4263 877 4344 ordinaverint,
908 4265 942 4328 in
967 4285 1005 4328 eo
1030 4274 1118 4327 certe
