2902 4848
344 511 417 567 338*
624 509 751 567 XXXIV.
770 511 810 564 De
828 509 949 565 Concilio
966 510 1180 568 Constantiemi.

345 653 597 741 Sigismundum
621 655 744 740 scripta
768 653 986 739 postularunt,
1021 664 1055 716 ut
1087 655 1200 719 statim
1225 655 1396 719 dimittatur
1414 669 1436 716 et

343 754 448 820 libera
478 776 518 818 ac
549 751 685 838 publica
715 751 889 816 audientia
916 753 946 816 ei
982 751 1201 832 coucedatur3
1238 751 1294 816 sed
1317 752 1437 816 addunt·

348 851 440 925 Quod
463 851 492 915 si
507 855 582 940 jare
606 860 636 914 et
660 848 800 936 lepitana
821 849 1009 935 probatione
1025 873 1097 913 reae
1113 851 1303 928 inveniatur,
1318 851 1375 934 flat
1389 875 1436 913 cun

343 951 413 1035 ipso
443 949 527 1034 qaod
556 948 709 1012 conuenit.
758 946 918 1012 Similiter
948 968 1059 1012 mense
1083 947 1173 1032 Majo
1198 951 1436 1032 protestationem

345 1046 386 1110 de
421 1046 683 1111 incarceratione
721 1042 869 1109 Concilio
910 1043 1137 1124 tradiderunt,
1184 1045 1242 1110 sed
1286 1045 1437 1131 adjiciunt:

345 1143 382 1208 Si
414 1146 570 1208 conciam
593 1142 713 1228 fuerit,
742 1143 951 1228 pertinaciter
982 1143 1107 1228 aliquid
1136 1153 1245 1207 contra
1272 1141 1437 1232 Scripturas

343 1264 468 1306 sacram
500 1251 530 1304 et
558 1239 720 1303 veritatem
752 1261 901 1321 asserere,
934 1239 1017 1326 quod
1048 1241 1085 1303 id
1105 1246 1205 1330 jimna
1229 1241 1403 1306 decisionem
1421 1255 1438 1297 rt

343 1341 580 1404 instructionem
607 1335 742 1403 Concita·
765 1337 878 1402 debeat
901 1337 1077 1403 emendare.
1110 1339 1159 1403 Eo
1184 1340 1256 1424 ipso
1281 1341 1365 1426 quod
1385 1361 1429 1402 eun

344 1435 455 1500 debere
473 1436 505 1500 id
519 1434 696 1500 emendare
714 1434 840 1515 dicunt,
865 1435 1056 1515 admittunt,
1082 1439 1201 1522 ipsum,
1219 1437 1247 1500 si
1264 1438 1300 1502 id
1317 1437 1430 1501 noluerit

345 1533 576 1599 obstinationis
607 1554 747 1617 poenam
783 1532 894 1597 subire
930 1533 1062 1598 debere.
1111 1533 1221 1598 Etiam
1256 1547 1366 1620 postea
1386 1550 1431 1596 ant

345 1643 482 1696 mortem
498 1632 610 1696 Hussii
636 1632 672 1694 iu
697 1629 860 1716 colloquio
886 1653 960 1695 cum
987 1635 1057 1717 ipso
1077 1630 1195 1714 ¹habito
1221 1633 1428 1718 haudconque

343 1740 463 1793 rantur
486 1729 527 1792 de
544 1727 631 1792 laeso
656 1728 748 1793 salvo
774 1727 948 1809 conducto,
974 1740 1006 1792 et
1030 1739 1105 1814 post
1127 1731 1330 1816 supplicium
1355 1733 1434 1816 ipsius.

344 1851 447 1914 quum
470 1849 622 1914 proceres
649 1826 785 1892 Bohemi
811 1827 934 1895 Hussio
963 1827 1089 1892 addicti
1114 1831 1296 1892 acerrimas
1320 1829 1360 1892 ad
1382 1826 1428 1890 Cor

344 1925 456 1990 cilium
490 1925 671 2008 dirigerent
705 1924 845 2006 litteras,
883 1926 966 1990 nihil
1003 1925 1044 1989 de
1081 1924 1204 1990 violata
1241 1927 1309 1990 fide
1344 1927 1435 1989 dicunt.

344 2023 558 2108 Sigismuudo
590 2045 656 2087 non
689 2021 947 2107 exprobrabant,
981 2023 1069 2109 quod
1102 2023 1234 2088 salvum
1268 2024 1434 2088 conductun

343 2120 509 2198 violasset,
535 2120 592 2184 sed
617 2120 706 2206 quod
732 2119 898 2184 infensum
923 2143 957 2184 se
982 2121 1105 2187 Hussio
1130 2122 1340 2188 ostendisset.

286 2290 290 2300 ¹
437 2219 490 2283 539.
530 2218 613 2304 ¹Ipse
651 2218 799 2282 Joauues
838 2217 921 2300 Hus,
966 2241 1069 2304 quum
1100 2219 1207 2302 Praga
1241 2219 1435 2285 conserta:

206 2300 315 2330 ‘mum'
344 2317 618 2404 proficisceretur,
644 2315 882 2397 declaraverat,
907 2339 940 2380 se
955 2329 1106 2402 paratum
1131 2339 1201 2380 esse
1228 2341 1367 2403 poenam
1389 2315 1428 2378 bar

344 2417 438 2480 retici
469 2414 580 2478 subire
610 2415 636 2477 si
670 2415 843 2478 convictus
875 2414 983 2495 fuerit,
1018 2437 1057 2478 ac
1086 2414 1220 2480 talionis
1245 2437 1380 2502 poenam
1400 2433 1436 2496 pu*

345 2511 593 2578 accusatoribus
644 2511 887 2598 postulaverat;
943 2535 1054 2578 coram
1102 2512 1342 2578 cardinalibus
1386 2531 1437 2608 tec,

345 2612 485 2692 dixerat,
517 2633 551 2674 so
575 2631 708 2673 omnem
732 2608 896 2674 haeresim
921 2609 996 2674 odio
1022 2609 1154 2687 habere,
1180 2619 1212 2673 et
1238 2614 1267 2676 si
1294 2633 1378 2674 error
1397 2611 1436 2702 tp,

345 2707 546 2786 ostendatur,
578 2729 612 2771 se
645 2707 782 2793 obsequi
811 2706 897 2770 velle
929 2715 961 2770 et
992 2709 1233 2794 poeniteutiam
1267 2731 1370 2792 agere.
1408 2703 1435 2799 fa

345 2809 415 2892 ipso
440 2804 651 2890 agnoscebat,
676 2805 775 2868 etiam
802 2827 836 2868 se
859 2805 970 2890 puniri
1003 2827 1098 2891 posse
1135 2807 1159 2868 si
1195 2809 1352 2890 pertinax
1372 2821 1434 2896 essa,

344 2905 463 2969 Postea
487 2915 597 2967 tamen
623 2903 811 2988 praetendit
835 2905 900 2988 (ep.
924 2902 992 2988 54),
1017 2903 1274 2987 Sigismundum
1301 2907 1329 2968 ei
1351 2921 1433 2993 prou,

345 3005 434 3084 sisse,
468 3013 502 3065 at
533 2998 639 3064 soloas
663 2999 707 3064 ad
729 3001 912 3064 Bobemiarn
934 3001 1064 3067 rediret.
1112 3001 1155 3065 Et
1179 3005 1213 3065 iu
1241 3003 1309 3068 alia
1333 2995 1432 3090 epistile

344 3102 416 3186 (34)
442 3098 623 3180 contendit,
652 3097 904 3184 Sigismuudum
931 3097 1085 3164 debuisse
1109 3099 1241 3164 dicere:
1279 3100 1365 3182 „Ego
1386 3093 1431 3185 rial

345 3201 374 3261 ei
399 3196 529 3262 salvum
554 3197 766 3262 conductum.
800 3195 833 3261 Si
852 3219 929 3281 ergo
955 3200 1025 3284 ipse
1050 3219 1116 3262 non
1140 3196 1214 3260 vult
1240 3200 1311 3283 pati
1335 3197 1430 3283 derisit

346 3318 419 3360 nem
447 3293 598 3372 Concilii,
623 3315 683 3378 ego
708 3316 783 3358 eum
808 3297 974 3360 remittam
999 3297 1068 3380 regi
1093 3294 1278 3360 Bohemiae
1303 3317 1371 3360 oum
1392 3311 1429 3380 aa

345 3395 448 3458 tentia
481 3404 590 3457 vestra
626 3402 658 3456 et
692 3392 968 3474 attestationibus,
1006 3404 1042 3457 ut
1077 3395 1147 3479 ipse
1182 3415 1261 3458 cum
1296 3416 1352 3457 suo
1378 3391 1428 3476 rlat

346 3493 453 3578 ipsum
490 3491 680 3576 dijudicet.“
740 3490 934 3555 Praetendit
970 3493 1087 3566 etiam,
1126 3489 1373 3574 sigismundum

344 3590 469 3653 amicos
484 3610 558 3652 eum
586 3590 759 3652 certiorem
784 3587 970 3652 reddidisse
995 3588 1036 3652 de
1059 3587 1234 3653 audientia
1259 3611 1364 3654 coram
1380 3588 1401 3648 t*

345 3685 421 3750 cilio
456 3684 620 3767 habenda,
654 3695 707 3769 „et
730 3687 756 3750 si
783 3707 922 3750 menon
955 3685 1183 3750 submitterem
1208 3687 1349 3772 judicio.
1376 3705 1398 3768 q*

346 3783 445 3849 vellet
458 3806 510 3848 rue
523 3784 652 3849 salvum
666 3783 808 3866 dirigere
824 3786 897 3848 vice
912 3789 1038 3849 versa*
1064 3783 1182 3848 Petrus
1194 3784 1238 3848 de
1251 3784 1386 3849 blladonr

346 3903 477 3968 quoque
502 3883 620 3961 innuit,
645 3883 844 3968 promissum
868 3883 971 3948 fuisse
995 3881 1128 3962 Hussio‚
1153 3894 1189 3946 at
1206 3938 1212 3948 .
1231 3933 1268 3946 ..
1293 3903 1398 3946 crona

343 3980 449 4043 redire
465 3981 508 4043 ad
523 3981 704 4042 Bobemiam
714 3981 828 4066 possit,
853 3989 952 4067 atque
976 3981 1011 4044 iu
1035 3979 1175 4066 epistola
1199 3980 1358 4046 nobilium
1379 3977 1393 4040 d

346 4081 384 4143 8⁰
401 4078 480 4163 lllaji
506 4101 534 4141 a.
554 4078 648 4157 1415,
665 4075 707 4140 'bi
734 4088 982 4162 conqueruntur
1005 4077 1046 4142 de
1071 4078 1332 4142 incarceratione.
1343 4075 1390 4139 liu

345 4176 571 4253 advertentes,
611 4175 723 4240 omnia
756 4177 906 4239 resarciri
944 4197 1052 4259 posse,
1094 4175 1261 4239 dummodo
1295 4177 1392 4262 Impar

345 4296 453 4336 caram
476 4273 600 4351 babeat,
629 4283 664 4336 ut
687 4273 758 4336 Has
783 4269 878 4336 libere
903 4275 936 4338 ia
960 4273 1141 4338 Bobemiam
1165 4273 1269 4337 redire
1286 4271 1388 4362 possit.
