2916 4842
257 394 308 448 118
417 393 516 447 XXIV.
537 395 576 448 De
594 393 712 450 dissidiis
733 397 862 452 Friderici
881 398 895 452 Ι
914 413 973 452 cum
993 399 1024 452 R.
1046 397 1231 452 Pontificibus.

255 537 406 624 quomodo
431 560 500 602 eam
523 537 673 617 observes,
706 543 761 626 qui
784 541 824 605 ab
848 543 895 606 iris
923 545 978 628 qui
999 543 1064 605 Dei
1092 553 1165 606 sunt
1188 552 1218 604 et
1235 540 1305 622 filii
1330 563 1386 604 ssc-

256 634 332 699 celsi
355 658 469 714 omues,
494 638 650 723 episcopis
674 640 801 719 scilicet,
826 641 996 704 bominium
1021 642 1166 726 requiris,
1187 639 1387 722 fidelitatem

256 736 372 820 eripis,
402 758 514 799 manus
541 758 646 799 eorum
670 750 868 802 consecrata-s
899 738 1054 802 manibus*
1075 739 1138 801 tuis
1172 739 1318 814 innectis,
1356 748 1389 800 et

255 832 422 918 manifeste
438 832 551 918 factus
566 833 656 898 uobis
670 837 858 913 contrarius,
880 833 1106 900 Cardinalibus
1122 858 1142 897 α
1158 833 1256 898 latere
1271 845 1388 898 nostro

256 931 386 994 directis
415 953 479 994 non
512 931 611 994 solum
643 930 799 1011 ecclesias,
834 934 890 997 sed
922 935 1017 996 etiam
1041 934 1185 996 ciuitates
1214 935 1305 1018 rapui
1338 935 1390 996 tui

256 1027 402 1092 claudis?
450 1029 612 1114 Resipisce
642 1032 748 1116 ipitur,
788 1032 948 1117 resipisce,
985 1030 1042 1094 tibi
1070 1031 1269 1106 consulimus,
1305 1033 1390 1116 quia

256 1127 330 1190 dum
363 1151 383 1189 c
406 1125 496 1189 nobis
519 1130 782 1192 consecrationem
811 1141 840 1192 et
863 1152 1010 1193 coronam
1042 1131 1202 1206 merueris,
1237 1129 1309 1192 dum
1339 1129 1389 1190 in.-

257 1247 400 1288 concessa
418 1235 539 1310 captas,
564 1249 602 1289 ae
619 1249 764 1290 concessa
777 1228 908 1316 perdas,
931 1237 1003 1290 tuae
1019 1225 1183 1290 nobilitati
1198 1229 1389 1308 timemus.¹)

256 1322 355 1386 Modo
391 1322 511 1387 acerbo
543 1335 575 1386 et
609 1324 768 1409 injurioso
793 1325 983 1389 Fridericus
1007 1323 1178 1389 Hadriano
1210 1323 1391 1409 respondit

256 1421 404 1505 epistola,
435 1443 520 1506 quae
540 1421 664 1486 dictata
694 1421 827 1486 videtur
859 1446 879 1486 a
902 1421 1075 1504 Rainaldo‚
1110 1424 1165 1509 qui
1199 1425 1390 1505 aegerrime

257 1518 393 1600 ferebat,
425 1519 514 1604 quod
538 1520 692 1584 Pontifex
717 1523 821 1607 ipsius
845 1522 1106 1585 nominationem
1136 1523 1170 1584 in
1194 1519 1388 1607 praesulem

222 1621 224 1626 ’
258 1615 489 1681 Coloniensem
505 1617 702 1682 confirmare
718 1617 827 1683 nollet.
867 1620 959 1682 Inter
973 1618 1038 1682 ulia
1055 1617 1188 1682 scribit:
1214 1618 1389 1703 Nusquam

257 1716 339 1778 enim
367 1725 439 1778 ante
468 1726 609 1802 tempora
637 1713 841 1780 Constantini
865 1715 1015 1780 Silvester
1044 1715 1150 1802 repaie
1181 1716 1306 1800 aliquid
1329 1717 1389 1779 ba·

258 1812 359 1876 buisse
383 1813 588 1898 dipnoscitur,
617 1813 673 1877 sed
695 1819 763 1904 ejus
783 1816 917 1901 pietatis
941 1817 1137 1880 concessione
1155 1837 1229 1900 parc
1252 1813 1389 1877 redditu

257 1920 302 1973 cst
337 1910 492 1992 ecclesiae,
533 1909 663 1976 libertas
691 1915 850 1990 restituta,
884 1923 914 1975 et
937 1911 1090 1997 quidquid
1120 1913 1210 1976 bodie
1238 1913 1391 1996 Papatus

256 2020 356 2072 cester
379 2008 485 2093 repaie
509 2009 620 2072 babere
645 2009 849 2093 dipnoscitur,
875 2010 1044 2094 bospitione
1055 2010 1240 2096 principum
1255 2007 1389 2073 obtinet.

262 2106 350 2171 Unde
373 2131 441 2170 essm
455 2109 599 2170 Romano
615 2108 761 2190 Pontifici
783 2107 958 2184 scribimus,
975 2111 1051 2195 jure
1066 2118 1096 2170 et
1119 2109 1246 2192 acutique
1269 2128 1388 2169 nausea

257 2217 396 2268 nostum
419 2216 519 2268 oestro
538 2207 778 2292 praeponimus.
803 2255 860 2270 ...
887 2207 952 2270 Aret
975 2207 1073 2290 ipitur
1096 2207 1237 2292 episcopi
1259 2201 1390 2287 reqalia

256 2302 347 2367 uobis
376 2303 549 2382 dimittant,
582 2315 637 2367 aut
669 2306 698 2367 si
728 2306 801 2367 baec
829 2305 891 2368 sibi
922 2305 1017 2368 utilia
1039 2303 1267 2392 judicaverint,
1303 2325 1388 2386 ossae

257 2401 322 2464 Dei
343 2401 422 2480 Deo,
455 2411 485 2464 et
507 2424 586 2487 quae
614 2399 761 2468 Caesaris
789 2413 870 2483 sunt,
909 2400 1042 2467 Caesari
1072 2401 1210 2465 reddant
1240 2397 1389 2486 (scilicet

257 2498 469 2578 hominium).
520 2497 748 2566 Cardinatibus
771 2503 878 2586 utique
902 2502 1014 2564 vestris
1037 2498 1165 2564 clausae
1193 2510 1265 2562 sunt
1289 2497 1388 2562 eccle·

257 2598 335 2674 siae,
359 2608 394 2660 ut
416 2619 480 2660 reon
497 2609 635 2684 pateant
658 2601 811 2677 ciuitates,
835 2599 910 2684 quia
934 2621 997 2661 riou
1020 2598 1160 2661 uidemus
1178 2597 1388 2683 praedicato·

257 2718 318 2773 res,
343 2696 398 2758 sed
407 2697 630 2782 praedatores,
653 2721 717 2760 noa
730 2699 823 2782 pacis
839 2697 1123 2773 administratores,
1149 2694 1204 2758 sed
1226 2705 1391 2780 raptores,

257 2816 321 2858 reon
345 2794 431 2858 orbis
454 2795 716 2872 corroboratores,
749 2795 805 2858 sed
823 2795 979 2880 pecuniae
1009 2791 1098 2856 ultra
1122 2793 1244 2856 modum
1268 2793 1391 2855 insati-

259 2891 358 2956 abiles
382 2915 567 2958 corrosores.
594 2943 600 2956 .
627 2943 634 2957 .
660 2942 667 2956 .
695 2894 771 2956 Non
795 2895 875 2956 enim
901 2915 1068 2978 posuimus
1101 2914 1165 2954 uon
1193 2889 1392 2975 respondere

261 2991 391 3066 auditis,
415 3015 483 3054 cum
507 2990 673 3077 surperbiae
697 2990 914 3054 detestabilem
938 2990 1071 3053 bestiam
1094 3013 1188 3075 usque
1212 2987 1257 3050 ad
1279 2987 1391 3050 sedem

261 3089 346 3152 beati
369 3090 457 3153 Petri
471 3095 544 3178 jam
567 3099 708 3176 reptasse
732 3089 904 3152 uideamus.
953 3089 1031 3152 Paci
1054 3085 1282 3150 ecclesiasticae
1308 3083 1391 3149 berse

252 3186 473 3273 providentes,
514 3209 636 3273 semper
672 3185 849 3273 ualeatis.²)
905 3185 1098 3250 Hadrianus
1128 3206 1203 3248 cum
1236 3183 1393 3248 audisset

260 3285 498 3369 Imperatorem
522 3287 584 3348 iter
599 3285 739 3349 Romam
756 3307 871 3348 versus
887 3305 1029 3369 parasse,
1055 3305 1130 3348 cum
1148 3279 1390 3348 Cardinalibus

261 3383 394 3446 secessit
418 3383 607 3467 Anagniam
643 3394 741 3469 atque
773 3405 815 3446 ex
850 3395 926 3447 voto
960 3381 1199 3446 ferventiorem
1224 3377 1389 3444 Cardine-

120 3483 232 3527 aenean
261 3478 342 3543 lium
365 3481 539 3545 consilium
556 3483 631 3545 iniit
645 3480 959 3545 excommunicandi
971 3479 1190 3543 Fridericum.
1215 3478 1279 3544 Sed
1294 3487 1391 3541 ante-

143 3561 209 3590 morl.

261 3599 361 3662 quam
378 3578 459 3643 illud
476 3579 650 3644 consilium
668 3589 895 3666 exequeretur,
912 3579 965 3644 die
981 3577 1228 3663 1⁰Septe'mbrIs
1241 3600 1269 3641 a.
1286 3576 1390 3653 1159,

262 3699 304 3741 ox
326 3677 389 3742 has
414 3680 484 3742 vita
507 3679 665 3760 migravit
687 3678 731 3743 ad
747 3677 868 3742 Deum.
900 3677 1055 3741 Pontifex
1072 3674 1136 3739 fuit
1158 3697 1237 3739 sane
1261 3673 1392 3759 dignis-

261 3776 378 3854 simus,
412 3778 467 3862 qui
500 3775 676 3862 prudentia
709 3775 843 3862 quidem
877 3786 910 3838 et
941 3774 1167 3839 moderatione
1192 3771 1390 3837 conflictum

261 3876 347 3938 inter
369 3874 550 3960 Imperium
582 3883 614 3937 et
637 3871 867 3938 Sacerdotium
892 3873 1020 3937 studuit
1044 3874 1179 3952 evitare,
1213 3880 1247 3935 at
1275 3871 1389 3954 simui,

334 4098 354 4166 ι)
373 4097 406 4153 v.
426 4096 588 4160 macunen,
607 4095 643 4150 11.
663 4095 723 4150 ers.

334 4178 357 4248 r)
376 4178 485 4232 urcem.
