2858 4834
368 467 407 520 De
426 466 515 522 luctae
534 467 745 520 continuatione.
1067 465 1117 518 ist

36 611 55 670 in
71 609 143 672 unni
166 611 385 673 transactione
410 610 555 674 Henrico
581 611 613 674 ll
647 611 852 696 propositum
877 620 955 688 erat,
987 619 1023 671 ut
1046 628 1116 692 spe·

33 709 142 770 «ratenus
165 729 197 770 se
221 706 419 770 benevolum
437 707 632 788 ostenderet,
658 708 715 771 sed
733 706 842 794 quoad
860 704 1115 770 consuetudines

32 805 79 866 ilas
96 807 193 868 avitas
216 805 543 891 dominationemque
568 809 601 870 in
620 829 671 870 res
688 806 928 870 ecclesiasticas
952 826 992 867 ne
1011 801 1113 867 latum

31 925 138 984 ungaem
160 902 293 988 quidem
318 902 460 967 cederet.

90 1001 135 1064 32.
179 1001 232 1064 Ex
256 1000 355 1064 dictis
379 1013 488 1066 antam
513 1002 610 1066 facile
635 1002 838 1086 intelligitur,
863 1022 964 1086 quare
989 1002 1022 1062 in
1047 1001 1113 1085 epi·

28 1097 91 1160 stolis
110 1123 131 1164 s.
147 1099 294 1163 Thomas
318 1111 350 1162 et
373 1101 514 1165 loannis
538 1100 791 1164 Sarisberieusis
814 1100 992 1164 arnariores
1017 1100 1110 1160 inter·

28 1195 82 1256 «iun
102 1209 267 1260 occurrant
282 1197 433 1282 querelae
450 1209 483 1261 et
501 1202 739 1279 accusationes,
765 1220 849 1284 quae
864 1199 896 1260 in
912 1195 1113 1281 quibusdam

22 1294 116 1372 listas,
156 1297 189 1358 in
229 1294 302 1359 aliis
340 1298 520 1359 severiores
557 1299 783 1360 inveniuntur.
840 1295 981 1377 Magnae
1021 1302 1115 1357 erant

27 1423 42 1452 υ.
59 1393 184 1457 'l'lromae
213 1415 414 1479 suorumque
448 1397 482 1458 in
511 1395 610 1458 exilio
636 1393 848 1458 difficultates
873 1404 905 1456 et
929 1394 1112 1476 angustiae,

27 1491 137 1576 rumque
161 1515 228 1556 rem
247 1493 394 1577 protrahi
414 1493 575 1557 videbant
598 1493 774 1577 prudentia
799 1492 944 1578 quadam
970 1490 1114 1575 politica,

27 1587 60 1648 rel
77 1592 164 1654 etiam
187 1593 288 1674 gestis
312 1591 531 1676 quorumdam
557 1590 647 1654 band
661 1590 854 1677 probandis,
884 1590 1114 1653 vehementius

27 1687 48 1744 ir
65 1685 161 1750 litteris
184 1690 252 1752 suis
285 1712 381 1753 sensa
405 1711 465 1752 sua
489 1699 730 1774 expresserunt.
781 1688 827 1752 Eo
854 1691 996 1771 pertinet
1022 1709 1049 1750 c.
1076 1709 1110 1768 g.

26 1785 127 1864 epistola
163 1787 304 1851 Joannis
342 1785 594 1850 Sarisberiensis
633 1787 675 1850 ad
714 1788 880 1852 ioannem
922 1787 1113 1868 episcopum

25 1877 240 1965 Plrtariensem,
276 1906 378 1970 quum
403 1883 594 1948 Alexander
617 1884 668 1947 lll
707 1895 902 1969 potestatem
935 1881 1111 1965 legationis

23 1977 136 2044 lionae
160 1984 368 2046 commissam
399 2004 456 2066 pro
489 1981 599 2068 aliquo
631 1995 777 2066 tempore
808 1981 1049 2066 suspendisset,
1083 1989 1115 2042 et

26 2108 44 2125 s
62 2081 87 2142 in
109 2103 214 2158 regem
240 2081 470 2164 benigniorem
494 2081 691 2158 ostenderet,
717 2102 886 2166 quumque
909 2080 1018 2141 varios
1036 2076 1113 2140 Car·

32 2177 118 2240 tuales
147 2201 226 2242 auro
256 2181 346 2260 regio
379 2191 549 2263 corruptos
583 2179 684 2242 fuisse
715 2181 870 2242 novisset.
929 2179 999 2240 lien
1030 2175 1115 2238 dicit

27 2277 136 2362 ‘piserpo
174 2279 399 2364 ll'iporniensi.
436 2277 551 2340 scribit
581 2278 744 2356 JoanneS,
782 2276 866 2361 qaod
898 2277 964 2361 ipse
996 2284 1025 2336 et
1055 2272 1116 2335 alii

26 2373 132 2458 percpi
154 2399 258 2438 omnes
282 2377 406 2460 emcepti
429 2385 500 2437 sterit
525 2398 545 2438 a
559 2385 714 2460 potestate
734 2374 984 2439 Cantauriensis.
1019 2372 1113 2434 Prae·

26 2473 130 2554 'rpitpne
154 2497 215 2536 non
241 2477 347 2536 timere
374 2474 475 2535 mirans
499 2473 635 2558 aliquas,
666 2474 741 2558 qnia
764 2497 846 2535 nane
870 2472 1030 2534 danninum
1054 2469 1114 2532 Pa-

23 2589 73 2644 J‘ta
101 2583 128 2632 et
157 2595 261 2634 errones
293 2569 484 2635 Cardinales
523 2571 614 2634 babet
653 2573 685 2632 in
716 2570 810 2634 bursa
844 2595 911 2634 seca.
969 2569 1115 2652 Adeoque

24 2663 157 2747 a'mitrtnr,
180 2681 214 2732 at
225 2669 339 2756 palam
356 2669 453 2746 dieat,
478 2692 604 2733 senune
628 2669 749 2731 demam
773 2671 826 2731 aei
848 2670 899 2731 sai
922 2677 1115 2730 consecutam

21 2765 198 2852 surripiam,
231 2769 343 2853 quiin
368 2778 453 2830 terra
477 2791 536 2831 area
561 2778 629 2830 erat
655 2791 722 2845 rea,
758 2769 878 2853 legatas
911 2766 1114 2852 apostolicus,

20 2866 186 2944 ¹tetrice-rba,
211 2868 393 2950 imperator,
420 2875 448 2928 et
472 2867 578 2928 omnia
603 2889 681 2949 qnae
698 2863 829 2929 colebat.
876 2865 919 2927 Et
934 2863 1008 2950 fere
1033 2863 1116 2948 qaod

1156 1014 1253 1054 Joannla

1148 1075 1259 1116 samber.

1155 1140 1254 1186 quonia.

23 2955 52 3012 nl
70 2961 218 3025 eeclesiam
243 2965 423 3026 Romanam
441 2962 610 3050 probabile
635 2965 788 3048 estquod
811 2964 902 3040 die-it,
934 2962 1009 3047 qaid
1033 2963 1114 3024 enim
1152 3028 1155 3040 ,
1222 3004 1226 3012 -

24 3055 42 3110 e'
59 3059 182 3142 amplius
194 3061 378 3124 cosentina
398 3062 590 3124 Oetaeianas
613 3059 662 3123 vel
682 3059 855 3125 Cremensis
877 3061 1116 3123 haeresiarcha?

27 3155 87 3220 ‘trid
114 3157 202 3221 aliud
227 3159 384 3244 fecissent
412 3159 602 3224 Cardinales
632 3183 750 3234 eernere,
782 3182 874 3244 queam
894 3159 1041 3244 praefati
1064 3157 1116 3222 illi

24 3247 123 3330 «taen,
153 3259 205 3341 qni
234 3269 428 3320 esterna-ent
452 3257 579 3340 linquas
603 3257 777 3342 Anploram
801 3268 830 3320 et
852 3259 952 3342 ipnem
976 3267 1006 3319 et
1030 3278 1114 3318 eerne-

25 3368 74 3408 ¹r¹to
98 3355 239 3437 fecerunt
268 3377 418 3430 evomere,
452 3365 487 3418 at
523 3363 674 3417 terrerent
720 3356 880 3417 dominam
911 3355 1031 3438 Papam
1039 3403 1048 3430 ,
1085 3365 1115 3417 et

24 3443 182 3514 inclinarent
212 3453 256 3514 ad
288 3451 410 3516 libitam
438 3454 550 3516 satem?
600 3453 687 3514 Haec
719 3453 752 3514 in
777 3452 922 3515 ecclesiae
950 3453 1112 3514 ltomanae

24 3543 165 3610 rebantur
187 3551 367 3614 annalibus.
394 3552 435 3613 Ee
458 3563 549 3628 certe,
573 3551 641 3612 Deo
660 3551 871 3635 propitiante,
896 3551 950 3634 qni
974 3549 1113 3612 scribant

26 3663 66 3698 ¹⁴⁹¹·
91 3645 230 3726 deerant,
270 3649 353 3734 qaod
385 3649 428 3711 ad
453 3650 638 3733 petitionem
670 3659 699 3710 et
731 3650 1001 3710 comminationem
1031 3647 1114 3732 repis

26 3735 139 3820 duplice,
170 3751 255 3834 cajeta
279 3745 498 3809 intolerabiles
521 3768 664 3809 eacessas
689 3755 775 3807 tento
801 3755 936 3830 tempore
961 3747 1112 3808 sustinue-

27 3847 68 3900 en,
84 3863 259 3922 praeconem
282 3845 436 3920 veritatis,
462 3843 618 3906 libertatis
643 3855 838 3920 assertorem,
861 3843 1113 3928 praedicatorem

23 3937 133 4012 ,vetitiae
152 3965 210 4026 pro
234 3965 331 4006 cerasa
358 3942 497 4018 Domini,
534 3965 602 4004 crena
633 3941 759 4024 infiraita
791 3940 992 4003 multitudine
1024 3942 1111 4003 inno-

29 4045 114 4096 ‘rutem
130 4043 197 4126 jam
220 4039 430 4125 quadriennio
455 4027 643 4116 exulantem,
670 4037 805 4124 neglecto
834 4039 970 4100 rationis
987 4049 1016 4098 et
1025 4039 1111 4126 juris

42 4129 118 4202 ¹dine,
140 4134 218 4200 nelrrt
240 4137 441 4200 criminosum
464 4161 499 4218 o¹
521 4139 563 4198 eii
586 4138 637 4199 arei
655 4146 812 4222 potestate
836 4136 985 4220 privarit,
1036 4135 1111 4196 Nan

33 4229 120 4302 seiten
145 4237 216 4318 qaia
247 4235 297 4298 itt-i
328 4245 514 4312 meruerant,
550 4234 604 4297 sed
627 4236 702 4320 prtia
722 4233 849 4318 placreit
873 4243 1020 4314 tyranno.
1070 4233 1112 4294 Et
