2828 4842
268 391 323 445 342
437 389 552 445 XXVII.
572 389 612 444 De
630 389 732 445 haeres.
751 388 917 456 repressione
935 404 967 442 ac
985 389 1018 444 de
1036 388 1231 443 Decretalibus.

271 533 399 598 Perelle
415 533 536 599 nobilis
552 531 747 614 haereticus,
763 533 979 618 praecipuum
996 531 1236 597 haereticorum
1252 554 1374 618 propug-

269 632 437 712 naculum,
462 653 564 696 manu
588 639 715 694 armata
738 640 965 715 expugnatum
988 629 1062 695 fuit.
1115 629 1210 694 Multi
1235 628 1384 696 haeretici

273 732 307 795 in
333 729 448 794 eodem
465 753 500 796 se
515 729 703 809 tuebantur,
728 751 767 793 ac
782 736 855 813 post
871 727 942 812 ejus
956 731 1237 813 expugnationem
1253 749 1378 812 magnus

269 829 490 915 perfectorum
515 849 672 892 numerus
689 849 765 891 cum
783 825 912 890 duobus
929 827 1094 912 episcopis
1109 827 1254 892 catharis
1277 827 1377 892 ultimo

272 927 343 1009 rogi
358 926 521 1012 supplicio
534 927 645 990 affecti
658 934 745 990 sunt.
770 923 882 1004 Quum
895 944 982 986 anuo
998 925 1083 989 1249
1096 925 1312 1009 Raymundus
1323 923 1377 988 Vll

270 1025 415 1104 obiisset,
441 1023 631 1109 Alphonsus
655 1045 680 1088 s.
705 1020 872 1086 Ludovici
903 1021 1005 1084 frater
1033 1023 1063 1084 ei
1097 1024 1273 1102 suecessit3
1304 1045 1378 1086 auno

270 1131 384 1186 autem
410 1121 492 1185 1271
519 1121 588 1207 ipse
613 1121 749 1206 ejusque
773 1141 857 1182 uxor
879 1119 1013 1183 loanna
1036 1121 1107 1184 sine
1129 1119 1221 1206 prole
1245 1121 1378 1186 defuncti

272 1229 362 1298 sunt,
396 1229 495 1304 atque
526 1218 647 1282 exinde
678 1239 771 1302 reges
804 1215 934 1280 Galliae
966 1218 1159 1282 comitatum
1190 1219 1378 1284 Tolosanum

271 1316 498 1402 possederunt.
544 1317 767 1380 Perrexerunt
789 1324 899 1378 autem
924 1324 994 1379 tum
1019 1314 1211 1401 Alphonsns
1235 1326 1305 1380 tum
1321 1317 1383 1400 ejus

272 1435 476 1479 antecessores
501 1416 533 1478 in
559 1413 759 1480 destruenda
783 1412 1001 1478 Gatharornm
1035 1412 1175 1495 haeresi,
1206 1424 1239 1478 et
1272 1398 1394 1484 ultimisl

272 1512 395 1576 saeculi
421 1511 631 1576 decimitertii
648 1513 817 1576 decenniis
841 1511 987 1597 episcopi
1005 1510 1246 1575 haereticorum
1271 1521 1302 1575 et
1324 1510 1395 1596 per-l

273 1611 351 1675 fecti
376 1610 432 1695 qui
456 1621 660 1694 supererant,
692 1632 794 1695 quum
822 1610 893 1696 jam
928 1631 1092 1695 nusquam
1122 1611 1184 1673 tuti
1218 1611 1396 1684 consisterel

273 1716 416 1796 possent,
441 1729 512 1770 sese
536 1718 732 1793 receperunt
754 1709 789 1771 in
812 1705 954 1787 Italiam,
979 1706 1036 1770 ubi
1062 1707 1164 1770 variis
1187 1709 1221 1771 in
1247 1707 1397 1792 partibusp

229 1863 232 1870 ι
274 1817 386 1870 coetus
422 1803 641 1869 Catharorum
676 1803 874 1870 existebant.
929 1803 1013 1868 Inde
1051 1806 1151 1868 etiam
1188 1805 1398 1872 credentiumr

274 1902 450 1968 multitudo
476 1903 640 1967 diminuta
664 1915 722 1981 est,
747 1903 803 1966 sed
828 1903 960 1966 nonnisi
978 1924 1094 1966 versus
1115 1901 1262 1968 medium
1287 1925 1399 1967 saecu»

273 2002 343 2067 lum
377 2001 544 2066 decimum
578 2013 731 2089 quartum
756 2000 987 2084 Albigensiuru
1020 1999 1165 2064 haeresis
1196 2002 1232 2064 in
1257 2003 1327 2066 istis
1349 2023 1400 2072 rcs

274 2095 431 2186 gionib'us
454 2098 552 2185 plone
576 2102 739 2165 exstincta
761 2099 835 2163 fuit.

367 2199 421 2262 33.
447 2196 613 2262 Convenit
636 2197 699 2262 hoc
723 2198 793 2262 loco
819 2197 933 2282 paucis
950 2198 1151 2260 mentionem
1175 2197 1285 2260 lacere
1318 2196 1387 2258 ll'ol-

276 2297 419 2359 dousiom
442 2295 694 2378 haereticorum,
727 2295 784 2380 qui
809 2317 848 2358 ea
872 2302 989 2370 aetate,
1021 2317 1087 2379 qua
1111 2293 1320 2378 Albigenses,
1343 2317 1387 2378 po·

275 2395 355 2458 riter
378 2416 572 2479 apparuere,
597 2403 629 2457 et
653 2417 673 2457 a
696 2393 897 2479 quibusdam
921 2415 996 2456 eum
1022 2393 1113 2457 hisce
1137 2393 1388 2458 confunduntur.

276 2491 342 2556 Sed
367 2493 547 2572 immerito,
573 2514 649 2555 nam
674 2493 825 2576 apprime
849 2512 903 2554 eos
927 2513 946 2554 a
972 2487 1124 2556 Ostharis
1148 2491 1390 2576 distinguendos

276 2610 347 2652 esse
366 2589 437 2674 jam
462 2587 580 2652 Petrus
604 2589 644 2654 de
664 2587 805 2674 Cernajo
830 2588 966 2668 indicat,
991 2588 1156 2652 scribens:
1181 2591 1288 2654 Erunt
1306 2615 1390 2676 proc·

278 2699 363 2750 terea
388 2686 448 2749 olii
470 2687 619 2752 laceret-ici
641 2691 695 2774 qui
725 2687 896 2752 Valdcuseo
925 2684 1119 2766 dicebantur,
1152 2687 1208 2750 sed
1239 2711 1390 2773 conspurc-

279 2787 362 2847 tione
387 2785 522 2848 ullorum
545 2787 772 2850 baereticorum
796 2785 885 2870 loope
908 2785 1011 2846 miuus
1030 2785 1184 2870 perversi.
1232 2786 1273 2849 ln
1298 2785 1393 2848 uerrlu's

277 2883 360 2945 cuim
393 2881 553 2946 uobiscum
583 2884 827 2963 conveniebaut;
866 2885 901 2946 iu
936 2881 1095 2966 aliquibus
1130 2883 1393 2960 dissentiebant¹l

278 2979 510 3044 Waldensium
557 2992 672 3045 auctor
724 2981 788 3044 fuit
833 2981 943 3043 Petrus
991 2979 1104 3043 ll'olclo
1150 2979 1391 3063 Lugdunensis.

279 3080 335 3163 qui
361 3099 476 3142 versus
504 3102 629 3143 annum
656 3079 742 3142 1160
767 3077 818 3142 vel
846 3078 932 3142 1170
963 3077 1137 3142 subitanea
1168 3088 1274 3142 morte
1306 3080 1394 3141 unius

279 3197 321 3238 cx
336 3177 551 3261 optimatibus
566 3179 634 3241 suis
651 3175 847 3241 concivibus
859 3186 976 3256 motus,
995 3176 1167 3240 eonsilium
1186 3177 1262 3240 iniit
1278 3185 1392 3240 sectan-

279 3273 342 3338 dae
367 3273 523 3360 deinceps
547 3278 636 3340 vitae
667 3276 881 3362 perfectioris.
936 3274 1059 3339 Omnia
1093 3275 1193 3358 igitur
1222 3273 1313 3338 bona
1343 3295 1394 3336 sna

279 3371 483 3455 divendidit,
521 3395 699 3460 eorumque
735 3374 840 3458 pretia
875 3375 909 3436 iu
946 3374 1170 3457 eleemosynas
1206 3393 1393 3457 pauperum.

280 3469 428 3556 undique
452 3471 493 3534 ad
519 3493 593 3535 eum
619 3469 869 3552 confluentium,
900 3473 1073 3538 convertit.
1129 3469 1193 3534 Sed
1217 3470 1304 3534 falsa
1327 3490 1392 3554 qua·

280 3568 357 3632 dam
377 3569 608 3654 spiritualitate
625 3568 780 3633 seductus
797 3579 854 3634 est.
896 3569 1060 3649 Quamvis
1082 3571 1169 3633 enim
1186 3568 1293 3632 laicus
1310 3581 1394 3632 essct.

280 3679 314 3732 et
337 3668 379 3732 ab
404 3668 556 3732 Ecclesia
580 3689 687 3753 neque
704 3677 852 3748 vocatus,
877 3690 984 3753 neque
1002 3669 1130 3748 missus,
1155 3666 1296 3730 verbum
1322 3666 1394 3728 divi·

280 3788 361 3831 num
386 3776 418 3829 et
441 3766 677 3852 perfectionem
702 3764 940 3848 evangelicam,
975 3767 1071 3851 cujus
1103 3767 1230 3851 apicem
1268 3765 1302 3828 in
1327 3785 1395 3849 pau·

282 3873 409 3950 pestate
434 3876 467 3926 et
490 3861 677 3927 humilitate
695 3861 927 3944 constituebat,
952 3863 1111 3947 Lugduni
1126 3864 1158 3925 in
1176 3862 1295 3949 plateis
1316 3882 1395 3947 prae-

281 3963 394 4026 dicare
418 3961 649 4046 praesumpsit.
703 3958 737 4026 S.
762 3959 967 4044 Scripturam
1000 3963 1035 4026 in
1058 3959 1206 4045 linguam
1232 3959 1394 4042 vulgarem

356 4175 376 4247 1)
396 4174 467 4228 urst.
488 4173 579 4242 nrorg.
600 4189 620 4230 c
642 4175 666 4226 a.
