2832 4844
349 489 527 560 pontificatus
545 505 566 548 s.
585 489 734 546 Coelestmi
751 491 785 544 V.

546 709 581 772 1.

48 847 104 910 De
123 850 366 932 Pmtttfloatu
388 865 422 912 s.
447 849 665 915 coenatore
694 847 740 928 V,
763 853 802 912 et
823 849 875 914 de
897 850 1090 916 electione

385 955 597 1036 Bontfattt
625 954 745 1019 VHI.

97 1114 126 1179 3.
155 1114 233 1180 Post
256 1123 395 1178 mortem
418 1113 549 1179 Nicolai
573 1113 622 1178 IV
647 1114 700 1196 (4⁰
722 1111 828 1199 April.
854 1137 883 1180 a.
912 1115 1010 1197 1292)
1034 1114 1118 1201 Apo·
1134 1132 1157 1174 s.
1173 1133 1239 1174 seso
1253 1145 1294 1175 n-

26 1210 121 1275 atoliae
149 1209 252 1276 Sedes
282 1213 379 1276 annis
412 1210 541 1276 duobus
571 1221 604 1275 et
633 1209 804 1276 mensibus
838 1211 944 1276 tribus
976 1215 1120 1279 vacavit.
1179 1199 1250 1238 ‘²⁸¹⁰'

28 1307 201 1376 Cardinales
229 1309 397 1392 videlicet,
428 1310 486 1396 qui
517 1329 654 1374 numero
686 1307 861 1373 duodecim
886 1320 990 1392 arant,
1022 1311 1123 1376 divisi

24 1410 140 1474 suntin
163 1409 247 1473 duas
270 1417 392 1494 partes,
423 1428 564 1493 quarum
587 1407 646 1472 uni
670 1406 817 1472 lacobus
842 1404 999 1490 Colonna,
1027 1408 1123 1474 alteri

26 1504 194 1570 Matthaeus
210 1506 323 1572 Ursini
347 1515 508 1591 praeerat.
544 1505 634 1570 lnter
650 1504 709 1569 has
725 1503 867 1570 familias
890 1505 1123 1587 nobilissimas,

24 1603 59 1666 uti
81 1603 237 1684 diximus,
254 1603 404 1668 simultas
420 1603 462 1668 de
478 1604 738 1688 praeeminentia
756 1602 906 1687 vigebat3
931 1603 1028 1669 simul
1042 1627 1122 1670 vero

22 1695 142 1766 Carolus
164 1703 200 1766 Π
227 1701 491 1786 Andagavensis,
521 1722 581 1764 rex
604 1699 771 1786 Neapolis,
804 1701 970 1768 influxum
1001 1705 1036 1768 in
1059 1702 1122 1768 ele-

21 1799 145 1864 ctionem
161 1821 317 1864 exercere
333 1798 497 1882 studebat,
515 1808 553 1863 ut
564 1820 704 1884 persona
721 1799 784 1863 sibi
801 1799 936 1865 addicta
952 1803 985 1866 in
1002 1801 1123 1868 Sedem

21 1896 92 1961 Petri
122 1897 330 1962 eveheretur.
383 1895 418 1962 Si
447 1896 582 1962 eredere
613 1897 663 1962 las
687 1907 736 1961 est
759 1899 909 1984 scriptori
934 1898 1123 1966 Florentino

21 1993 141 2080 l'illani,
165 1999 255 2082 regis
271 2004 381 2082 partes
405 1993 468 2059 hac
484 1996 657 2060 occasione
673 1997 780 2060 tenuit
794 1993 982 2061 Matthaeus
998 1995 1122 2080 Ursini,

18 2115 78 2158 rum
100 2095 231 2181 aliquot
245 2093 319 2158 aliis
336 2091 582 2176 Cardinalibus,
606 2094 663 2179 qui
680 2094 812 2158 nonnisi
828 2115 988 2179 personae
1005 2092 1123 2160 Carolo

16 2203 113 2274 patae
139 2204 220 2257 vota
243 2214 302 2258 sua
326 2191 404 2256 dare
422 2190 608 2272 voluerunt,
632 2213 738 2276 eaque
761 2193 888 2256 ratione
912 2191 969 2256 diu
994 2187 1124 2258 electio·

16 2311 75 2354 nem
105 2289 366 2378 impediverunt.
424 2289 573 2354 Dubium
603 2299 715 2354 tamen
750 2311 867 2354 revera
896 2289 1045 2374 videtur,
1078 2313 1122 2356 an

16 2385 191 2454 Matthaeus
208 2387 320 2453 Ursini
346 2385 455 2453 Caroli
472 2385 506 2452 II
529 2399 638 2474 partes
661 2407 856 2474 promovere
880 2387 1030 2452 voluerit.
1064 2387 1125 2454 Ur·

13 2487 146 2551 ainornm
174 2485 304 2551 familia
327 2485 522 2572 plerumque
546 2485 669 2548 dicitur
692 2483 898 2566 Guellorum,
927 2483 1124 2554 Columnsn-

15 2585 83 2650 sium
112 2585 237 2652 domus
261 2581 505 2648 Gibellinorum
537 2582 675 2648 factioni
703 2582 895 2668 praefuisse.
946 2581 1012 2647 Sed
1042 2585 1123 2649 scite

12 2682 110 2748 scribit
133 2683 335 2768 Brunengo:
371 2680 607 2762 „Factionibus
630 2681 754 2745 Romae
784 2691 960 2767 praeerant
983 2681 1118 2748 Ursino·

11 2801 68 2844 rum
101 2793 136 2846 et
170 2778 445 2845 Columnensium
478 2778 612 2862 domus,
648 2778 695 2844 illi
727 2777 846 2860 Guelli,
880 2777 914 2843 hi
938 2777 1116 2860 Gibellini3

11 2879 52 2942 ret
72 2881 187 2966 potius
211 2875 420 2942 Italo-Guelfi
444 2886 539 2940 eraut
552 2875 676 2956 Ursini,
700 2874 919 2942 Gallo-Guelfi
944 2888 1037 2943 crant
1061 2877 1121 2944 Co·

6 2971 201 3042 lumnensest
248 2975 382 3041 Etenim
404 2973 598 3039 Guelforum
623 2985 655 3038 et
678 2972 921 3042 Gibellinorum
944 2975 1122 3062 appellatio

1 3073 63 3156 jam
85 3076 129 3140 ab
154 3076 299 3160 antiqua
323 3071 565 3157 significatione
594 3071 748 3137 factionis
768 3073 949 3159 poatflciae
974 3085 1006 3138 et
1028 3075 1124 3161 impe-

6 3173 89 3240 nirlia
104 3174 314 3253 desciverat3
337 3169 427 3236 lucta
450 3181 561 3236 autem
585 3181 655 3235 erat
671 3173 757 3235 inter
771 3169 989 3236 Guelfismum
1015 3171 1124 3236 mode·

5 3283 102 3336 ratum
127 3283 162 3336 et
190 3268 394 3336 nationalem
418 3291 476 3333 seu
499 3268 631 3350 Italum,
661 3279 693 3333 et
716 3267 935 3336 Guelfismum
964 3270 1123 3336 immode-

6 3383 100 3434 ratum
116 3393 160 3436 ac
176 3366 358 3434 Gallicum.
392 3366 517 3432 Ultima
533 3366 616 3432 haec
632 3367 742 3447 factio,
759 3365 1061 3452 Andegavensibus
1076 3369 1123 3432 ni·

4 3480 75 3546 tens,
88 3465 378 3552 independentiae
390 3474 423 3528 et
434 3466 635 3550 principatui
656 3464 748 3530 civili
761 3463 961 3531 Pontificum
975 3465 1123 3552 pericula
1164 3485 1168 3492 ·

4 3566 138 3647 creabat,
163 3585 211 3628 ao
235 3562 329 3627 brevi
354 3571 427 3648 post
441 3562 594 3627 videmus
611 3561 849 3628 Columnenses
873 3585 947 3628 cum
965 3563 1121 3650 Philippo

5 3661 136 3727 Pulchro
157 3671 281 3726 contra
300 3660 510 3725 Bonifatium
525 3660 608 3725 VIII
627 3661 883 3748 conspirare.“¹)
895 3699 938 3709 -—
953 3663 1005 3726 Ita
1021 3664 1123 3748 igitur

5 3757 244 3848 multiplicibus
260 3758 438 3823 tendentiis
452 3757 664 3843 agitabantur
675 3756 880 3824 Cardinales.
903 3761 995 3823 Inter
1008 3757 1121 3824 Cardi-

4 3857 84 3923 mles
107 3858 243 3944 ingenii
268 3859 302 3921 vi
327 3866 359 3921 st
382 3857 520 3921 scientia
544 3856 624 3942 juris
648 3859 801 3922 canonici
826 3857 995 3922 eminebat
1016 3858 1121 3923 Bene·

66 4109 88 4172 ¹)
107 4107 219 4164 uirilis
239 4105 526 4162 eattol.s.1873.111.
546 4103 559 4158 Ι
578 4104 687 4160 Destini
705 4103 733 4160 di
751 4105 843 4172 Roma,
868 4107 967 4174 pals.
983 4105 1119 4173 -Quum

3 4189 81 4256 igitur
98 4190 302 4244 Ootnmnensea
320 4185 411 4254 potius
430 4185 490 4254 regi
509 4183 635 4254 Neapolis
660 4184 763 4240 addicti
780 4194 878 4250 essent,
902 4187 1007 4252 mirum,
1026 4187 1050 4242 si
1067 4185 1119 4242 hac

1 4271 129 4324 comicae
148 4265 250 4324 Ursini
270 4264 295 4319 ei
313 4281 372 4320 sese
387 4264 545 4334 junxerunt.

927 4356 961 4408 1*
