<?xml version="1.0" encoding="UTF-8"?>
<!DOCTYPE html PUBLIC "-//W3C//DTD XHTML 1.0 Transitional//EN"
    "http://www.w3.org/TR/xhtml1/DTD/xhtml1-transitional.dtd">
<html xmlns="http://www.w3.org/1999/xhtml" xml:lang="en" lang="en">
 <head>
  <title>
</title>
<meta http-equiv="Content-Type" content="text/html;charset=utf-8" />
  <meta name='ocr-system' content='tesseract 3.04.00' />
  <meta name='ocr-capabilities' content='ocr_page ocr_carea ocr_par ocr_line ocrx_word'/>
</head>
<body>
  <div class='ocr_page' id='page_1' title='image "./dissertationess00junggoog_0269.png"; bbox 0 0 2828 4842; ppageno 0'>
   <div class='ocr_carea' id='block_1_1' title="bbox 112 590 265 700">
    <p class='ocr_par' dir='ltr' id='par_1_1' title="bbox 112 590 265 700">
     <span class='ocr_line' id='line_1_1' title="bbox 112 590 265 637; baseline 0 -1"><span class='ocrx_word' id='word_1_1' title='bbox 112 590 214 637; x_wconf 66' lang='lat' dir='ltr'><strong>illuster</strong></span> <span class='ocrx_word' id='word_1_2' title='bbox 229 598 265 637; x_wconf 86' lang='lat' dir='ltr'><strong>ln·</strong></span> 
     </span>
     <span class='ocr_line' id='line_1_2' title="bbox 121 661 251 700; baseline -0.008 0"><span class='ocrx_word' id='word_1_3' title='bbox 121 661 251 700; x_wconf 74' lang='lat' dir='ltr'><strong>territatum.</strong></span> 
     </span>
    </p>
   </div>
   <div class='ocr_carea' id='block_1_2' title="bbox 274 452 1128 510">
    <p class='ocr_par' dir='ltr' id='par_1_2' title="bbox 274 452 1128 510">
     <span class='ocr_line' id='line_1_3' title="bbox 274 452 1128 510; baseline 0.005 -4"><span class='ocrx_word' id='word_1_4' title='bbox 274 453 327 506; x_wconf 75' lang='lat'><strong>254</strong></span> <span class='ocrx_word' id='word_1_5' title='bbox 542 453 642 509; x_wconf 84' lang='lat' dir='ltr'><strong>XXVI.</strong></span> <span class='ocrx_word' id='word_1_6' title='bbox 662 453 704 508; x_wconf 90' lang='lat' dir='ltr'><strong>De</strong></span> <span class='ocrx_word' id='word_1_7' title='bbox 721 452 886 508; x_wconf 85' lang='lat' dir='ltr'><strong>Pontificatu</strong></span> <span class='ocrx_word' id='word_1_8' title='bbox 905 453 1058 510; x_wconf 88' lang='lat' dir='ltr'><strong>Innocentii</strong></span> <span class='ocrx_word' id='word_1_9' title='bbox 1076 455 1128 510; x_wconf 88' lang='lat'><strong>111.</strong></span> 
     </span>
    </p>
   </div>
   <div class='ocr_carea' id='block_1_3' title="bbox 263 597 1399 4022">
    <p class='ocr_par' dir='ltr' id='par_1_3' title="bbox 263 597 1399 3724">
     <span class='ocr_line' id='line_1_4' title="bbox 364 597 1393 685; baseline 0.004 -25"><span class='ocrx_word' id='word_1_10' title='bbox 364 597 417 660; x_wconf 88' lang='grc'><strong>34.</strong></span> <span class='ocrx_word' id='word_1_11' title='bbox 465 597 557 661; x_wconf 80' lang='lat' dir='ltr'><strong>Misit</strong></span> <span class='ocrx_word' id='word_1_12' title='bbox 588 619 684 683; x_wconf 87' lang='lat' dir='ltr'><strong>porro</strong></span> <span class='ocrx_word' id='word_1_13' title='bbox 708 597 924 662; x_wconf 80' lang='lat' dir='ltr'><strong>Innocentius</strong></span> <span class='ocrx_word' id='word_1_14' title='bbox 947 598 1000 664; x_wconf 91' lang='lat'><strong>111</strong></span> <span class='ocrx_word' id='word_1_15' title='bbox 1027 601 1062 663; x_wconf 95' lang='lat' dir='ltr'><strong>in</strong></span> <span class='ocrx_word' id='word_1_16' title='bbox 1086 599 1229 666; x_wconf 82' lang='lat' dir='ltr'><strong>Galliam</strong></span> <span class='ocrx_word' id='word_1_17' title='bbox 1253 611 1288 664; x_wconf 90' lang='lat' dir='ltr'><strong>ut</strong></span> <span class='ocrx_word' id='word_1_18' title='bbox 1310 601 1393 685; x_wconf 85' lang='lat' dir='ltr'><strong>lega-</strong></span> 
     </span>
     <span class='ocr_line' id='line_1_5' title="bbox 275 692 1395 783; baseline 0.003 -26"><span class='ocrx_word' id='word_1_19' title='bbox 275 705 345 757; x_wconf 91' lang='lat' dir='ltr'><strong>tum</strong></span> <span class='ocrx_word' id='word_1_20' title='bbox 368 692 598 779; x_wconf 85' lang='lat' dir='ltr'><strong>Apostolicnm</strong></span> <span class='ocrx_word' id='word_1_21' title='bbox 621 695 757 760; x_wconf 89' lang='lat' dir='ltr'><strong>Petrum</strong></span> <span class='ocrx_word' id='word_1_22' title='bbox 782 692 993 762; x_wconf 85' lang='lat' dir='ltr'><strong>Cardinalem</strong></span> <span class='ocrx_word' id='word_1_23' title='bbox 1019 695 1227 783; x_wconf 83' lang='lat' dir='ltr'><strong>Capuanum,</strong></span> <span class='ocrx_word' id='word_1_24' title='bbox 1258 709 1330 762; x_wconf 89' lang='lat' dir='ltr'><strong>tum</strong></span> <span class='ocrx_word' id='word_1_25' title='bbox 1363 709 1395 760; x_wconf 89' lang='lat' dir='ltr'><strong>ut</strong></span> 
     </span>
     <span class='ocr_line' id='line_1_6' title="bbox 274 792 1394 881; baseline 0.004 -26"><span class='ocrx_word' id='word_1_26' title='bbox 274 811 396 856; x_wconf 83' lang='lat' dir='ltr'><strong>novam</strong></span> <span class='ocrx_word' id='word_1_27' title='bbox 421 792 667 878; x_wconf 82' lang='lat' dir='ltr'><strong>expeditionem</strong></span> <span class='ocrx_word' id='word_1_28' title='bbox 693 795 874 858; x_wconf 87' lang='lat' dir='ltr'><strong>cruciatam</strong></span> <span class='ocrx_word' id='word_1_29' title='bbox 896 805 1110 880; x_wconf 87' lang='lat' dir='ltr'><strong>praepararet</strong></span> <span class='ocrx_word' id='word_1_30' title='bbox 1133 807 1166 861; x_wconf 90' lang='lat' dir='ltr'><strong>et</strong></span> <span class='ocrx_word' id='word_1_31' title='bbox 1181 817 1297 881; x_wconf 90' lang='lat' dir='ltr'><strong>pacem</strong></span> <span class='ocrx_word' id='word_1_32' title='bbox 1322 817 1394 860; x_wconf 92' lang='lat' dir='ltr'><strong>oon-</strong></span> 
     </span>
     <span class='ocr_line' id='line_1_7' title="bbox 273 889 1395 978; baseline 0.005 -26"><span class='ocrx_word' id='word_1_33' title='bbox 273 889 401 953; x_wconf 89' lang='lat' dir='ltr'><strong>eiliaret</strong></span> <span class='ocrx_word' id='word_1_34' title='bbox 424 891 511 954; x_wconf 89' lang='lat' dir='ltr'><strong>inter</strong></span> <span class='ocrx_word' id='word_1_35' title='bbox 532 890 722 977; x_wconf 91' lang='lat' dir='ltr'><strong>Philippum</strong></span> <span class='ocrx_word' id='word_1_36' title='bbox 740 891 775 955; x_wconf 92' lang='lat' dir='ltr'><strong>Il</strong></span> <span class='ocrx_word' id='word_1_37' title='bbox 799 900 832 955; x_wconf 91' lang='lat' dir='ltr'><strong>et</strong></span> <span class='ocrx_word' id='word_1_38' title='bbox 854 890 1059 957; x_wconf 87' lang='lat' dir='ltr'><strong>Richardum</strong></span> <span class='ocrx_word' id='word_1_39' title='bbox 1074 893 1091 958; x_wconf 94' lang='lat' dir='ltr'>I</span> <span class='ocrx_word' id='word_1_40' title='bbox 1106 893 1250 977; x_wconf 82' lang='lat' dir='ltr'><strong>Angliae</strong></span> <span class='ocrx_word' id='word_1_41' title='bbox 1273 895 1395 978; x_wconf 89' lang='lat' dir='ltr'><strong>regem‘</strong></span> 
     </span>
     <span class='ocr_line' id='line_1_8' title="bbox 273 987 1393 1078; baseline 0.004 -28"><span class='ocrx_word' id='word_1_42' title='bbox 273 996 343 1051; x_wconf 92' lang='lat' dir='ltr'><strong>tum</strong></span> <span class='ocrx_word' id='word_1_43' title='bbox 381 1000 419 1052; x_wconf 91' lang='lat' dir='ltr'><strong>nt</strong></span> <span class='ocrx_word' id='word_1_44' title='bbox 441 988 590 1072; x_wconf 79' lang='lat' dir='ltr'><strong>adigeret</strong></span> <span class='ocrx_word' id='word_1_45' title='bbox 612 987 806 1074; x_wconf 90' lang='lat' dir='ltr'><strong>Philippum</strong></span> <span class='ocrx_word' id='word_1_46' title='bbox 845 989 888 1054; x_wconf 85' lang='lat' dir='ltr'><strong>ad</strong></span> <span class='ocrx_word' id='word_1_47' title='bbox 921 990 1145 1056; x_wconf 92' lang='lat' dir='ltr'><strong>obediendum</strong></span> <span class='ocrx_word' id='word_1_48' title='bbox 1169 992 1324 1056; x_wconf 87' lang='lat' dir='ltr'><strong>Pontifici</strong></span> <span class='ocrx_word' id='word_1_49' title='bbox 1351 994 1393 1078; x_wconf 81' lang='lat' dir='ltr'><strong>in</strong></span> 
     </span>
     <span class='ocr_line' id='line_1_9' title="bbox 273 1085 1397 1178; baseline 0.004 -29"><span class='ocrx_word' id='word_1_50' title='bbox 273 1107 373 1150; x_wconf 84' lang='lat' dir='ltr'><strong>causa</strong></span> <span class='ocrx_word' id='word_1_51' title='bbox 398 1088 599 1150; x_wconf 86' lang='lat' dir='ltr'><strong>matrimonii</strong></span> <span class='ocrx_word' id='word_1_52' title='bbox 623 1088 684 1155; x_wconf 87' lang='lat' dir='ltr'><strong>sui.</strong></span> <span class='ocrx_word' id='word_1_53' title='bbox 725 1085 837 1168; x_wconf 78' lang='lat' dir='ltr'><strong>Quum</strong></span> <span class='ocrx_word' id='word_1_54' title='bbox 860 1106 938 1152; x_wconf 91' lang='lat' dir='ltr'><strong>vero</strong></span> <span class='ocrx_word' id='word_1_55' title='bbox 961 1089 1089 1174; x_wconf 85' lang='lat' dir='ltr'><strong>legatus</strong></span> <span class='ocrx_word' id='word_1_56' title='bbox 1112 1089 1197 1154; x_wconf 91' lang='lat' dir='ltr'><strong>nihil</strong></span> <span class='ocrx_word' id='word_1_57' title='bbox 1221 1091 1397 1178; x_wconf 85' lang='lat' dir='ltr'><strong>proficeret</strong></span> 
     </span>
     <span class='ocr_line' id='line_1_10' title="bbox 273 1184 1397 1272; baseline 0.004 -26"><span class='ocrx_word' id='word_1_58' title='bbox 273 1184 407 1247; x_wconf 90' lang='lat' dir='ltr'><strong>monitis</strong></span> <span class='ocrx_word' id='word_1_59' title='bbox 431 1185 509 1267; x_wconf 90' lang='lat' dir='ltr'><strong>suis,</strong></span> <span class='ocrx_word' id='word_1_60' title='bbox 534 1187 568 1248; x_wconf 94' lang='lat' dir='ltr'><strong>in</strong></span> <span class='ocrx_word' id='word_1_61' title='bbox 593 1185 759 1250; x_wconf 84' lang='lat' dir='ltr'><strong>mandetis</strong></span> <span class='ocrx_word' id='word_1_62' title='bbox 783 1187 812 1249; x_wconf 87' lang='lat' dir='ltr'><strong>ei</strong></span> <span class='ocrx_word' id='word_1_63' title='bbox 838 1185 931 1251; x_wconf 92' lang='lat' dir='ltr'><strong>dedit</strong></span> <span class='ocrx_word' id='word_1_64' title='bbox 944 1185 1170 1272; x_wconf 88' lang='lat' dir='ltr'><strong>Innocentius,</strong></span> <span class='ocrx_word' id='word_1_65' title='bbox 1195 1199 1232 1252; x_wconf 90' lang='lat' dir='ltr'><strong>nt</strong></span> <span class='ocrx_word' id='word_1_66' title='bbox 1246 1191 1397 1254; x_wconf 87' lang='lat' dir='ltr'><strong>censuris</strong></span> 
     </span>
     <span class='ocr_line' id='line_1_11' title="bbox 272 1282 1395 1368; baseline 0.004 -24"><span class='ocrx_word' id='word_1_67' title='bbox 272 1293 305 1345; x_wconf 90' lang='lat' dir='ltr'><strong>et</strong></span> <span class='ocrx_word' id='word_1_68' title='bbox 329 1282 514 1366; x_wconf 90' lang='lat' dir='ltr'><strong>interdicto,</strong></span> <span class='ocrx_word' id='word_1_69' title='bbox 551 1286 578 1346; x_wconf 90' lang='lat' dir='ltr'><strong>si</strong></span> <span class='ocrx_word' id='word_1_70' title='bbox 602 1294 776 1368; x_wconf 83' lang='lat' dir='ltr'><strong>oporteret,</strong></span> <span class='ocrx_word' id='word_1_71' title='bbox 811 1293 975 1365; x_wconf 84' lang='lat' dir='ltr'><strong>uteretur3</strong></span> <span class='ocrx_word' id='word_1_72' title='bbox 1015 1285 1246 1350; x_wconf 87' lang='lat' dir='ltr'><strong>vehementius</strong></span> <span class='ocrx_word' id='word_1_73' title='bbox 1276 1288 1395 1351; x_wconf 83' lang='lat' dir='ltr'><strong>iterum</strong></span> 
     </span>
     <span class='ocr_line' id='line_1_12' title="bbox 272 1381 1397 1468; baseline 0.004 -26"><span class='ocrx_word' id='word_1_74' title='bbox 272 1381 401 1444; x_wconf 93' lang='lat' dir='ltr'><strong>monuit</strong></span> <span class='ocrx_word' id='word_1_75' title='bbox 430 1402 552 1464; x_wconf 90' lang='lat' dir='ltr'><strong>regem,</strong></span> <span class='ocrx_word' id='word_1_76' title='bbox 584 1390 617 1444; x_wconf 92' lang='lat' dir='ltr'><strong>et</strong></span> <span class='ocrx_word' id='word_1_77' title='bbox 645 1384 819 1448; x_wconf 90' lang='lat' dir='ltr'><strong>universos</strong></span> <span class='ocrx_word' id='word_1_78' title='bbox 851 1385 951 1447; x_wconf 88' lang='lat' dir='ltr'><strong>etiam</strong></span> <span class='ocrx_word' id='word_1_79' title='bbox 981 1384 1159 1468; x_wconf 82' lang='lat' dir='ltr'><strong>praesules,</strong></span> <span class='ocrx_word' id='word_1_80' title='bbox 1191 1382 1335 1450; x_wconf 85' lang='lat' dir='ltr'><strong>abbates</strong></span> <span class='ocrx_word' id='word_1_81' title='bbox 1367 1398 1397 1448; x_wconf 86' lang='lat' dir='ltr'><strong>et</strong></span> 
     </span>
     <span class='ocr_line' id='line_1_13' title="bbox 271 1475 1397 1568; baseline 0.005 -28"><span class='ocrx_word' id='word_1_82' title='bbox 271 1476 394 1542; x_wconf 89' lang='lat' dir='ltr'><strong>clerum</strong></span> <span class='ocrx_word' id='word_1_83' title='bbox 409 1475 538 1542; x_wconf 82' lang='lat' dir='ltr'><strong>Galliae</strong></span> <span class='ocrx_word' id='word_1_84' title='bbox 554 1477 671 1543; x_wconf 89' lang='lat' dir='ltr'><strong>litteris</strong></span> <span class='ocrx_word' id='word_1_85' title='bbox 694 1483 803 1544; x_wconf 88' lang='lat' dir='ltr'><strong>missis</strong></span> <span class='ocrx_word' id='word_1_86' title='bbox 827 1484 982 1546; x_wconf 85' lang='lat' dir='ltr'><strong>certiores</strong></span> <span class='ocrx_word' id='word_1_87' title='bbox 1003 1482 1151 1546; x_wconf 88' lang='lat' dir='ltr'><strong>reddidit</strong></span> <span class='ocrx_word' id='word_1_88' title='bbox 1174 1482 1215 1546; x_wconf 90' lang='lat' dir='ltr'><strong>de</strong></span> <span class='ocrx_word' id='word_1_89' title='bbox 1231 1483 1283 1563; x_wconf 89' lang='lat' dir='ltr'><strong>iis,</strong></span> <span class='ocrx_word' id='word_1_90' title='bbox 1310 1505 1397 1568; x_wconf 87' lang='lat' dir='ltr'><strong>qnae</strong></span> 
     </span>
     <span class='ocr_line' id='line_1_14' title="bbox 271 1577 1396 1666; baseline 0.004 -27"><span class='ocrx_word' id='word_1_91' title='bbox 271 1597 416 1662; x_wconf 87' lang='lat' dir='ltr'><strong>eousque</strong></span> <span class='ocrx_word' id='word_1_92' title='bbox 447 1577 508 1641; x_wconf 89' lang='lat' dir='ltr'><strong>isto</strong></span> <span class='ocrx_word' id='word_1_93' title='bbox 545 1578 579 1640; x_wconf 90' lang='lat' dir='ltr'><strong>in</strong></span> <span class='ocrx_word' id='word_1_94' title='bbox 612 1581 743 1662; x_wconf 87' lang='lat' dir='ltr'><strong>negotio</strong></span> <span class='ocrx_word' id='word_1_95' title='bbox 769 1577 870 1642; x_wconf 81' lang='lat' dir='ltr'><strong>Sedes</strong></span> <span class='ocrx_word' id='word_1_96' title='bbox 893 1578 1086 1664; x_wconf 82' lang='lat' dir='ltr'><strong>Apostolica</strong></span> <span class='ocrx_word' id='word_1_97' title='bbox 1117 1592 1236 1666; x_wconf 84' lang='lat' dir='ltr'><strong>egerat.</strong></span> <span class='ocrx_word' id='word_1_98' title='bbox 1286 1579 1396 1645; x_wconf 89' lang='lat' dir='ltr'><strong>Simul</strong></span> 
     </span>
     <span class='ocr_line' id='line_1_15' title="bbox 270 1674 1396 1764; baseline 0.004 -26"><span class='ocrx_word' id='word_1_99' title='bbox 270 1675 439 1738; x_wconf 89' lang='lat' dir='ltr'><strong>nuntiavit</strong></span> <span class='ocrx_word' id='word_1_100' title='bbox 462 1676 503 1738; x_wconf 92' lang='lat' dir='ltr'><strong>iis</strong></span> <span class='ocrx_word' id='word_1_101' title='bbox 527 1695 611 1760; x_wconf 86' lang='lat' dir='ltr'><strong>quae</strong></span> <span class='ocrx_word' id='word_1_102' title='bbox 634 1674 742 1759; x_wconf 86' lang='lat' dir='ltr'><strong>legato</strong></span> <span class='ocrx_word' id='word_1_103' title='bbox 762 1677 990 1762; x_wconf 87' lang='lat' dir='ltr'><strong>mandaverat,</strong></span> <span class='ocrx_word' id='word_1_104' title='bbox 1015 1680 1219 1764; x_wconf 90' lang='lat' dir='ltr'><strong>monuitque,</strong></span> <span class='ocrx_word' id='word_1_105' title='bbox 1243 1688 1281 1741; x_wconf 90' lang='lat' dir='ltr'><strong>nt</strong></span> <span class='ocrx_word' id='word_1_106' title='bbox 1297 1680 1396 1742; x_wconf 88' lang='lat' dir='ltr'><strong>inter-</strong></span> 
     </span>
     <span class='ocr_line' id='line_1_16' title="bbox 270 1771 1397 1858; baseline 0.005 -24"><span class='ocrx_word' id='word_1_107' title='bbox 270 1771 408 1852; x_wconf 92' lang='lat' dir='ltr'><strong>dictum,</strong></span> <span class='ocrx_word' id='word_1_108' title='bbox 440 1773 466 1835; x_wconf 93' lang='lat' dir='ltr'><strong>si</strong></span> <span class='ocrx_word' id='word_1_109' title='bbox 490 1772 726 1858; x_wconf 84' lang='lat' dir='ltr'><strong>publicaretur,</strong></span> <span class='ocrx_word' id='word_1_110' title='bbox 751 1773 974 1857; x_wconf 88' lang='lat' dir='ltr'><strong>observarent,</strong></span> <span class='ocrx_word' id='word_1_111' title='bbox 1003 1785 1100 1839; x_wconf 85' lang='lat' dir='ltr'><strong>antea</strong></span> <span class='ocrx_word' id='word_1_112' title='bbox 1123 1787 1235 1840; x_wconf 87' lang='lat' dir='ltr'><strong>tamen</strong></span> <span class='ocrx_word' id='word_1_113' title='bbox 1259 1797 1397 1840; x_wconf 91' lang='lat' dir='ltr'><strong>omnem</strong></span> 
     </span>
     <span class='ocr_line' id='line_1_17' title="bbox 269 1868 1399 1956; baseline 0.006 -25"><span class='ocrx_word' id='word_1_114' title='bbox 269 1889 403 1954; x_wconf 85' lang='lat' dir='ltr'><strong>operam</strong></span> <span class='ocrx_word' id='word_1_115' title='bbox 428 1868 635 1952; x_wconf 89' lang='lat' dir='ltr'><strong>adhiberent,</strong></span> <span class='ocrx_word' id='word_1_116' title='bbox 669 1881 706 1935; x_wconf 90' lang='lat' dir='ltr'><strong>ut</strong></span> <span class='ocrx_word' id='word_1_117' title='bbox 738 1892 849 1956; x_wconf 88' lang='lat' dir='ltr'><strong>regem</strong></span> <span class='ocrx_word' id='word_1_118' title='bbox 872 1894 893 1935; x_wconf 88' lang='lat' dir='ltr'><strong>a</strong></span> <span class='ocrx_word' id='word_1_119' title='bbox 915 1871 1041 1956; x_wconf 89' lang='lat' dir='ltr'><strong>flagitio</strong></span> <span class='ocrx_word' id='word_1_120' title='bbox 1066 1895 1124 1937; x_wconf 80' lang='lat' dir='ltr'><strong>suo</strong></span> <span class='ocrx_word' id='word_1_121' title='bbox 1147 1873 1399 1955; x_wconf 77' lang='lat' dir='ltr'><strong>retraherent.¹)</strong></span> 
     </span>
     <span class='ocr_line' id='line_1_18' title="bbox 271 1965 1398 2056; baseline 0.004 -25"><span class='ocrx_word' id='word_1_122' title='bbox 271 1965 381 2045; x_wconf 82' lang='lat' dir='ltr'><strong>Quum</strong></span> <span class='ocrx_word' id='word_1_123' title='bbox 422 1989 537 2032; x_wconf 89' lang='lat' dir='ltr'><strong>ornnes</strong></span> <span class='ocrx_word' id='word_1_124' title='bbox 573 1969 816 2034; x_wconf 89' lang='lat' dir='ltr'><strong>admonitiones</strong></span> <span class='ocrx_word' id='word_1_125' title='bbox 848 1979 957 2034; x_wconf 89' lang='lat' dir='ltr'><strong>essent</strong></span> <span class='ocrx_word' id='word_1_126' title='bbox 1000 1971 1131 2052; x_wconf 91' lang='lat' dir='ltr'><strong>inanes,</strong></span> <span class='ocrx_word' id='word_1_127' title='bbox 1171 1970 1300 2056; x_wconf 88' lang='lat' dir='ltr'><strong>legatus</strong></span> <span class='ocrx_word' id='word_1_128' title='bbox 1345 1972 1398 2036; x_wconf 92' lang='lat' dir='ltr'><strong>die</strong></span> 
     </span>
     <span class='ocr_line' id='line_1_19' title="bbox 269 2063 1397 2155; baseline 0.007 -28"><span class='ocrx_word' id='word_1_129' title='bbox 269 2063 307 2127; x_wconf 88' lang='lat'><strong>6⁰</strong></span> <span class='ocrx_word' id='word_1_130' title='bbox 322 2063 519 2130; x_wconf 88' lang='lat' dir='ltr'><strong>Decembris</strong></span> <span class='ocrx_word' id='word_1_131' title='bbox 542 2067 622 2130; x_wconf 92' lang='lat' dir='ltr'><strong>anni</strong></span> <span class='ocrx_word' id='word_1_132' title='bbox 639 2067 724 2131; x_wconf 81' lang='lat'>1199</span> <span class='ocrx_word' id='word_1_133' title='bbox 748 2088 824 2130; x_wconf 88' lang='lat' dir='ltr'><strong>cum</strong></span> <span class='ocrx_word' id='word_1_134' title='bbox 849 2079 990 2154; x_wconf 90' lang='lat' dir='ltr'><strong>quatuor</strong></span> <span class='ocrx_word' id='word_1_135' title='bbox 1012 2068 1281 2155; x_wconf 89' lang='lat' dir='ltr'><strong>archiepiscopis,</strong></span> <span class='ocrx_word' id='word_1_136' title='bbox 1308 2082 1397 2135; x_wconf 90' lang='lat' dir='ltr'><strong>octo·</strong></span> 
     </span>
     <span class='ocr_line' id='line_1_20' title="bbox 269 2161 1396 2252; baseline 0.007 -26"><span class='ocrx_word' id='word_1_137' title='bbox 269 2161 377 2226; x_wconf 91' lang='lat' dir='ltr'><strong>decim</strong></span> <span class='ocrx_word' id='word_1_138' title='bbox 401 2165 565 2249; x_wconf 90' lang='lat' dir='ltr'><strong>episcopis</strong></span> <span class='ocrx_word' id='word_1_139' title='bbox 588 2174 621 2228; x_wconf 93' lang='lat' dir='ltr'><strong>et</strong></span> <span class='ocrx_word' id='word_1_140' title='bbox 643 2164 794 2249; x_wconf 91' lang='lat' dir='ltr'><strong>pluribus</strong></span> <span class='ocrx_word' id='word_1_141' title='bbox 817 2164 996 2231; x_wconf 85' lang='lat' dir='ltr'><strong>abbatibus</strong></span> <span class='ocrx_word' id='word_1_142' title='bbox 1020 2166 1166 2231; x_wconf 91' lang='lat' dir='ltr'><strong>Divione</strong></span> <span class='ocrx_word' id='word_1_143' title='bbox 1190 2166 1313 2232; x_wconf 86' lang='lat' dir='ltr'><strong>habuit</strong></span> <span class='ocrx_word' id='word_1_144' title='bbox 1346 2191 1396 2252; x_wconf 88' lang='lat' dir='ltr'><strong>sy·</strong></span> 
     </span>
     <span class='ocr_line' id='line_1_21' title="bbox 268 2260 1396 2352; baseline 0.007 -29"><span class='ocrx_word' id='word_1_145' title='bbox 268 2260 403 2342; x_wconf 91' lang='lat' dir='ltr'><strong>nodum,</strong></span> <span class='ocrx_word' id='word_1_146' title='bbox 429 2271 466 2324; x_wconf 89' lang='lat' dir='ltr'><strong>ut</strong></span> <span class='ocrx_word' id='word_1_147' title='bbox 489 2261 530 2326; x_wconf 91' lang='lat' dir='ltr'><strong>de</strong></span> <span class='ocrx_word' id='word_1_148' title='bbox 555 2285 655 2326; x_wconf 88' lang='lat' dir='ltr'><strong>causa</strong></span> <span class='ocrx_word' id='word_1_149' title='bbox 678 2265 766 2348; x_wconf 87' lang='lat' dir='ltr'><strong>regis</strong></span> <span class='ocrx_word' id='word_1_150' title='bbox 789 2285 828 2327; x_wconf 88' lang='lat' dir='ltr'><strong>ac</strong></span> <span class='ocrx_word' id='word_1_151' title='bbox 852 2263 893 2328; x_wconf 92' lang='lat' dir='ltr'><strong>de</strong></span> <span class='ocrx_word' id='word_1_152' title='bbox 909 2264 1086 2329; x_wconf 90' lang='lat' dir='ltr'><strong>interdicto</strong></span> <span class='ocrx_word' id='word_1_153' title='bbox 1102 2264 1308 2350; x_wconf 85' lang='lat' dir='ltr'><strong>publicando</strong></span> <span class='ocrx_word' id='word_1_154' title='bbox 1323 2267 1396 2352; x_wconf 88' lang='lat' dir='ltr'><strong>jam</strong></span> 
     </span>
     <span class='ocr_line' id='line_1_22' title="bbox 268 2357 1397 2446; baseline 0.007 -25"><span class='ocrx_word' id='word_1_155' title='bbox 268 2357 437 2422; x_wconf 87' lang='lat' dir='ltr'><strong>efficacius</strong></span> <span class='ocrx_word' id='word_1_156' title='bbox 467 2370 629 2444; x_wconf 83' lang='lat' dir='ltr'><strong>ageretur.</strong></span> <span class='ocrx_word' id='word_1_157' title='bbox 675 2361 748 2424; x_wconf 83' lang='lat' dir='ltr'><strong>Rex</strong></span> <span class='ocrx_word' id='word_1_158' title='bbox 778 2361 821 2426; x_wconf 87' lang='lat' dir='ltr'><strong>ad</strong></span> <span class='ocrx_word' id='word_1_159' title='bbox 846 2361 1010 2446; x_wconf 81' lang='lat' dir='ltr'><strong>synodum</strong></span> <span class='ocrx_word' id='word_1_160' title='bbox 1035 2365 1208 2444; x_wconf 90' lang='lat' dir='ltr'><strong>invitatus,</strong></span> <span class='ocrx_word' id='word_1_161' title='bbox 1238 2363 1329 2428; x_wconf 88' lang='lat' dir='ltr'><strong>duos</strong></span> <span class='ocrx_word' id='word_1_162' title='bbox 1355 2366 1397 2429; x_wconf 85' lang='lat' dir='ltr'><strong>ad</strong></span> 
     </span>
     <span class='ocr_line' id='line_1_23' title="bbox 267 2455 1397 2546; baseline 0.007 -28"><span class='ocrx_word' id='word_1_163' title='bbox 267 2477 340 2520; x_wconf 90' lang='lat' dir='ltr'><strong>eam</strong></span> <span class='ocrx_word' id='word_1_164' title='bbox 365 2458 455 2520; x_wconf 87' lang='lat' dir='ltr'><strong>misit</strong></span> <span class='ocrx_word' id='word_1_165' title='bbox 476 2455 611 2543; x_wconf 87' lang='lat' dir='ltr'><strong>legatos,</strong></span> <span class='ocrx_word' id='word_1_166' title='bbox 636 2461 692 2544; x_wconf 93' lang='lat' dir='ltr'><strong>qui</strong></span> <span class='ocrx_word' id='word_1_167' title='bbox 718 2469 831 2523; x_wconf 89' lang='lat' dir='ltr'><strong>contra</strong></span> <span class='ocrx_word' id='word_1_168' title='bbox 855 2459 927 2545; x_wconf 88' lang='lat' dir='ltr'><strong>ejus</strong></span> <span class='ocrx_word' id='word_1_169' title='bbox 950 2460 1082 2525; x_wconf 89' lang='lat' dir='ltr'><strong>decreta</strong></span> <span class='ocrx_word' id='word_1_170' title='bbox 1097 2463 1278 2546; x_wconf 87' lang='lat' dir='ltr'><strong>protestati,</strong></span> <span class='ocrx_word' id='word_1_171' title='bbox 1306 2465 1397 2546; x_wconf 88' lang='lat' dir='ltr'><strong>regis</strong></span> 
     </span>
     <span class='ocr_line' id='line_1_24' title="bbox 266 2554 1395 2648; baseline 0.005 -30"><span class='ocrx_word' id='word_1_172' title='bbox 266 2556 401 2618; x_wconf 91' lang='lat' dir='ltr'><strong>nomine</strong></span> <span class='ocrx_word' id='word_1_173' title='bbox 425 2556 566 2620; x_wconf 88' lang='lat' dir='ltr'><strong>Romam</strong></span> <span class='ocrx_word' id='word_1_174' title='bbox 589 2554 813 2642; x_wconf 87' lang='lat' dir='ltr'><strong>appellarunt.</strong></span> <span class='ocrx_word' id='word_1_175' title='bbox 844 2557 909 2623; x_wconf 89' lang='lat' dir='ltr'><strong>Sed</strong></span> <span class='ocrx_word' id='word_1_176' title='bbox 933 2556 1061 2641; x_wconf 85' lang='lat' dir='ltr'><strong>legatus</strong></span> <span class='ocrx_word' id='word_1_177' title='bbox 1085 2558 1308 2644; x_wconf 88' lang='lat' dir='ltr'><strong>Apostolicus,</strong></span> <span class='ocrx_word' id='word_1_178' title='bbox 1339 2565 1395 2648; x_wconf 88' lang='lat' dir='ltr'><strong>qui</strong></span> 
     </span>
     <span class='ocr_line' id='line_1_25' title="bbox 266 2653 1397 2743; baseline 0.006 -27"><span class='ocrx_word' id='word_1_179' title='bbox 266 2675 287 2716; x_wconf 88' lang='lat' dir='ltr'><strong>a</strong></span> <span class='ocrx_word' id='word_1_180' title='bbox 316 2653 477 2718; x_wconf 89' lang='lat' dir='ltr'><strong>Pontifice</strong></span> <span class='ocrx_word' id='word_1_181' title='bbox 516 2665 691 2740; x_wconf 88' lang='lat' dir='ltr'><strong>acceperat</strong></span> <span class='ocrx_word' id='word_1_182' title='bbox 728 2665 922 2740; x_wconf 90' lang='lat' dir='ltr'><strong>potestatem</strong></span> <span class='ocrx_word' id='word_1_183' title='bbox 960 2659 1147 2742; x_wconf 82' lang='lat' dir='ltr'><strong>exequendi</strong></span> <span class='ocrx_word' id='word_1_184' title='bbox 1175 2657 1397 2743; x_wconf 84' lang='lat' dir='ltr'><strong>Apostolicae</strong></span> 
     </span>
     <span class='ocr_line' id='line_1_26' title="bbox 267 2750 1398 2842; baseline 0.004 -26"><span class='ocrx_word' id='word_1_185' title='bbox 267 2750 362 2816; x_wconf 87' lang='lat' dir='ltr'><strong>Sedis</strong></span> <span class='ocrx_word' id='word_1_186' title='bbox 386 2752 543 2816; x_wconf 87' lang='lat' dir='ltr'><strong>mandata</strong></span> <span class='ocrx_word' id='word_1_187' title='bbox 566 2775 633 2818; x_wconf 91' lang='lat' dir='ltr'><strong>non</strong></span> <span class='ocrx_word' id='word_1_188' title='bbox 658 2753 809 2818; x_wconf 89' lang='lat' dir='ltr'><strong>obstante</strong></span> <span class='ocrx_word' id='word_1_189' title='bbox 832 2754 1054 2839; x_wconf 89' lang='lat' dir='ltr'><strong>appellatione</strong></span> <span class='ocrx_word' id='word_1_190' title='bbox 1076 2777 1297 2842; x_wconf 87' lang='lat' dir='ltr'><strong>quacumque,</strong></span> <span class='ocrx_word' id='word_1_191' title='bbox 1334 2771 1398 2822; x_wconf 85' lang='lat' dir='ltr'><strong>sta-</strong></span> 
     </span>
     <span class='ocr_line' id='line_1_27' title="bbox 265 2850 1397 2936; baseline 0.009 -24"><span class='ocrx_word' id='word_1_192' title='bbox 265 2852 338 2930; x_wconf 93' lang='lat' dir='ltr'><strong>tuit,</strong></span> <span class='ocrx_word' id='word_1_193' title='bbox 364 2859 400 2912; x_wconf 90' lang='lat' dir='ltr'><strong>ut</strong></span> <span class='ocrx_word' id='word_1_194' title='bbox 423 2851 542 2935; x_wconf 86' lang='lat' dir='ltr'><strong>viginti</strong></span> <span class='ocrx_word' id='word_1_195' title='bbox 568 2850 686 2915; x_wconf 90' lang='lat' dir='ltr'><strong>diebus</strong></span> <span class='ocrx_word' id='word_1_196' title='bbox 709 2861 783 2936; x_wconf 93' lang='lat' dir='ltr'><strong>post</strong></span> <span class='ocrx_word' id='word_1_197' title='bbox 804 2851 887 2915; x_wconf 87' lang='lat' dir='ltr'><strong>festa</strong></span> <span class='ocrx_word' id='word_1_198' title='bbox 911 2852 1104 2918; x_wconf 76' lang='lat' dir='ltr'><strong>Natiuitatis</strong></span> <span class='ocrx_word' id='word_1_199' title='bbox 1129 2856 1162 2918; x_wconf 93' lang='lat' dir='ltr'><strong>in</strong></span> <span class='ocrx_word' id='word_1_200' title='bbox 1186 2853 1288 2919; x_wconf 88' lang='lat' dir='ltr'><strong>altero</strong></span> <span class='ocrx_word' id='word_1_201' title='bbox 1318 2879 1397 2922; x_wconf 91' lang='lat' dir='ltr'><strong>con-</strong></span> 
     </span>
     <span class='ocr_line' id='line_1_28' title="bbox 266 2946 1395 3036; baseline 0.012 -28"><span class='ocrx_word' id='word_1_202' title='bbox 266 2956 369 3012; x_wconf 89' lang='lat' dir='ltr'><strong>ventu</strong></span> <span class='ocrx_word' id='word_1_203' title='bbox 399 2946 565 3031; x_wconf 89' lang='lat' dir='ltr'><strong>habendo,</strong></span> <span class='ocrx_word' id='word_1_204' title='bbox 596 2951 630 3013; x_wconf 86' lang='lat' dir='ltr'><strong>vi</strong></span> <span class='ocrx_word' id='word_1_205' title='bbox 656 2949 862 3014; x_wconf 88' lang='lat' dir='ltr'><strong>decretorum</strong></span> <span class='ocrx_word' id='word_1_206' title='bbox 888 2950 1006 3035; x_wconf 81' lang='lat' dir='ltr'><strong>synodi</strong></span> <span class='ocrx_word' id='word_1_207' title='bbox 1031 2953 1257 3036; x_wconf 88' lang='lat' dir='ltr'><strong>Divoniensis,</strong></span> <span class='ocrx_word' id='word_1_208' title='bbox 1289 2955 1395 3021; x_wconf 87' lang='lat' dir='ltr'><strong>inter-</strong></span> 
     </span>
     <span class='ocr_line' id='line_1_29' title="bbox 266 3045 1396 3137; baseline 0.006 -27"><span class='ocrx_word' id='word_1_209' title='bbox 266 3045 354 3110; x_wconf 86' lang='lat' dir='ltr'><strong>dicto</strong></span> <span class='ocrx_word' id='word_1_210' title='bbox 393 3067 532 3130; x_wconf 88' lang='lat' dir='ltr'><strong>regnum</strong></span> <span class='ocrx_word' id='word_1_211' title='bbox 572 3047 799 3134; x_wconf 86' lang='lat' dir='ltr'><strong>subjiceretur.</strong></span> <span class='ocrx_word' id='word_1_212' title='bbox 856 3050 967 3130; x_wconf 78' lang='lat' dir='ltr'><strong>Quum</strong></span> <span class='ocrx_word' id='word_1_213' title='bbox 997 3049 1172 3137; x_wconf 90' lang='lat' dir='ltr'><strong>Philippus</strong></span> <span class='ocrx_word' id='word_1_214' title='bbox 1211 3053 1245 3115; x_wconf 90' lang='lat' dir='ltr'><strong>in</strong></span> <span class='ocrx_word' id='word_1_215' title='bbox 1284 3073 1396 3137; x_wconf 84' lang='lat' dir='ltr'><strong>prave</strong></span> 
     </span>
     <span class='ocr_line' id='line_1_30' title="bbox 266 3145 1397 3231; baseline 0.011 -25"><span class='ocrx_word' id='word_1_216' title='bbox 266 3145 391 3228; x_wconf 89' lang='lat' dir='ltr'><strong>coeptis</strong></span> <span class='ocrx_word' id='word_1_217' title='bbox 421 3147 575 3229; x_wconf 87' lang='lat' dir='ltr'><strong>pertinax</strong></span> <span class='ocrx_word' id='word_1_218' title='bbox 607 3147 804 3231; x_wconf 90' lang='lat' dir='ltr'><strong>persisteret,</strong></span> <span class='ocrx_word' id='word_1_219' title='bbox 844 3147 898 3211; x_wconf 92' lang='lat' dir='ltr'><strong>die</strong></span> <span class='ocrx_word' id='word_1_220' title='bbox 930 3149 988 3212; x_wconf 87' lang='lat'><strong>14⁰</strong></span> <span class='ocrx_word' id='word_1_221' title='bbox 1011 3147 1164 3214; x_wconf 86' lang='lat' dir='ltr'><strong>Januarii</strong></span> <span class='ocrx_word' id='word_1_222' title='bbox 1193 3151 1273 3214; x_wconf 90' lang='lat' dir='ltr'><strong>anni</strong></span> <span class='ocrx_word' id='word_1_223' title='bbox 1302 3153 1397 3217; x_wconf 75' lang='lat'>1200</span> 
     </span>
     <span class='ocr_line' id='line_1_31' title="bbox 265 3241 1394 3331; baseline 0.006 -26"><span class='ocrx_word' id='word_1_224' title='bbox 265 3241 426 3324; x_wconf 86' lang='lat' dir='ltr'><strong>Viennae,</strong></span> <span class='ocrx_word' id='word_1_225' title='bbox 458 3245 492 3307; x_wconf 92' lang='lat' dir='ltr'><strong>in</strong></span> <span class='ocrx_word' id='word_1_226' title='bbox 518 3242 643 3308; x_wconf 91' lang='lat' dir='ltr'><strong>ditione</strong></span> <span class='ocrx_word' id='word_1_227' title='bbox 667 3245 814 3329; x_wconf 89' lang='lat' dir='ltr'><strong>Imperii,</strong></span> <span class='ocrx_word' id='word_1_228' title='bbox 844 3266 931 3310; x_wconf 88' lang='lat' dir='ltr'><strong>nova</strong></span> <span class='ocrx_word' id='word_1_229' title='bbox 955 3246 1103 3329; x_wconf 88' lang='lat' dir='ltr'><strong>synodus</strong></span> <span class='ocrx_word' id='word_1_230' title='bbox 1127 3245 1243 3311; x_wconf 88' lang='lat' dir='ltr'><strong>habita</strong></span> <span class='ocrx_word' id='word_1_231' title='bbox 1267 3260 1331 3331; x_wconf 89' lang='lat' dir='ltr'><strong>est,</strong></span> <span class='ocrx_word' id='word_1_232' title='bbox 1361 3255 1394 3314; x_wconf 92' lang='lat' dir='ltr'><strong>in</strong></span> 
     </span>
     <span class='ocr_line' id='line_1_32' title="bbox 265 3339 1396 3432; baseline 0.008 -29"><span class='ocrx_word' id='word_1_233' title='bbox 265 3361 331 3425; x_wconf 89' lang='lat' dir='ltr'><strong>qua</strong></span> <span class='ocrx_word' id='word_1_234' title='bbox 358 3339 721 3423; x_wconf 63' lang='lat' dir='ltr'><strong>legatusunterdiotum</strong></span> <span class='ocrx_word' id='word_1_235' title='bbox 750 3341 949 3425; x_wconf 83' lang='lat' dir='ltr'><strong>fulminavit,</strong></span> <span class='ocrx_word' id='word_1_236' title='bbox 981 3345 1069 3429; x_wconf 91' lang='lat' dir='ltr'><strong>quod</strong></span> <span class='ocrx_word' id='word_1_237' title='bbox 1099 3347 1198 3408; x_wconf 89' lang='lat' dir='ltr'><strong>tertia</strong></span> <span class='ocrx_word' id='word_1_238' title='bbox 1228 3345 1284 3409; x_wconf 91' lang='lat' dir='ltr'><strong>die</strong></span> <span class='ocrx_word' id='word_1_239' title='bbox 1318 3360 1396 3432; x_wconf 82' lang='lat' dir='ltr'><strong>post</strong></span> 
     </span>
     <span class='ocr_line' id='line_1_33' title="bbox 264 3439 1394 3528; baseline 0.008 -26"><span class='ocrx_word' id='word_1_240' title='bbox 264 3439 383 3502; x_wconf 90' lang='lat' dir='ltr'><strong>festum</strong></span> <span class='ocrx_word' id='word_1_241' title='bbox 406 3439 652 3505; x_wconf 88' lang='lat' dir='ltr'><strong>Purificationis</strong></span> <span class='ocrx_word' id='word_1_242' title='bbox 682 3441 721 3505; x_wconf 92' lang='lat' dir='ltr'><strong>B.</strong></span> <span class='ocrx_word' id='word_1_243' title='bbox 745 3441 790 3508; x_wconf 81' lang='lat' dir='ltr'><strong>M.</strong></span> <span class='ocrx_word' id='word_1_244' title='bbox 816 3441 856 3504; x_wconf 93' lang='lat' dir='ltr'><strong>V.</strong></span> <span class='ocrx_word' id='word_1_245' title='bbox 893 3441 937 3506; x_wconf 89' lang='lat' dir='ltr'><strong>ad</strong></span> <span class='ocrx_word' id='word_1_246' title='bbox 961 3442 1114 3506; x_wconf 84' lang='lat' dir='ltr'><strong>effectum</strong></span> <span class='ocrx_word' id='word_1_247' title='bbox 1139 3443 1394 3528; x_wconf 86' lang='lat' dir='ltr'><strong>perduceretur.</strong></span> 
     </span>
     <span class='ocr_line' id='line_1_34' title="bbox 264 3535 1393 3626; baseline 0.008 -25"><span class='ocrx_word' id='word_1_248' title='bbox 264 3535 311 3601; x_wconf 92' lang='lat' dir='ltr'><strong>Ut</strong></span> <span class='ocrx_word' id='word_1_249' title='bbox 339 3559 417 3601; x_wconf 88' lang='lat' dir='ltr'><strong>vero</strong></span> <span class='ocrx_word' id='word_1_250' title='bbox 447 3537 573 3603; x_wconf 88' lang='lat' dir='ltr'><strong>indoles</strong></span> <span class='ocrx_word' id='word_1_251' title='bbox 601 3538 769 3604; x_wconf 86' lang='lat' dir='ltr'><strong>interdicti</strong></span> <span class='ocrx_word' id='word_1_252' title='bbox 807 3543 1038 3626; x_wconf 89' lang='lat' dir='ltr'><strong>conspiciatur,</strong></span> <span class='ocrx_word' id='word_1_253' title='bbox 1078 3541 1170 3605; x_wconf 93' lang='lat' dir='ltr'><strong>hisce</strong></span> <span class='ocrx_word' id='word_1_254' title='bbox 1209 3541 1393 3610; x_wconf 86' lang='lat' dir='ltr'><strong>formulam</strong></span> 
     </span>
     <span class='ocr_line' id='line_1_35' title="bbox 263 3633 923 3724; baseline 0.011 -26"><span class='ocrx_word' id='word_1_255' title='bbox 263 3633 363 3721; x_wconf 88' lang='lat' dir='ltr'><strong>hujus</strong></span> <span class='ocrx_word' id='word_1_256' title='bbox 387 3656 546 3700; x_wconf 89' lang='lat' dir='ltr'><strong>censurae</strong></span> <span class='ocrx_word' id='word_1_257' title='bbox 569 3636 673 3702; x_wconf 90' lang='lat' dir='ltr'><strong>oculis</strong></span> <span class='ocrx_word' id='word_1_258' title='bbox 697 3637 923 3724; x_wconf 90' lang='lat' dir='ltr'><strong>subjiciamus.</strong></span> 
     </span>
    </p>

    <p class='ocr_par' dir='ltr' id='par_1_4' title="bbox 263 3732 1393 4022">
     <span class='ocr_line' id='line_1_36' title="bbox 353 3732 1393 3823; baseline 0.009 -26"><span class='ocrx_word' id='word_1_259' title='bbox 353 3732 405 3800; x_wconf 80' lang='lat'><strong>35.</strong></span> <span class='ocrx_word' id='word_1_260' title='bbox 433 3733 578 3818; x_wconf 83' lang='lat' dir='ltr'><strong>„Omnes</strong></span> <span class='ocrx_word' id='word_1_261' title='bbox 601 3735 759 3808; x_wconf 84' lang='lat' dir='ltr'><strong>ecclesiae</strong></span> <span class='ocrx_word' id='word_1_262' title='bbox 783 3739 850 3801; x_wconf 90' lang='lat' dir='ltr'><strong>sint</strong></span> <span class='ocrx_word' id='word_1_263' title='bbox 872 3735 1013 3817; x_wconf 87' lang='lat' dir='ltr'><strong>clausae,</strong></span> <span class='ocrx_word' id='word_1_264' title='bbox 1038 3759 1099 3801; x_wconf 91' lang='lat' dir='ltr'><strong>nec</strong></span> <span class='ocrx_word' id='word_1_265' title='bbox 1123 3736 1242 3823; x_wconf 88' lang='lat' dir='ltr'><strong>aliquis</strong></span> <span class='ocrx_word' id='word_1_266' title='bbox 1267 3739 1393 3805; x_wconf 87' lang='lat' dir='ltr'><strong>admit-</strong></span> 
     </span>
     <span class='ocr_line' id='line_1_37' title="bbox 263 3833 1393 3922; baseline 0.01 -28"><span class='ocrx_word' id='word_1_267' title='bbox 263 3840 352 3895; x_wconf 86' lang='lat' dir='ltr'><strong>tatur</strong></span> <span class='ocrx_word' id='word_1_268' title='bbox 374 3833 409 3897; x_wconf 93' lang='lat' dir='ltr'><strong>in</strong></span> <span class='ocrx_word' id='word_1_269' title='bbox 434 3833 481 3896; x_wconf 92' lang='lat' dir='ltr'><strong>eis</strong></span> <span class='ocrx_word' id='word_1_270' title='bbox 505 3835 568 3898; x_wconf 92' lang='lat' dir='ltr'><strong>nisi</strong></span> <span class='ocrx_word' id='word_1_271' title='bbox 592 3833 635 3897; x_wconf 88' lang='lat' dir='ltr'><strong>ad</strong></span> <span class='ocrx_word' id='word_1_272' title='bbox 654 3833 810 3919; x_wconf 83' lang='lat' dir='ltr'><strong>parvulos</strong></span> <span class='ocrx_word' id='word_1_273' title='bbox 834 3835 1061 3920; x_wconf 86' lang='lat' dir='ltr'><strong>baptizandos,</strong></span> <span class='ocrx_word' id='word_1_274' title='bbox 1092 3858 1152 3900; x_wconf 91' lang='lat' dir='ltr'><strong>nec</strong></span> <span class='ocrx_word' id='word_1_275' title='bbox 1175 3835 1393 3922; x_wconf 87' lang='lat' dir='ltr'><strong>aliquotenus</strong></span> 
     </span>
     <span class='ocr_line' id='line_1_38' title="bbox 263 3931 1391 4022; baseline 0.01 -31"><span class='ocrx_word' id='word_1_276' title='bbox 263 3931 464 4013; x_wconf 85' lang='lat' dir='ltr'><strong>aperiantur,</strong></span> <span class='ocrx_word' id='word_1_277' title='bbox 497 3933 560 3996; x_wconf 90' lang='lat' dir='ltr'><strong>nisi</strong></span> <span class='ocrx_word' id='word_1_278' title='bbox 584 3953 644 4017; x_wconf 92' lang='lat' dir='ltr'><strong>pro</strong></span> <span class='ocrx_word' id='word_1_279' title='bbox 668 3931 888 3998; x_wconf 89' lang='lat' dir='ltr'><strong>luminaribus</strong></span> <span class='ocrx_word' id='word_1_280' title='bbox 910 3933 1142 4016; x_wconf 85' lang='lat' dir='ltr'><strong>accendendis,</strong></span> <span class='ocrx_word' id='word_1_281' title='bbox 1171 3933 1224 3998; x_wconf 87' lang='lat' dir='ltr'><strong>vel</strong></span> <span class='ocrx_word' id='word_1_282' title='bbox 1249 3938 1391 4022; x_wconf 87' lang='lat' dir='ltr'><strong>qnando</strong></span> 
     </span>
    </p>
   </div>
   <div class='ocr_carea' id='block_1_4' title="bbox 262 4079 1392 4312">
    <p class='ocr_par' dir='ltr' id='par_1_5' title="bbox 262 4079 1392 4312">
     <span class='ocr_line' id='line_1_39' title="bbox 338 4079 1392 4152; baseline 0.009 -20"><span class='ocrx_word' id='word_1_283' title='bbox 338 4079 357 4148; x_wconf 85' lang='lat'><strong>¹)</strong></span> <span class='ocrx_word' id='word_1_284' title='bbox 377 4079 431 4133; x_wconf 80' lang='lat' dir='ltr'><strong>Cir.</strong></span> <span class='ocrx_word' id='word_1_285' title='bbox 451 4095 509 4148; x_wconf 92' lang='lat' dir='ltr'><strong>epp.</strong></span> <span class='ocrx_word' id='word_1_286' title='bbox 539 4081 573 4134; x_wconf 87' lang='lat' dir='ltr'><strong>ad</strong></span> <span class='ocrx_word' id='word_1_287' title='bbox 593 4080 719 4152; x_wconf 89' lang='lat' dir='ltr'><strong>Philipp,</strong></span> <span class='ocrx_word' id='word_1_288' title='bbox 746 4083 927 4152; x_wconf 86' lang='lat' dir='ltr'><strong>epp.1nnoc.,</strong></span> <span class='ocrx_word' id='word_1_289' title='bbox 953 4084 975 4138; x_wconf 93' lang='lat' dir='ltr'><strong>I.</strong></span> <span class='ocrx_word' id='word_1_290' title='bbox 999 4084 1060 4150; x_wconf 78' lang='lat'><strong>348,</strong></span> <span class='ocrx_word' id='word_1_291' title='bbox 1086 4084 1120 4138; x_wconf 84' lang='lat' dir='ltr'><strong>ad</strong></span> <span class='ocrx_word' id='word_1_292' title='bbox 1138 4083 1251 4140; x_wconf 87' lang='lat' dir='ltr'><strong>Petrum</strong></span> <span class='ocrx_word' id='word_1_293' title='bbox 1271 4086 1355 4144; x_wconf 82' lang='lat' dir='ltr'><strong>Card.</strong></span> <span class='ocrx_word' id='word_1_294' title='bbox 1379 4091 1392 4142; x_wconf 89' lang='lat' dir='ltr'><strong>l</strong></span> 
     </span>
     <span class='ocr_line' id='line_1_40' title="bbox 262 4158 1391 4232; baseline 0.008 -18"><span class='ocrx_word' id='word_1_295' title='bbox 262 4159 324 4223; x_wconf 72' lang='lat'><strong>347,</strong></span> <span class='ocrx_word' id='word_1_296' title='bbox 351 4159 385 4212; x_wconf 85' lang='lat' dir='ltr'><strong>ad</strong></span> <span class='ocrx_word' id='word_1_297' title='bbox 405 4158 512 4214; x_wconf 89' lang='lat' dir='ltr'><strong>Clerum</strong></span> <span class='ocrx_word' id='word_1_298' title='bbox 532 4160 638 4216; x_wconf 81' lang='lat' dir='ltr'><strong>Galliae</strong></span> <span class='ocrx_word' id='word_1_299' title='bbox 656 4163 693 4218; x_wconf 87' lang='lat'><strong>11.</strong></span> <span class='ocrx_word' id='word_1_300' title='bbox 714 4163 773 4219; x_wconf 82' lang='lat'><strong>197.</strong></span> <span class='ocrx_word' id='word_1_301' title='bbox 811 4163 886 4218; x_wconf 86' lang='lat' dir='ltr'><strong>Haec</strong></span> <span class='ocrx_word' id='word_1_302' title='bbox 910 4163 988 4232; x_wconf 82' lang='lat' dir='ltr'><strong>epist</strong></span> <span class='ocrx_word' id='word_1_303' title='bbox 1008 4165 1073 4218; x_wconf 82' lang='lat' dir='ltr'><strong>dete</strong></span> <span class='ocrx_word' id='word_1_304' title='bbox 1091 4170 1133 4218; x_wconf 89' lang='lat' dir='ltr'><strong>est</strong></span> <span class='ocrx_word' id='word_1_305' title='bbox 1151 4179 1242 4220; x_wconf 87' lang='lat' dir='ltr'><strong>mense</strong></span> <span class='ocrx_word' id='word_1_306' title='bbox 1261 4166 1325 4224; x_wconf 86' lang='lat' dir='ltr'><strong>Oct.</strong></span> <span class='ocrx_word' id='word_1_307' title='bbox 1345 4183 1391 4224; x_wconf 80' lang='lat' dir='ltr'><strong>cn.</strong></span> 
     </span>
     <span class='ocr_line' id='line_1_41' title="bbox 262 4239 806 4312; baseline 0.011 -18"><span class='ocrx_word' id='word_1_308' title='bbox 262 4239 340 4294; x_wconf 83' lang='lat'><strong>1199.</strong></span> <span class='ocrx_word' id='word_1_309' title='bbox 378 4239 431 4294; x_wconf 81' lang='lat' dir='ltr'><strong>cn.</strong></span> <span class='ocrx_word' id='word_1_310' title='bbox 452 4240 588 4308; x_wconf 84' lang='lat' dir='ltr'><strong>Potthsst,</strong></span> <span class='ocrx_word' id='word_1_311' title='bbox 606 4242 728 4312; x_wconf 84' lang='lat' dir='ltr'><strong>Regesta</strong></span> <span class='ocrx_word' id='word_1_312' title='bbox 745 4243 806 4300; x_wconf 77' lang='lat'><strong>855.</strong></span> 
     </span>
    </p>
   </div>
   <div class='ocr_carea' id='block_1_5' title="bbox 0 0 1418 4842">
    <p class='ocr_par' dir='ltr' id='par_1_6' title="bbox 0 0 1418 4842">
     <span class='ocr_line' id='line_1_42' title="bbox 0 0 1418 4842; baseline 0 3"><span class='ocrx_word' id='word_1_313' title='bbox 0 0 1418 4842; x_wconf 95' lang='lat' dir='ltr'><strong> </strong></span> 
     </span>
    </p>
   </div>
  </div>
 </body>
</html>
