2836 4848
228 481 267 535 De
285 481 312 535 ri
330 481 454 535 coactiva
472 478 610 534 Ecclesiae
628 481 657 534 in
676 479 833 535 haereticos.
1050 481 1103 535 363

22 643 90 708 quum
111 621 265 689 bellarent
294 632 409 688 contm
432 625 569 688 comites
603 623 644 687 de
668 623 797 687 haeresi
828 623 883 688 vel
915 623 956 688 de
987 623 1102 688 favore

21 719 221 786 ubacreticos
243 731 429 807 suspectos3
454 720 512 784 sed
535 741 578 785 no
601 720 706 806 liquet
720 721 865 806 quidem,
890 734 1002 788 utrum
1027 721 1102 788 illae

19 820 209 885 accusationes
223 820 478 885 fundamentum
492 817 682 884 habuerint.
711 819 785 883 Non
801 843 961 904 negamus
980 833 1101 904 umen,

18 915 110 1000 sliquos
131 940 172 981 ex
195 918 385 1003 proceribus
416 918 573 981 cruciatis
597 916 831 981 vexationibus
853 917 970 982 aliisve
994 941 1103 984 exces-

17 1012 80 1077 sibus
99 1014 278 1102 deliquisse.
296 1053 339 1063 —
362 1013 525 1079 Catholici
550 1014 683 1095 milites,
707 1036 810 1099 quum
835 1015 1018 1081 haereticos
1043 1017 1102 1082 Oa·

17 1109 95 1174 barus
115 1113 282 1179 audissent
305 1112 437 1178 diabolo
462 1113 611 1177 universi
629 1114 829 1176 creationem
847 1113 1046 1196 adscribere,
1071 1127 1104 1180 et

15 1206 207 1275 iquristum
229 1235 268 1276 ac
291 1211 330 1276 B.
355 1210 529 1294 Virginem
564 1231 635 1274 esse
659 1208 880 1295 blasphemos,
910 1233 1012 1298 quum
1037 1212 1103 1279 bel-

16 1303 61 1369 lun
86 1320 194 1374 contra
225 1333 279 1375 eos
310 1320 343 1374 et
374 1309 646 1394 exstirpationem
681 1307 920 1373 obstinatorum
954 1322 990 1374 ut
1021 1333 1103 1397 opus

13 1418 129 1471 unctum
159 1407 332 1490 haberent,
367 1406 484 1470 ardore
517 1406 662 1492 quodam
695 1428 788 1470 sacro
812 1406 1013 1491 ferebantur,
1046 1413 1102 1496 qui

14 1505 104 1584 pasin
139 1507 393 1592 intempestivus
438 1503 512 1569 fuit.
570 1503 621 1567 Ac
668 1504 733 1567 viri
780 1503 912 1589 praeliis
952 1527 993 1569 ao
1032 1528 1103 1572 san·

13 1602 80 1682 guini
101 1607 221 1669 assueti
245 1607 324 1669 satis
348 1603 552 1688 distinguere
584 1623 651 1666 non
680 1611 833 1687 poterant
861 1605 966 1667 animi
989 1628 1104 1671 sensus

13 1698 50 1778 qui
74 1703 325 1781 conveniebant,
357 1699 400 1765 ab
433 1702 474 1764 iis
506 1698 683 1764 affectibus
713 1701 770 1786 qui
795 1702 904 1766 minus
931 1703 1103 1770 decebant.

13 1789 180 1864 Gaudebant
205 1801 238 1864 in
265 1800 417 1863 victoriis
439 1799 624 1888 reportatis,
648 1798 682 1861 in
706 1799 834 1862 arcium
846 1804 1104 1884 expugnatione,

13 1889 212 1962 iubaercseos
234 1898 452 1983 repressione,
477 1919 496 1959 a
520 1917 586 1981 qua
611 1895 806 1960 dimanabat
829 1897 905 1961 fidei
931 1921 1104 1963 conserva·

13 1989 51 2052 11'0.
88 1991 195 2072 Quum
221 2018 300 2060 vero
325 1994 493 2059 interdum
517 1993 672 2057 viderent
687 1992 907 2060 Catharorum
930 1997 1103 2082 perfectos,

11 2097 61 2170 post
79 2095 200 2157 arcium
225 2085 510 2180 expugnationem
534 2093 695 2176 captivos,
728 2114 795 2156 non
819 2093 971 2158 obstante
994 2095 1105 2160 admo-

11 2183 106 2254 uitione
133 2204 165 2256 et
188 2193 440 2280 praedicatione
455 2189 645 2277 praesulum
670 2192 704 2255 iu
729 2192 950 2256 obstinatione
973 2217 1013 2258 ac
1035 2207 1106 2279 per·-
1138 2279 1140 2284 Α

12 2279 82 2350 tomi
102 2291 239 2374 perfidia
265 2291 467 2372 obfirmatos,
499 2291 620 2352 mirum
650 2299 799 2371 nonest,
833 2290 922 2375 quod
945 2313 1001 2355 eos
1024 2301 1105 2356 tunc

12 2380 143 2469 &uuquam
167 2389 323 2454 homiues
344 2386 567 2453 daemonibus
590 2385 714 2450 similes
728 2386 845 2450 ardore
862 2387 1006 2473 quodam
1030 2391 1106 2452 affe·

12 2483 86 2546 tarint
114 2485 236 2552 ultimo
270 2485 444 2572 supplicio,
476 2506 578 2571 quum
608 2484 674 2548 hac
700 2486 828 2549 ratione
856 2489 1107 2570 perversissima

11 2565 118 2647 heresis
140 2587 391 2670 exstirparetur.
440 2580 614 2646 Caeterum
626 2581 699 2667 jam
717 2582 874 2664 diximus,
899 2585 926 2648 si
950 2605 994 2648 ex
1017 2593 1104 2650 utra·

12 2687 52 2754 lut
69 2691 153 2762 parte
186 2684 332 2748 ferocius
361 2701 602 2765 nonnunquam
633 2689 744 2743 actum
769 2689 819 2744 est
842 2692 874 2744 et
897 2680 1104 2763 dimicatum,

13 2771 114 2843 bulbum
137 2801 272 2868 quoque
295 2777 512 2842 tribuendum
548 2799 618 2842 esse
648 2775 840 2842 rudioribus
868 2781 986 2844 aetatis
1016 2779 1105 2844 illius

13 2873 121 2941 'turibus
143 2881 178 2944 in
202 2877 351 2964 gerendo
376 2875 474 2957 bello,
505 2886 536 2939 ct
561 2877 729 2940 aversioni
753 2876 913 2941 nationali
937 2879 1023 2941 inter
1047 2879 1105 2942 mi-

13 2958 59 3037 its
78 2975 218 3042 Francos
243 2972 529 3060 septentrionales,
554 2983 588 3036 et
610 2971 739 3038 Galliae
764 2972 988 3039 meridionalis
1013 2975 1104 3040 habi·

13 3072 105 3136 fibras.

73 3171 120 3237 58.
143 3171 229 3237 illae
253 3180 418 3256 postremo
443 3170 686 3254 dispositiones,
706 3169 805 3254 juxta
829 3191 911 3256 quas
933 3169 1102 3256 Raymun·
1121 3199 1259 3248 rasponus-

13 3253 51 3324 ln
68 3267 180 3356 aliique
207 3270 346 3333 comites
377 3268 550 3332 territoriis
578 3267 647 3331 suis
670 3266 800 3352 spoliati
824 3279 911 3349 sunt,
944 3271 1023 3332 satis
1046 3265 1274 3375 θι-Πῖῗωῗζζῗω

13 3355 137 3520 &entur
158 3390 203 3431 ex
224 3367 301 3452 jure
324 3363 412 3446 belli,
437 3387 479 3429 ex
497 3364 574 3450 jure
599 3364 755 3429 servandi
770 3363 965 3450 religionem
990 3367 1100 3432 catho-
1155 3387 1232 3426 'uoton-

56 3483 88 3540 n,
109 3477 139 3528 et
160 3487 207 3528 ex
232 3461 364 3547 legibus
387 3472 502 3528 conus
521 3463 666 3527 fautores
681 3462 935 3546 baereticorum,
960 3487 1101 3550 quarum

14 3545 114 3624 binus
135 3562 351 3626 mentionem.
402 3561 479 3626 dam
504 3581 592 3625 anno
612 3561 698 3624 1184
722 3562 757 3624 in
781 3559 901 3627 Edicto
926 3561 1015 3647 quod
1039 3562 1102 3627 Vc-

14 3665 83 3718 unae
103 3658 227 3724 Lucius
249 3659 302 3723 III
335 3680 410 3722 curn
436 3679 599 3722 consensu
623 3657 787 3723 Friderici
811 3659 828 3720 I
852 3669 967 3723 contra
990 3659 1102 3724 haere·

15 3747 69 3815 boos
87 3766 115 3820 et
134 3758 316 3844 praecipue
341 3765 456 3820 contra
481 3753 644 3820 Catharos
668 3757 832 3838 emiserat,
858 3758 893 3820 in
916 3768 1103 3843 receptores

15 3851 172 3922 canores
196 3857 441 3921 haereticorum
473 3853 652 3918 anathema
675 3866 747 3919 erat
769 3855 1037 3939 pronunciatum,
1071 3869 1104 3920 et

16 3958 106 4026 psum
133 3956 166 4020 in
191 3953 257 4019 illis
285 3963 438 4018 statutae.
493 3949 673 4037 Speciatim
706 3954 739 4016 in
772 3955 918 4034 comites,
950 3952 1101 4038 barones,

16 4041 149 4116 ciuitatum
173 4053 327 4118 consules
362 4051 577 4115 constitutum
602 4060 682 4130 erat,
715 4061 750 4114 ut
773 4051 801 4114 si
825 4049 953 4115 haeresi
978 4073 1044 4116 uon
1068 4075 1103 4116 se

18 4157 186 4233 lppouerent,
210 4151 327 4215 bonore
344 4170 432 4234 quem
449 4147 591 4212 obtinent
607 4148 784 4235 spolientur
807 4159 837 4212 et
860 4148 905 4212 cd
928 4148 1010 4214 alios
1033 4149 1103 4213 aad·

19 4229 106 4305 iluna
126 4257 338 4324 maculantur,
364 4247 409 4310 cia
431 4245 635 4309 nibilominus
659 4247 977 4311 excommunicatione
1001 4245 1102 4334 lipara·
