<?xml version="1.0" encoding="UTF-8"?>
<!DOCTYPE html PUBLIC "-//W3C//DTD XHTML 1.0 Transitional//EN"
    "http://www.w3.org/TR/xhtml1/DTD/xhtml1-transitional.dtd">
<html xmlns="http://www.w3.org/1999/xhtml" xml:lang="en" lang="en">
 <head>
  <title>
</title>
<meta http-equiv="Content-Type" content="text/html;charset=utf-8" />
  <meta name='ocr-system' content='tesseract 3.04.00' />
  <meta name='ocr-capabilities' content='ocr_page ocr_carea ocr_par ocr_line ocrx_word'/>
</head>
<body>
  <div class='ocr_page' id='page_1' title='image "./dissertationess00junggoog_0442.png"; bbox 0 0 2836 4848; ppageno 0'>
   <div class='ocr_carea' id='block_1_1' title="bbox 249 439 1134 498">
    <p class='ocr_par' dir='ltr' id='par_1_1' title="bbox 249 439 1134 498">
     <span class='ocr_line' id='line_1_1' title="bbox 249 439 1134 498; baseline 0.006 -7"><span class='ocrx_word' id='word_1_1' title='bbox 249 439 338 492; x_wconf 85' lang='lat' dir='ltr'><strong><em>Laeta</em></strong></span> <span class='ocrx_word' id='word_1_2' title='bbox 355 439 486 496; x_wconf 84' lang='lat' dir='ltr'><strong><em>Friderici</em></strong></span> <span class='ocrx_word' id='word_1_3' title='bbox 504 441 534 494; x_wconf 90' lang='lat' dir='ltr'><strong><em>II</em></strong></span> <span class='ocrx_word' id='word_1_4' title='bbox 552 455 611 494; x_wconf 77' lang='lat' dir='ltr'><strong><em>erim</em></strong></span> <span class='ocrx_word' id='word_1_5' title='bbox 631 441 688 496; x_wconf 85' lang='lat' dir='ltr'><strong><em>RB.</em></strong></span> <span class='ocrx_word' id='word_1_6' title='bbox 709 441 892 496; x_wconf 85' lang='lat' dir='ltr'><strong><em>Pontificibus.</em></strong></span> <span class='ocrx_word' id='word_1_7' title='bbox 1081 446 1134 498; x_wconf 77' lang='lat'><strong><em>427</em></strong></span> 
     </span>
    </p>
   </div>
   <div class='ocr_carea' id='block_1_2' title="bbox 15 581 1235 4004">
    <p class='ocr_par' dir='ltr' id='par_1_2' title="bbox 28 581 1135 1432">
     <span class='ocr_line' id='line_1_2' title="bbox 39 581 1134 674; baseline 0.01 -35"><span class='ocrx_word' id='word_1_8' title='bbox 39 583 144 664; x_wconf 81' lang='lat' dir='ltr'><strong><em>inqenio</em></strong></span> <span class='ocrx_word' id='word_1_9' title='bbox 166 593 284 668; x_wconf 77' lang='lat' dir='ltr'><strong><em>tritaque</em></strong></span> <span class='ocrx_word' id='word_1_10' title='bbox 314 581 527 646; x_wconf 81' lang='lat' dir='ltr'><strong><em>sollicitudine</em></strong></span> <span class='ocrx_word' id='word_1_11' title='bbox 554 586 724 663; x_wconf 70' lang='lat' dir='ltr'><strong><em>instantes,</em></strong></span> <span class='ocrx_word' id='word_1_12' title='bbox 757 597 931 672; x_wconf 77' lang='lat' dir='ltr'><strong><em>opportune</em></strong></span> <span class='ocrx_word' id='word_1_13' title='bbox 959 597 989 652; x_wconf 88' lang='lat' dir='ltr'><strong><em>et</em></strong></span> <span class='ocrx_word' id='word_1_14' title='bbox 1019 590 1134 674; x_wconf 85' lang='lat' dir='ltr'><strong><em>impor-</em></strong></span> 
     </span>
     <span class='ocr_line' id='line_1_3' title="bbox 37 680 1135 774; baseline 0.006 -35"><span class='ocrx_word' id='word_1_15' title='bbox 37 691 103 756; x_wconf 82' lang='lat' dir='ltr'><strong><em>tune,</em></strong></span> <span class='ocrx_word' id='word_1_16' title='bbox 135 680 352 758; x_wconf 78' lang='lat' dir='ltr'><strong><em>laboravimus,</em></strong></span> <span class='ocrx_word' id='word_1_17' title='bbox 384 685 418 746; x_wconf 81' lang='lat' dir='ltr'><strong><em>in</em></strong></span> <span class='ocrx_word' id='word_1_18' title='bbox 450 705 565 746; x_wconf 86' lang='lat' dir='ltr'><strong><em>vonum</em></strong></span> <span class='ocrx_word' id='word_1_19' title='bbox 597 692 709 760; x_wconf 87' lang='lat' dir='ltr'><strong><em>tamen,</em></strong></span> <span class='ocrx_word' id='word_1_20' title='bbox 744 683 788 746; x_wconf 86' lang='lat' dir='ltr'><strong><em>ad</em></strong></span> <span class='ocrx_word' id='word_1_21' title='bbox 813 708 924 770; x_wconf 87' lang='lat' dir='ltr'><strong><em>paoem</em></strong></span> <span class='ocrx_word' id='word_1_22' title='bbox 957 685 1135 774; x_wconf 74' lang='lat' dir='ltr'><strong><em>hujusmodi</em></strong></span> 
     </span>
     <span class='ocr_line' id='line_1_4' title="bbox 35 777 1135 867; baseline 0.01 -32"><span class='ocrx_word' id='word_1_23' title='bbox 35 777 223 842; x_wconf 64' lang='lat' dir='ltr'><strong><em>attinendum.</em></strong></span> <span class='ocrx_word' id='word_1_24' title='bbox 276 779 364 843; x_wconf 86' lang='lat' dir='ltr'><strong><em>Unde</em></strong></span> <span class='ocrx_word' id='word_1_25' title='bbox 395 780 509 842; x_wconf 83' lang='lat' dir='ltr'><strong><em>amodo</em></strong></span> <span class='ocrx_word' id='word_1_26' title='bbox 537 803 598 865; x_wconf 86' lang='lat' dir='ltr'><strong><em>per</em></strong></span> <span class='ocrx_word' id='word_1_27' title='bbox 621 803 659 844; x_wconf 88' lang='lat' dir='ltr'><strong><em>ea</em></strong></span> <span class='ocrx_word' id='word_1_28' title='bbox 682 804 761 864; x_wconf 83' lang='lat' dir='ltr'><strong><em>qnae</em></strong></span> <span class='ocrx_word' id='word_1_29' title='bbox 786 793 1039 867; x_wconf 82' lang='lat' dir='ltr'><strong><em>praecesserant,</em></strong></span> <span class='ocrx_word' id='word_1_30' title='bbox 1071 805 1135 846; x_wconf 89' lang='lat' dir='ltr'><strong><em>non</em></strong></span> 
     </span>
     <span class='ocr_line' id='line_1_5' title="bbox 34 879 1133 965; baseline 0.005 -27"><span class='ocrx_word' id='word_1_31' title='bbox 34 901 174 960; x_wconf 79' lang='lat' dir='ltr'><strong><em>speramur</em></strong></span> <span class='ocrx_word' id='word_1_32' title='bbox 191 901 285 964; x_wconf 84' lang='lat' dir='ltr'><strong><em>posse</em></strong></span> <span class='ocrx_word' id='word_1_33' title='bbox 302 879 456 964; x_wconf 82' lang='lat' dir='ltr'><strong><em>proficere</em></strong></span> <span class='ocrx_word' id='word_1_34' title='bbox 479 880 515 940; x_wconf 83' lang='lat' dir='ltr'><strong><em>in</em></strong></span> <span class='ocrx_word' id='word_1_35' title='bbox 531 889 679 942; x_wconf 84' lang='lat' dir='ltr'><strong><em>tractata.</em></strong></span> <span class='ocrx_word' id='word_1_36' title='bbox 688 879 712 965; x_wconf 91' lang='lat'><strong><em>¹)</em></strong></span> <span class='ocrx_word' id='word_1_37' title='bbox 746 881 837 943; x_wconf 91' lang='lat' dir='ltr'><strong><em>Dein</em></strong></span> <span class='ocrx_word' id='word_1_38' title='bbox 852 891 964 944; x_wconf 89' lang='lat' dir='ltr'><strong><em>tamen</em></strong></span> <span class='ocrx_word' id='word_1_39' title='bbox 980 881 1133 962; x_wconf 87' lang='lat' dir='ltr'><strong><em>affirmat,</em></strong></span> 
     </span>
     <span class='ocr_line' id='line_1_6' title="bbox 33 973 1133 1064; baseline 0.005 -28"><span class='ocrx_word' id='word_1_40' title='bbox 33 996 58 1036; x_wconf 87' lang='lat' dir='ltr'><strong><em>se</em></strong></span> <span class='ocrx_word' id='word_1_41' title='bbox 68 973 206 1056; x_wconf 80' lang='lat' dir='ltr'><strong><em>libenter,</em></strong></span> <span class='ocrx_word' id='word_1_42' title='bbox 219 977 246 1040; x_wconf 91' lang='lat' dir='ltr'><strong><em>si</em></strong></span> <span class='ocrx_word' id='word_1_43' title='bbox 259 997 336 1040; x_wconf 88' lang='lat' dir='ltr'><strong><em>cunr</em></strong></span> <span class='ocrx_word' id='word_1_44' title='bbox 349 975 413 1039; x_wconf 93' lang='lat' dir='ltr'><strong><em>Dei</em></strong></span> <span class='ocrx_word' id='word_1_45' title='bbox 428 987 460 1039; x_wconf 89' lang='lat' dir='ltr'><strong><em>et</em></strong></span> <span class='ocrx_word' id='word_1_46' title='bbox 472 974 642 1040; x_wconf 83' lang='lat' dir='ltr'><strong><em>Ecclesiae</em></strong></span> <span class='ocrx_word' id='word_1_47' title='bbox 659 976 783 1040; x_wconf 91' lang='lat' dir='ltr'><strong><em>honore</em></strong></span> <span class='ocrx_word' id='word_1_48' title='bbox 799 977 870 1040; x_wconf 87' lang='lat' dir='ltr'><strong><em>fieri</em></strong></span> <span class='ocrx_word' id='word_1_49' title='bbox 887 980 999 1061; x_wconf 80' lang='lat' dir='ltr'><strong><em>possit,</em></strong></span> <span class='ocrx_word' id='word_1_50' title='bbox 1017 1000 1133 1064; x_wconf 89' lang='lat' dir='ltr'><strong><em>pacem</em></strong></span> 
     </span>
     <span class='ocr_line' id='line_1_7' title="bbox 32 1073 1135 1140; baseline 0.005 -7"><span class='ocrx_word' id='word_1_51' title='bbox 32 1093 91 1135; x_wconf 87' lang='lat' dir='ltr'><strong><em>rum</em></strong></span> <span class='ocrx_word' id='word_1_52' title='bbox 116 1074 281 1140; x_wconf 84' lang='lat' dir='ltr'><strong><em>Friderico</em></strong></span> <span class='ocrx_word' id='word_1_53' title='bbox 307 1074 390 1138; x_wconf 90' lang='lat' dir='ltr'><strong><em>inire</em></strong></span> <span class='ocrx_word' id='word_1_54' title='bbox 416 1073 510 1138; x_wconf 88' lang='lat' dir='ltr'><strong><em>velle.</em></strong></span> <span class='ocrx_word' id='word_1_55' title='bbox 557 1073 769 1138; x_wconf 90' lang='lat' dir='ltr'><strong><em>Ludovicum</em></strong></span> <span class='ocrx_word' id='word_1_56' title='bbox 785 1075 837 1139; x_wconf 92' lang='lat' dir='ltr'><strong><em>IX</em></strong></span> <span class='ocrx_word' id='word_1_57' title='bbox 861 1096 940 1139; x_wconf 87' lang='lat' dir='ltr'><strong><em>vero</em></strong></span> <span class='ocrx_word' id='word_1_58' title='bbox 964 1075 1135 1140; x_wconf 84' lang='lat' dir='ltr'><strong><em>Pontificis</em></strong></span> 
     </span>
     <span class='ocr_line' id='line_1_8' title="bbox 31 1171 1133 1258; baseline 0.007 -28"><span class='ocrx_word' id='word_1_59' title='bbox 31 1171 194 1235; x_wconf 84' lang='lat' dir='ltr'><strong><em>rationibus</em></strong></span> <span class='ocrx_word' id='word_1_60' title='bbox 217 1173 435 1258; x_wconf 78' lang='lat' dir='ltr'><strong><em>acquievisse,</em></strong></span> <span class='ocrx_word' id='word_1_61' title='bbox 461 1171 539 1235; x_wconf 90' lang='lat' dir='ltr'><strong><em>inde</em></strong></span> <span class='ocrx_word' id='word_1_62' title='bbox 555 1171 729 1257; x_wconf 87' lang='lat' dir='ltr'><strong><em>colligitur,</em></strong></span> <span class='ocrx_word' id='word_1_63' title='bbox 755 1172 844 1258; x_wconf 88' lang='lat' dir='ltr'><strong><em>quod</em></strong></span> <span class='ocrx_word' id='word_1_64' title='bbox 868 1172 962 1237; x_wconf 91' lang='lat' dir='ltr'><strong><em>brevi</em></strong></span> <span class='ocrx_word' id='word_1_65' title='bbox 987 1183 1060 1258; x_wconf 89' lang='lat' dir='ltr'><strong><em>post</em></strong></span> <span class='ocrx_word' id='word_1_66' title='bbox 1082 1175 1133 1238; x_wconf 90' lang='lat' dir='ltr'><strong><em>In·</em></strong></span> 
     </span>
     <span class='ocr_line' id='line_1_9' title="bbox 30 1269 1135 1355; baseline 0.007 -27"><span class='ocrx_word' id='word_1_67' title='bbox 30 1271 163 1332; x_wconf 89' lang='lat' dir='ltr'><strong><em>nocentio</em></strong></span> <span class='ocrx_word' id='word_1_68' title='bbox 187 1270 234 1334; x_wconf 93' lang='lat' dir='ltr'><strong><em>IV</em></strong></span> <span class='ocrx_word' id='word_1_69' title='bbox 267 1269 310 1333; x_wconf 92' lang='lat' dir='ltr'><strong><em>ad</em></strong></span> <span class='ocrx_word' id='word_1_70' title='bbox 336 1269 550 1333; x_wconf 86' lang='lat' dir='ltr'><strong><em>evertendam</em></strong></span> <span class='ocrx_word' id='word_1_71' title='bbox 575 1270 736 1334; x_wconf 83' lang='lat' dir='ltr'><strong><em>Friderici</em></strong></span> <span class='ocrx_word' id='word_1_72' title='bbox 771 1271 982 1355; x_wconf 82' lang='lat' dir='ltr'><strong><em>tyrannidem</em></strong></span> <span class='ocrx_word' id='word_1_73' title='bbox 1015 1273 1047 1333; x_wconf 90' lang='lat' dir='ltr'><strong><em>in</em></strong></span> <span class='ocrx_word' id='word_1_74' title='bbox 1072 1271 1135 1336; x_wconf 90' lang='lat' dir='ltr'><strong><em>Ita·</em></strong></span> 
     </span>
     <span class='ocr_line' id='line_1_10' title="bbox 28 1363 598 1432; baseline 0.011 -6"><span class='ocrx_word' id='word_1_75' title='bbox 28 1363 93 1430; x_wconf 88' lang='lat' dir='ltr'><strong><em>liam</em></strong></span> <span class='ocrx_word' id='word_1_76' title='bbox 116 1367 233 1432; x_wconf 88' lang='lat' dir='ltr'><strong><em>ducere</em></strong></span> <span class='ocrx_word' id='word_1_77' title='bbox 258 1370 442 1432; x_wconf 86' lang='lat' dir='ltr'><strong><em>exercitum</em></strong></span> <span class='ocrx_word' id='word_1_78' title='bbox 469 1367 598 1432; x_wconf 89' lang='lat' dir='ltr'><strong><em>obtulit.</em></strong></span> 
     </span>
    </p>

    <p class='ocr_par' dir='ltr' id='par_1_3' title="bbox 15 1460 1235 3689">
     <span class='ocr_line' id='line_1_11' title="bbox 100 1460 1173 1562; baseline 0 -32"><span class='ocrx_word' id='word_1_79' title='bbox 100 1467 153 1530; x_wconf 82' lang='lat'><strong><em>45.</em></strong></span> <span class='ocrx_word' id='word_1_80' title='bbox 181 1467 354 1551; x_wconf 84' lang='lat' dir='ltr'><strong><em>Principes</em></strong></span> <span class='ocrx_word' id='word_1_81' title='bbox 378 1465 578 1530; x_wconf 85' lang='lat' dir='ltr'><strong><em>Germaniae</em></strong></span> <span class='ocrx_word' id='word_1_82' title='bbox 603 1467 818 1529; x_wconf 83' lang='lat' dir='ltr'><strong><em>Innocentius</em></strong></span> <span class='ocrx_word' id='word_1_83' title='bbox 842 1465 991 1529; x_wconf 77' lang='lat' dir='ltr'><strong><em>hortatus</em></strong></span> <span class='ocrx_word' id='word_1_84' title='bbox 1014 1476 1064 1530; x_wconf 89' lang='lat' dir='ltr'><strong><em>est</em></strong></span> <span class='ocrx_word' id='word_1_85' title='bbox 1085 1460 1173 1562; x_wconf 57' lang='lat' dir='ltr'><strong><em>lit-¹2¹</em></strong></span> 
     </span>
     <span class='ocr_line' id='line_1_12' title="bbox 29 1563 1136 1648; baseline 0.007 -28"><span class='ocrx_word' id='word_1_86' title='bbox 29 1563 92 1626; x_wconf 86' lang='lat' dir='ltr'><strong><em>teris</em></strong></span> <span class='ocrx_word' id='word_1_87' title='bbox 123 1564 217 1646; x_wconf 89' lang='lat' dir='ltr'><strong><em>datis,</em></strong></span> <span class='ocrx_word' id='word_1_88' title='bbox 251 1577 289 1628; x_wconf 90' lang='lat' dir='ltr'><strong><em>ut</em></strong></span> <span class='ocrx_word' id='word_1_89' title='bbox 322 1585 445 1628; x_wconf 92' lang='lat' dir='ltr'><strong><em>novum</em></strong></span> <span class='ocrx_word' id='word_1_90' title='bbox 469 1563 706 1648; x_wconf 84' lang='lat' dir='ltr'><strong><em>Imperatorem</em></strong></span> <span class='ocrx_word' id='word_1_91' title='bbox 740 1563 915 1646; x_wconf 80' lang='lat' dir='ltr'><strong><em>eligerent3</em></strong></span> <span class='ocrx_word' id='word_1_92' title='bbox 947 1586 987 1626; x_wconf 89' lang='lat' dir='ltr'><strong><em>ac</em></strong></span> <span class='ocrx_word' id='word_1_93' title='bbox 1018 1586 1136 1628; x_wconf 87' lang='lat' dir='ltr'><strong><em>revera</em></strong></span> 
     </span>
     <span class='ocr_line' id='line_1_13' title="bbox 27 1663 1133 1749; baseline 0.002 -26"><span class='ocrx_word' id='word_1_94' title='bbox 27 1673 87 1743; x_wconf 90' lang='lat' dir='ltr'><strong><em>post</em></strong></span> <span class='ocrx_word' id='word_1_95' title='bbox 108 1663 253 1749; x_wconf 86' lang='lat' dir='ltr'><strong><em>aliquam</em></strong></span> <span class='ocrx_word' id='word_1_96' title='bbox 277 1684 404 1726; x_wconf 90' lang='lat' dir='ltr'><strong><em>moram</em></strong></span> <span class='ocrx_word' id='word_1_97' title='bbox 428 1671 461 1726; x_wconf 90' lang='lat' dir='ltr'><strong><em>et</em></strong></span> <span class='ocrx_word' id='word_1_98' title='bbox 475 1663 733 1746; x_wconf 86' lang='lat' dir='ltr'><strong><em>negotiationem</em></strong></span> <span class='ocrx_word' id='word_1_99' title='bbox 750 1663 898 1725; x_wconf 85' lang='lat' dir='ltr'><strong><em>maxima</em></strong></span> <span class='ocrx_word' id='word_1_100' title='bbox 923 1684 997 1745; x_wconf 91' lang='lat' dir='ltr'><strong><em>pars</em></strong></span> <span class='ocrx_word' id='word_1_101' title='bbox 1022 1683 1133 1726; x_wconf 90' lang='lat' dir='ltr'><strong><em>eorum</em></strong></span> 
     </span>
     <span class='ocr_line' id='line_1_14' title="bbox 25 1759 1135 1845; baseline 0.005 -27"><span class='ocrx_word' id='word_1_102' title='bbox 25 1761 167 1845; x_wconf 80' lang='lat' dir='ltr'><strong><em>suffragia</em></strong></span> <span class='ocrx_word' id='word_1_103' title='bbox 199 1784 256 1824; x_wconf 83' lang='lat' dir='ltr'><strong><em>sua</em></strong></span> <span class='ocrx_word' id='word_1_104' title='bbox 283 1762 316 1823; x_wconf 90' lang='lat' dir='ltr'><strong><em>in</em></strong></span> <span class='ocrx_word' id='word_1_105' title='bbox 342 1761 515 1824; x_wconf 80' lang='lat' dir='ltr'><strong><em>Henricane</em></strong></span> <span class='ocrx_word' id='word_1_106' title='bbox 545 1760 663 1844; x_wconf 87' lang='lat' dir='ltr'><strong><em>Raspe,</em></strong></span> <span class='ocrx_word' id='word_1_107' title='bbox 696 1759 837 1822; x_wconf 89' lang='lat' dir='ltr'><strong><em>Hassiae</em></strong></span> <span class='ocrx_word' id='word_1_108' title='bbox 868 1770 900 1824; x_wconf 89' lang='lat' dir='ltr'><strong><em>et</em></strong></span> <span class='ocrx_word' id='word_1_109' title='bbox 930 1759 1135 1844; x_wconf 84' lang='lat' dir='ltr'><strong><em>Thuringiae</em></strong></span> 
     </span>
     <span class='ocr_line' id='line_1_15' title="bbox 23 1855 1134 1944; baseline 0.002 -24"><span class='ocrx_word' id='word_1_110' title='bbox 23 1855 261 1942; x_wconf 86' lang='lat' dir='ltr'><strong><em>landgravium,</em></strong></span> <span class='ocrx_word' id='word_1_111' title='bbox 295 1859 436 1938; x_wconf 86' lang='lat' dir='ltr'><strong><em>direxit,</em></strong></span> <span class='ocrx_word' id='word_1_112' title='bbox 467 1881 610 1944; x_wconf 88' lang='lat' dir='ltr'><strong><em>eumque</em></strong></span> <span class='ocrx_word' id='word_1_113' title='bbox 641 1858 695 1921; x_wconf 93' lang='lat' dir='ltr'><strong><em>die</em></strong></span> <span class='ocrx_word' id='word_1_114' title='bbox 726 1860 787 1921; x_wconf 76' lang='lat'><strong><em>25⁰</em></strong></span> <span class='ocrx_word' id='word_1_115' title='bbox 821 1859 901 1943; x_wconf 85' lang='lat' dir='ltr'><strong><em>Maji</em></strong></span> <span class='ocrx_word' id='word_1_116' title='bbox 934 1857 1134 1922; x_wconf 89' lang='lat' dir='ltr'><strong><em>Hocbhemii</em></strong></span> 
     </span>
     <span class='ocr_line' id='line_1_16' title="bbox 23 1955 1135 2040; baseline 0.004 -24"><span class='ocrx_word' id='word_1_117' title='bbox 23 1975 110 2040; x_wconf 88' lang='lat' dir='ltr'><strong><em>prope</em></strong></span> <span class='ocrx_word' id='word_1_118' title='bbox 133 1955 392 2040; x_wconf 75' lang='lat' dir='ltr'><strong><em>wirceburgum</em></strong></span> <span class='ocrx_word' id='word_1_119' title='bbox 416 1959 450 2020; x_wconf 92' lang='lat' dir='ltr'><strong><em>in</em></strong></span> <span class='ocrx_word' id='word_1_120' title='bbox 474 1978 586 2040; x_wconf 90' lang='lat' dir='ltr'><strong><em>regem</em></strong></span> <span class='ocrx_word' id='word_1_121' title='bbox 604 1955 804 2020; x_wconf 85' lang='lat' dir='ltr'><strong><em>Germaniae</em></strong></span> <span class='ocrx_word' id='word_1_122' title='bbox 830 1956 1008 2040; x_wconf 91' lang='lat' dir='ltr'><strong><em>elegerunt.</em></strong></span> <span class='ocrx_word' id='word_1_123' title='bbox 1039 1956 1135 2020; x_wconf 87' lang='lat' dir='ltr'><strong><em>Novo</em></strong></span> 
     </span>
     <span class='ocr_line' id='line_1_17' title="bbox 23 2052 1137 2140; baseline 0.003 -25"><span class='ocrx_word' id='word_1_124' title='bbox 23 2055 141 2118; x_wconf 79' lang='lat' dir='ltr'><strong><em>I&#39;aesari</em></strong></span> <span class='ocrx_word' id='word_1_125' title='bbox 166 2054 333 2140; x_wconf 86' lang='lat' dir='ltr'><strong><em>stipendia</em></strong></span> <span class='ocrx_word' id='word_1_126' title='bbox 362 2077 403 2117; x_wconf 85' lang='lat' dir='ltr'><strong><em>ex</em></strong></span> <span class='ocrx_word' id='word_1_127' title='bbox 428 2053 749 2118; x_wconf 87' lang='lat' dir='ltr'><strong><em>aerario-Ecclesiae</em></strong></span> <span class='ocrx_word' id='word_1_128' title='bbox 783 2053 827 2117; x_wconf 85' lang='lat' dir='ltr'><strong><em>ad</em></strong></span> <span class='ocrx_word' id='word_1_129' title='bbox 852 2052 1006 2118; x_wconf 87' lang='lat' dir='ltr'><strong><em>bellicum</em></strong></span> <span class='ocrx_word' id='word_1_130' title='bbox 1038 2076 1137 2139; x_wconf 89' lang='lat' dir='ltr'><strong><em>appa·</em></strong></span> 
     </span>
     <span class='ocr_line' id='line_1_18' title="bbox 20 2151 1134 2236; baseline 0.004 -25"><span class='ocrx_word' id='word_1_131' title='bbox 20 2166 112 2215; x_wconf 77' lang='lat' dir='ltr'><strong><em>rarum</em></strong></span> <span class='ocrx_word' id='word_1_132' title='bbox 138 2163 253 2217; x_wconf 86' lang='lat' dir='ltr'><strong><em>contra</em></strong></span> <span class='ocrx_word' id='word_1_133' title='bbox 279 2153 485 2216; x_wconf 81' lang='lat' dir='ltr'><strong><em>Fridericum</em></strong></span> <span class='ocrx_word' id='word_1_134' title='bbox 509 2151 740 2216; x_wconf 87' lang='lat' dir='ltr'><strong><em>adornandum</em></strong></span> <span class='ocrx_word' id='word_1_135' title='bbox 765 2151 920 2216; x_wconf 84' lang='lat' dir='ltr'><strong><em>Pontifex</em></strong></span> <span class='ocrx_word' id='word_1_136' title='bbox 944 2152 1134 2236; x_wconf 88' lang='lat' dir='ltr'><strong><em>suppedita-</em></strong></span> 
     </span>
     <span class='ocr_line' id='line_1_19' title="bbox 23 2249 1235 2337; baseline 0 -25"><span class='ocrx_word' id='word_1_137' title='bbox 23 2251 71 2326; x_wconf 70' lang='lat' dir='ltr'><strong><em>vit,</em></strong></span> <span class='ocrx_word' id='word_1_138' title='bbox 94 2263 194 2337; x_wconf 91' lang='lat' dir='ltr'><strong><em>atque</em></strong></span> <span class='ocrx_word' id='word_1_139' title='bbox 219 2253 319 2314; x_wconf 87' lang='lat' dir='ltr'><strong><em>etiam</em></strong></span> <span class='ocrx_word' id='word_1_140' title='bbox 343 2250 468 2315; x_wconf 87' lang='lat' dir='ltr'><strong><em>bellum</em></strong></span> <span class='ocrx_word' id='word_1_141' title='bbox 492 2272 621 2314; x_wconf 89' lang='lat' dir='ltr'><strong><em>sacrum</em></strong></span> <span class='ocrx_word' id='word_1_142' title='bbox 648 2252 680 2312; x_wconf 91' lang='lat' dir='ltr'><strong><em>in</em></strong></span> <span class='ocrx_word' id='word_1_143' title='bbox 706 2249 797 2312; x_wconf 92' lang='lat' dir='ltr'><strong><em>hune</em></strong></span> <span class='ocrx_word' id='word_1_144' title='bbox 820 2250 899 2314; x_wconf 86' lang='lat' dir='ltr'><strong><em>feeit</em></strong></span> <span class='ocrx_word' id='word_1_145' title='bbox 916 2251 1079 2331; x_wconf 87' lang='lat' dir='ltr'><strong><em>nuntiare,</em></strong></span> <span class='ocrx_word' id='word_1_146' title='bbox 1104 2259 1136 2313; x_wconf 92' lang='lat' dir='ltr'><strong><em>et</em></strong></span> <span class='ocrx_word' id='word_1_147' title='bbox 1231 2265 1235 2272; x_wconf 87' lang='grc'>·</span> 
     </span>
     <span class='ocr_line' id='line_1_20' title="bbox 23 2347 1138 2434; baseline 0.001 -24"><span class='ocrx_word' id='word_1_148' title='bbox 23 2347 198 2412; x_wconf 89' lang='lat' dir='ltr'><strong><em>Henricum</em></strong></span> <span class='ocrx_word' id='word_1_149' title='bbox 223 2350 361 2434; x_wconf 85' lang='lat' dir='ltr'><strong><em>ejusque</em></strong></span> <span class='ocrx_word' id='word_1_150' title='bbox 384 2349 567 2412; x_wconf 85' lang='lat' dir='ltr'><strong><em>exercitum</em></strong></span> <span class='ocrx_word' id='word_1_151' title='bbox 595 2369 693 2412; x_wconf 89' lang='lat' dir='ltr'><strong><em>eruce</em></strong></span> <span class='ocrx_word' id='word_1_152' title='bbox 717 2349 901 2430; x_wconf 85' lang='lat' dir='ltr'><strong><em>insignivit.</em></strong></span> <span class='ocrx_word' id='word_1_153' title='bbox 949 2347 1138 2411; x_wconf 84' lang='lat' dir='ltr'><strong><em>Anathema</em></strong></span> 
     </span>
     <span class='ocr_line' id='line_1_21' title="bbox 22 2445 1138 2530; baseline 0 -22"><span class='ocrx_word' id='word_1_154' title='bbox 22 2463 120 2511; x_wconf 83' lang='lat' dir='ltr'><strong><em>nutem</em></strong></span> <span class='ocrx_word' id='word_1_155' title='bbox 147 2449 182 2512; x_wconf 92' lang='lat' dir='ltr'><strong><em>in</em></strong></span> <span class='ocrx_word' id='word_1_156' title='bbox 207 2447 417 2511; x_wconf 87' lang='lat' dir='ltr'><strong><em>Fridericum</em></strong></span> <span class='ocrx_word' id='word_1_157' title='bbox 452 2469 513 2510; x_wconf 93' lang='lat' dir='ltr'><strong><em>ceu</em></strong></span> <span class='ocrx_word' id='word_1_158' title='bbox 541 2445 712 2510; x_wconf 83' lang='lat' dir='ltr'><strong><em>Ecclesiae</em></strong></span> <span class='ocrx_word' id='word_1_159' title='bbox 742 2445 870 2510; x_wconf 90' lang='lat' dir='ltr'><strong><em>hostem</em></strong></span> <span class='ocrx_word' id='word_1_160' title='bbox 903 2446 1039 2530; x_wconf 76' lang='lat' dir='ltr'><strong><em>ejusque</em></strong></span> <span class='ocrx_word' id='word_1_161' title='bbox 1071 2445 1138 2508; x_wconf 87' lang='lat' dir='ltr'><strong><em>fau-</em></strong></span> 
     </span>
     <span class='ocr_line' id='line_1_22' title="bbox 22 2543 1141 2630; baseline 0.002 -26"><span class='ocrx_word' id='word_1_162' title='bbox 22 2557 96 2608; x_wconf 83' lang='lat' dir='ltr'><strong><em>tores</em></strong></span> <span class='ocrx_word' id='word_1_163' title='bbox 121 2545 248 2630; x_wconf 86' lang='lat' dir='ltr'><strong><em>ubique</em></strong></span> <span class='ocrx_word' id='word_1_164' title='bbox 272 2543 473 2629; x_wconf 88' lang='lat' dir='ltr'><strong><em>promulgari</em></strong></span> <span class='ocrx_word' id='word_1_165' title='bbox 494 2544 604 2630; x_wconf 85' lang='lat' dir='ltr'><strong><em>jussit,</em></strong></span> <span class='ocrx_word' id='word_1_166' title='bbox 629 2567 668 2607; x_wconf 89' lang='lat' dir='ltr'><strong><em>ac</em></strong></span> <span class='ocrx_word' id='word_1_167' title='bbox 685 2545 781 2607; x_wconf 86' lang='lat' dir='ltr'><strong><em>terris</em></strong></span> <span class='ocrx_word' id='word_1_168' title='bbox 806 2566 891 2629; x_wconf 91' lang='lat' dir='ltr'><strong><em>quae</em></strong></span> <span class='ocrx_word' id='word_1_169' title='bbox 915 2543 962 2606; x_wconf 92' lang='lat' dir='ltr'><strong><em>illi</em></strong></span> <span class='ocrx_word' id='word_1_170' title='bbox 987 2555 1141 2626; x_wconf 85' lang='lat' dir='ltr'><strong><em>parerent</em></strong></span> 
     </span>
     <span class='ocr_line' id='line_1_23' title="bbox 23 2641 1140 2727; baseline 0 -23"><span class='ocrx_word' id='word_1_171' title='bbox 23 2665 182 2707; x_wconf 83' lang='lat' dir='ltr'><strong><em>sacrorum</em></strong></span> <span class='ocrx_word' id='word_1_172' title='bbox 207 2644 355 2706; x_wconf 89' lang='lat' dir='ltr'><strong><em>omnium</em></strong></span> <span class='ocrx_word' id='word_1_173' title='bbox 372 2643 605 2706; x_wconf 88' lang='lat' dir='ltr'><strong><em>communione</em></strong></span> <span class='ocrx_word' id='word_1_174' title='bbox 630 2664 759 2727; x_wconf 89' lang='lat' dir='ltr'><strong><em>usuque</em></strong></span> <span class='ocrx_word' id='word_1_175' title='bbox 782 2641 966 2722; x_wconf 87' lang='lat' dir='ltr'><strong><em>interdixit,</em></strong></span> <span class='ocrx_word' id='word_1_176' title='bbox 984 2641 1140 2724; x_wconf 89' lang='lat' dir='ltr'><strong><em>legatum·</em></strong></span> 
     </span>
     <span class='ocr_line' id='line_1_24' title="bbox 21 2739 1140 2826; baseline -0.001 -23"><span class='ocrx_word' id='word_1_177' title='bbox 21 2763 73 2823; x_wconf 91' lang='lat' dir='ltr'><strong><em>que</em></strong></span> <span class='ocrx_word' id='word_1_178' title='bbox 98 2744 191 2806; x_wconf 89' lang='lat' dir='ltr'><strong><em>misit</em></strong></span> <span class='ocrx_word' id='word_1_179' title='bbox 215 2743 248 2805; x_wconf 94' lang='lat' dir='ltr'><strong><em>in</em></strong></span> <span class='ocrx_word' id='word_1_180' title='bbox 273 2739 499 2818; x_wconf 65' lang='lat' dir='ltr'><strong><em>Germaniam,</em></strong></span> <span class='ocrx_word' id='word_1_181' title='bbox 524 2742 580 2826; x_wconf 92' lang='lat' dir='ltr'><strong><em>qui</em></strong></span> <span class='ocrx_word' id='word_1_182' title='bbox 598 2739 775 2823; x_wconf 89' lang='lat' dir='ltr'><strong><em>praesules,</em></strong></span> <span class='ocrx_word' id='word_1_183' title='bbox 801 2761 962 2824; x_wconf 88' lang='lat' dir='ltr'><strong><em>proceres,</em></strong></span> <span class='ocrx_word' id='word_1_184' title='bbox 988 2751 1021 2802; x_wconf 89' lang='lat' dir='ltr'><strong><em>et</em></strong></span> <span class='ocrx_word' id='word_1_185' title='bbox 1039 2761 1140 2824; x_wconf 93' lang='lat' dir='ltr'><strong><em>popu-</em></strong></span> 
     </span>
     <span class='ocr_line' id='line_1_25' title="bbox 20 2837 1139 2922; baseline 0 -22"><span class='ocrx_word' id='word_1_186' title='bbox 20 2837 59 2902; x_wconf 91' lang='lat' dir='ltr'><strong><em>los</em></strong></span> <span class='ocrx_word' id='word_1_187' title='bbox 89 2862 207 2905; x_wconf 91' lang='lat' dir='ltr'><strong><em>omnes</em></strong></span> <span class='ocrx_word' id='word_1_188' title='bbox 238 2838 280 2902; x_wconf 91' lang='lat' dir='ltr'><strong><em>ad</em></strong></span> <span class='ocrx_word' id='word_1_189' title='bbox 305 2839 442 2902; x_wconf 89' lang='lat' dir='ltr'><strong><em>Henrici</em></strong></span> <span class='ocrx_word' id='word_1_190' title='bbox 473 2837 669 2922; x_wconf 89' lang='lat' dir='ltr'><strong><em>obsequium</em></strong></span> <span class='ocrx_word' id='word_1_191' title='bbox 694 2837 884 2918; x_wconf 88' lang='lat' dir='ltr'><strong><em>adduceret,</em></strong></span> <span class='ocrx_word' id='word_1_192' title='bbox 916 2849 1015 2922; x_wconf 89' lang='lat' dir='ltr'><strong><em>atque</em></strong></span> <span class='ocrx_word' id='word_1_193' title='bbox 1040 2839 1139 2900; x_wconf 87' lang='lat' dir='ltr'><strong><em>etiarn</em></strong></span> 
     </span>
     <span class='ocr_line' id='line_1_26' title="bbox 20 2934 1140 3020; baseline 0 -22"><span class='ocrx_word' id='word_1_194' title='bbox 20 2941 158 3002; x_wconf 84' lang='lat' dir='ltr'><strong><em>censuris</em></strong></span> <span class='ocrx_word' id='word_1_195' title='bbox 193 2936 425 3000; x_wconf 86' lang='lat' dir='ltr'><strong><em>ecclesiasticis</em></strong></span> <span class='ocrx_word' id='word_1_196' title='bbox 457 2934 677 3020; x_wconf 86' lang='lat' dir='ltr'><strong><em>compelleret.</em></strong></span> <span class='ocrx_word' id='word_1_197' title='bbox 709 2973 752 2982; x_wconf 91' lang='lat'><em>-</em></span> <span class='ocrx_word' id='word_1_198' title='bbox 777 2934 955 2998; x_wconf 90' lang='lat' dir='ltr'><strong><em>Aemulum</em></strong></span> <span class='ocrx_word' id='word_1_199' title='bbox 988 2944 1025 2996; x_wconf 86' lang='lat' dir='ltr'><strong><em>ut</em></strong></span> <span class='ocrx_word' id='word_1_200' title='bbox 1054 2956 1140 2998; x_wconf 91' lang='lat' dir='ltr'><strong><em>com·</em></strong></span> 
     </span>
     <span class='ocr_line' id='line_1_27' title="bbox 18 3031 1140 3118; baseline -0.005 -17"><span class='ocrx_word' id='word_1_201' title='bbox 18 3039 168 3118; x_wconf 83' lang='lat' dir='ltr'><strong><em>primeret</em></strong></span> <span class='ocrx_word' id='word_1_202' title='bbox 182 3035 384 3115; x_wconf 84' lang='lat' dir='ltr'><strong><em>Fridericus,</em></strong></span> <span class='ocrx_word' id='word_1_203' title='bbox 409 3035 530 3118; x_wconf 89' lang='lat' dir='ltr'><strong><em>raptim</em></strong></span> <span class='ocrx_word' id='word_1_204' title='bbox 549 3033 662 3117; x_wconf 86' lang='lat' dir='ltr'><strong><em>copias</em></strong></span> <span class='ocrx_word' id='word_1_205' title='bbox 680 3031 870 3096; x_wconf 85' lang='lat' dir='ltr'><strong><em>Conradum</em></strong></span> <span class='ocrx_word' id='word_1_206' title='bbox 896 3031 1001 3095; x_wconf 88' lang='lat' dir='ltr'><strong><em>lilium</em></strong></span> <span class='ocrx_word' id='word_1_207' title='bbox 1026 3043 1140 3096; x_wconf 88' lang='lat' dir='ltr'><strong><em>contra</em></strong></span> 
     </span>
     <span class='ocr_line' id='line_1_28' title="bbox 18 3130 1139 3218; baseline -0.001 -23"><span class='ocrx_word' id='word_1_208' title='bbox 18 3136 117 3217; x_wconf 91' lang='lat' dir='ltr'><strong><em>ipsum</em></strong></span> <span class='ocrx_word' id='word_1_209' title='bbox 144 3135 267 3198; x_wconf 91' lang='lat' dir='ltr'><strong><em>ducere</em></strong></span> <span class='ocrx_word' id='word_1_210' title='bbox 285 3133 396 3218; x_wconf 86' lang='lat' dir='ltr'><strong><em>jussit.</em></strong></span> <span class='ocrx_word' id='word_1_211' title='bbox 435 3130 536 3214; x_wconf 87' lang='lat' dir='ltr'><strong><em>Apud</em></strong></span> <span class='ocrx_word' id='word_1_212' title='bbox 555 3130 810 3194; x_wconf 83' lang='lat' dir='ltr'><strong><em>Francofurtum</em></strong></span> <span class='ocrx_word' id='word_1_213' title='bbox 835 3130 878 3193; x_wconf 89' lang='lat' dir='ltr'><strong><em>ad</em></strong></span> <span class='ocrx_word' id='word_1_214' title='bbox 903 3130 1060 3194; x_wconf 86' lang='lat' dir='ltr'><strong><em>Moenum</em></strong></span> <span class='ocrx_word' id='word_1_215' title='bbox 1085 3130 1139 3194; x_wconf 91' lang='lat' dir='ltr'><strong><em>die</em></strong></span> 
     </span>
     <span class='ocr_line' id='line_1_29' title="bbox 15 3228 1140 3317; baseline -0.005 -21"><span class='ocrx_word' id='word_1_216' title='bbox 15 3235 49 3296; x_wconf 56' lang='lat' dir='ltr'><strong><em>bl</em></strong></span> <span class='ocrx_word' id='word_1_217' title='bbox 73 3234 218 3317; x_wconf 75' lang='lat' dir='ltr'><strong><em>Augusti</em></strong></span> <span class='ocrx_word' id='word_1_218' title='bbox 242 3233 322 3295; x_wconf 87' lang='lat' dir='ltr'><strong><em>anni</em></strong></span> <span class='ocrx_word' id='word_1_219' title='bbox 351 3229 435 3294; x_wconf 80' lang='lat'>1246</span> <span class='ocrx_word' id='word_1_220' title='bbox 464 3231 626 3293; x_wconf 90' lang='lat' dir='ltr'><strong><em>acerrimo</em></strong></span> <span class='ocrx_word' id='word_1_221' title='bbox 651 3228 774 3314; x_wconf 88' lang='lat' dir='ltr'><strong><em>praelio</em></strong></span> <span class='ocrx_word' id='word_1_222' title='bbox 805 3229 999 3292; x_wconf 84' lang='lat' dir='ltr'><strong><em>dimicatum</em></strong></span> <span class='ocrx_word' id='word_1_223' title='bbox 1025 3237 1082 3308; x_wconf 89' lang='lat' dir='ltr'><strong><em>est,</em></strong></span> <span class='ocrx_word' id='word_1_224' title='bbox 1108 3239 1140 3291; x_wconf 87' lang='lat' dir='ltr'><strong><em>et</em></strong></span> 
     </span>
     <span class='ocr_line' id='line_1_30' title="bbox 17 3325 1137 3414; baseline -0.003 -22"><span class='ocrx_word' id='word_1_225' title='bbox 17 3332 121 3414; x_wconf 85' lang='lat' dir='ltr'><strong><em>fugato</em></strong></span> <span class='ocrx_word' id='word_1_226' title='bbox 156 3329 312 3395; x_wconf 86' lang='lat' dir='ltr'><strong><em>Conrado</em></strong></span> <span class='ocrx_word' id='word_1_227' title='bbox 344 3329 509 3412; x_wconf 87' lang='lat' dir='ltr'><strong><em>insignem</em></strong></span> <span class='ocrx_word' id='word_1_228' title='bbox 539 3327 715 3390; x_wconf 89' lang='lat' dir='ltr'><strong><em>victoriam</em></strong></span> <span class='ocrx_word' id='word_1_229' title='bbox 747 3326 930 3411; x_wconf 89' lang='lat' dir='ltr'><strong><em>reportavit</em></strong></span> <span class='ocrx_word' id='word_1_230' title='bbox 961 3325 1137 3390; x_wconf 83' lang='lat' dir='ltr'><strong><em>Hauricue.</em></strong></span> 
     </span>
     <span class='ocr_line' id='line_1_31' title="bbox 15 3422 1139 3516; baseline -0.006 -24"><span class='ocrx_word' id='word_1_231' title='bbox 15 3429 73 3494; x_wconf 77' lang='lat' dir='ltr'><strong><em>Sed</em></strong></span> <span class='ocrx_word' id='word_1_232' title='bbox 97 3451 206 3516; x_wconf 90' lang='lat' dir='ltr'><strong><em>quum</em></strong></span> <span class='ocrx_word' id='word_1_233' title='bbox 238 3430 309 3512; x_wconf 91' lang='lat' dir='ltr'><strong><em>ipse</em></strong></span> <span class='ocrx_word' id='word_1_234' title='bbox 338 3446 477 3509; x_wconf 89' lang='lat' dir='ltr'><strong><em>regnum</em></strong></span> <span class='ocrx_word' id='word_1_235' title='bbox 510 3445 607 3488; x_wconf 91' lang='lat' dir='ltr'><strong><em>suum</em></strong></span> <span class='ocrx_word' id='word_1_236' title='bbox 635 3424 778 3508; x_wconf 89' lang='lat' dir='ltr'><strong><em>juvante</em></strong></span> <span class='ocrx_word' id='word_1_237' title='bbox 811 3423 974 3487; x_wconf 88' lang='lat' dir='ltr'><strong><em>Pontifice</em></strong></span> <span class='ocrx_word' id='word_1_238' title='bbox 1007 3422 1139 3486; x_wconf 88' lang='lat' dir='ltr'><strong><em>firmare</em></strong></span> 
     </span>
     <span class='ocr_line' id='line_1_32' title="bbox 17 3520 1138 3610; baseline -0.004 -21"><span class='ocrx_word' id='word_1_239' title='bbox 17 3539 197 3604; x_wconf 85' lang='lat' dir='ltr'><strong><em>conaretur,</em></strong></span> <span class='ocrx_word' id='word_1_240' title='bbox 231 3535 442 3610; x_wconf 90' lang='lat' dir='ltr'><strong><em>praematura</em></strong></span> <span class='ocrx_word' id='word_1_241' title='bbox 466 3531 570 3586; x_wconf 87' lang='lat' dir='ltr'><strong><em>morte</em></strong></span> <span class='ocrx_word' id='word_1_242' title='bbox 594 3522 649 3586; x_wconf 89' lang='lat' dir='ltr'><strong><em>die</em></strong></span> <span class='ocrx_word' id='word_1_243' title='bbox 677 3523 733 3586; x_wconf 71' lang='lat'><strong><em>17⁰</em></strong></span> <span class='ocrx_word' id='word_1_244' title='bbox 757 3520 930 3586; x_wconf 80' lang='lat' dir='ltr'><strong><em>Februarii</em></strong></span> <span class='ocrx_word' id='word_1_245' title='bbox 955 3544 984 3587; x_wconf 92' lang='lat' dir='ltr'><strong><em>a.</em></strong></span> <span class='ocrx_word' id='word_1_246' title='bbox 1012 3522 1096 3584; x_wconf 75' lang='lat'>1247</span> <span class='ocrx_word' id='word_1_247' title='bbox 1121 3543 1138 3584; x_wconf 91' lang='lat' dir='ltr'><strong><em>e</em></strong></span> 
     </span>
     <span class='ocr_line' id='line_1_33' title="bbox 17 3623 357 3689; baseline 0.006 -5"><span class='ocrx_word' id='word_1_248' title='bbox 17 3628 96 3689; x_wconf 77' lang='lat' dir='ltr'><strong><em>viris</em></strong></span> <span class='ocrx_word' id='word_1_249' title='bbox 121 3623 275 3689; x_wconf 87' lang='lat' dir='ltr'><strong><em>sublatus</em></strong></span> <span class='ocrx_word' id='word_1_250' title='bbox 299 3632 357 3686; x_wconf 92' lang='lat' dir='ltr'><strong><em>est.</em></strong></span> 
     </span>
    </p>

    <p class='ocr_par' dir='ltr' id='par_1_4' title="bbox 16 3715 1214 4004">
     <span class='ocr_line' id='line_1_34' title="bbox 95 3715 1214 3803; baseline -0.01 -15"><span class='ocrx_word' id='word_1_251' title='bbox 95 3723 152 3789; x_wconf 82' lang='lat'><strong><em>46.</em></strong></span> <span class='ocrx_word' id='word_1_252' title='bbox 178 3721 345 3801; x_wconf 85' lang='lat' dir='ltr'><strong><em>Quamvis</em></strong></span> <span class='ocrx_word' id='word_1_253' title='bbox 368 3731 478 3784; x_wconf 88' lang='lat' dir='ltr'><strong><em>autem</em></strong></span> <span class='ocrx_word' id='word_1_254' title='bbox 502 3719 640 3782; x_wconf 90' lang='lat' dir='ltr'><strong><em>Henrici</em></strong></span> <span class='ocrx_word' id='word_1_255' title='bbox 664 3716 758 3781; x_wconf 90' lang='lat' dir='ltr'><strong><em>obitu</em></strong></span> <span class='ocrx_word' id='word_1_256' title='bbox 782 3727 892 3803; x_wconf 87' lang='lat' dir='ltr'><strong><em>partes</em></strong></span> <span class='ocrx_word' id='word_1_257' title='bbox 916 3715 1078 3780; x_wconf 79' lang='lat' dir='ltr'><strong><em>Friderici</em></strong></span> <span class='ocrx_word' id='word_1_258' title='bbox 1103 3717 1137 3778; x_wconf 90' lang='lat' dir='ltr'><strong><em>in</em></strong></span> <span class='ocrx_word' id='word_1_259' title='bbox 1212 3796 1214 3800; x_wconf 18' lang='grc' dir='ltr'>Ι</span> 
     </span>
     <span class='ocr_line' id='line_1_35' title="bbox 16 3815 1138 3905; baseline -0.005 -23"><span class='ocrx_word' id='word_1_260' title='bbox 16 3819 192 3884; x_wconf 85' lang='lat' dir='ltr'><strong><em>Germania</em></strong></span> <span class='ocrx_word' id='word_1_261' title='bbox 225 3818 465 3905; x_wconf 89' lang='lat' dir='ltr'><strong><em>aliquantisper</em></strong></span> <span class='ocrx_word' id='word_1_262' title='bbox 495 3816 739 3895; x_wconf 86' lang='lat' dir='ltr'><strong><em>roborarentur,</em></strong></span> <span class='ocrx_word' id='word_1_263' title='bbox 771 3825 803 3878; x_wconf 87' lang='lat' dir='ltr'><strong><em>et</em></strong></span> <span class='ocrx_word' id='word_1_264' title='bbox 827 3815 1020 3899; x_wconf 86' lang='lat' dir='ltr'><strong><em>praesertim</em></strong></span> <span class='ocrx_word' id='word_1_265' title='bbox 1052 3835 1138 3877; x_wconf 90' lang='lat' dir='ltr'><strong><em>com-</em></strong></span> 
     </span>
     <span class='ocr_line' id='line_1_36' title="bbox 16 3911 1137 4004; baseline -0.007 -23"><span class='ocrx_word' id='word_1_266' title='bbox 16 3917 119 4002; x_wconf 85' lang='lat' dir='ltr'><strong><em>plures</em></strong></span> <span class='ocrx_word' id='word_1_267' title='bbox 143 3919 316 4004; x_wconf 88' lang='lat' dir='ltr'><strong><em>principes</em></strong></span> <span class='ocrx_word' id='word_1_268' title='bbox 348 3916 425 3980; x_wconf 89' lang='lat' dir='ltr'><strong><em>laiei</em></strong></span> <span class='ocrx_word' id='word_1_269' title='bbox 449 3914 580 3979; x_wconf 90' lang='lat' dir='ltr'><strong><em>desides</em></strong></span> <span class='ocrx_word' id='word_1_270' title='bbox 604 3913 721 3976; x_wconf 86' lang='lat' dir='ltr'><strong><em>fierent</em></strong></span> <span class='ocrx_word' id='word_1_271' title='bbox 754 3914 787 3976; x_wconf 93' lang='lat' dir='ltr'><strong><em>in</em></strong></span> <span class='ocrx_word' id='word_1_272' title='bbox 818 3911 1043 3998; x_wconf 89' lang='lat' dir='ltr'><strong><em>oppugnando</em></strong></span> <span class='ocrx_word' id='word_1_273' title='bbox 1067 3911 1137 3973; x_wconf 85' lang='lat' dir='ltr'><strong><em>Fri·</em></strong></span> 
     </span>
    </p>
   </div>
   <div class='ocr_carea' id='block_1_3' title="bbox 1174 1459 1304 1560">
    <p class='ocr_par' dir='ltr' id='par_1_5' title="bbox 1174 1459 1304 1560">
     <span class='ocr_line' id='line_1_37' title="bbox 1175 1459 1304 1508; baseline -0.008 -12"><span class='ocrx_word' id='word_1_274' title='bbox 1175 1459 1232 1498; x_wconf 78' lang='lat' dir='ltr'><strong><em>eetlo</em></strong></span> <span class='ocrx_word' id='word_1_275' title='bbox 1245 1459 1304 1508; x_wconf 75' lang='lat' dir='ltr'><strong><em>regis</em></strong></span> 
     </span>
     <span class='ocr_line' id='line_1_38' title="bbox 1174 1522 1296 1560; baseline -0.008 0"><span class='ocrx_word' id='word_1_276' title='bbox 1174 1522 1296 1560; x_wconf 80' lang='lat' dir='ltr'><strong><em>armeniae.</em></strong></span> 
     </span>
    </p>
   </div>
   <div class='ocr_carea' id='block_1_4' title="bbox 42 4081 226 4090">
    <p class='ocr_par' dir='ltr' id='par_1_6' title="bbox 42 4081 226 4090">
     <span class='ocr_line' id='line_1_39' title="bbox 42 4081 226 4090; baseline 0 -2"><span class='ocrx_word' id='word_1_277' title='bbox 42 4081 226 4090; x_wconf 50' lang='grc' dir='ltr'><strong><em>--Μ</em></strong></span> 
     </span>
    </p>
   </div>
   <div class='ocr_carea' id='block_1_5' title="bbox 19 4139 1138 4293">
    <p class='ocr_par' dir='ltr' id='par_1_7' title="bbox 19 4139 1138 4293">
     <span class='ocr_line' id='line_1_40' title="bbox 82 4139 1138 4218; baseline -0.009 -16"><span class='ocrx_word' id='word_1_278' title='bbox 82 4151 104 4218; x_wconf 88' lang='lat'><strong><em>¹)</em></strong></span> <span class='ocrx_word' id='word_1_279' title='bbox 123 4149 230 4202; x_wconf 83' lang='lat' dir='ltr'><strong><em>Ibidem</em></strong></span> <span class='ocrx_word' id='word_1_280' title='bbox 249 4163 275 4202; x_wconf 90' lang='lat' dir='ltr'><strong><em>n.</em></strong></span> <span class='ocrx_word' id='word_1_281' title='bbox 296 4147 338 4201; x_wconf 80' lang='lat'><strong><em>25.</em></strong></span> <span class='ocrx_word' id='word_1_282' title='bbox 359 4145 413 4199; x_wconf 83' lang='lat' dir='ltr'><strong><em>Cfr.</em></strong></span> <span class='ocrx_word' id='word_1_283' title='bbox 434 4147 466 4199; x_wconf 90' lang='lat' dir='ltr'><strong><em>de</em></strong></span> <span class='ocrx_word' id='word_1_284' title='bbox 479 4144 612 4198; x_wconf 80' lang='lat' dir='ltr'><strong><em>Frideriei</em></strong></span> <span class='ocrx_word' id='word_1_285' title='bbox 631 4143 799 4211; x_wconf 89' lang='lat' dir='ltr'><strong><em>depositione</em></strong></span> <span class='ocrx_word' id='word_1_286' title='bbox 814 4141 1024 4210; x_wconf 81' lang='lat' dir='ltr'><strong><em>Hergenrbther‚</em></strong></span> <span class='ocrx_word' id='word_1_287' title='bbox 1037 4139 1138 4194; x_wconf 87' lang='lat' dir='ltr'><strong><em>Kirche</em></strong></span> 
     </span>
     <span class='ocr_line' id='line_1_41' title="bbox 19 4227 352 4293; baseline 0.003 -13"><span class='ocrx_word' id='word_1_288' title='bbox 19 4231 66 4283; x_wconf 87' lang='lat' dir='ltr'><strong><em>und</em></strong></span> <span class='ocrx_word' id='word_1_289' title='bbox 83 4232 174 4293; x_wconf 71' lang='lat' dir='ltr'><strong><em>Stant,</em></strong></span> <span class='ocrx_word' id='word_1_290' title='bbox 194 4227 243 4282; x_wconf 79' lang='lat' dir='ltr'><strong><em>lv.</em></strong></span> <span class='ocrx_word' id='word_1_291' title='bbox 263 4243 289 4280; x_wconf 76' lang='lat' dir='ltr'><strong><em>n,</em></strong></span> <span class='ocrx_word' id='word_1_292' title='bbox 309 4229 352 4281; x_wconf 46' lang='lat'><strong><em>25,</em></strong></span> 
     </span>
    </p>
   </div>
   <div class='ocr_carea' id='block_1_6' title="bbox 0 0 1422 4848">
    <p class='ocr_par' dir='ltr' id='par_1_8' title="bbox 0 0 1422 4848">
     <span class='ocr_line' id='line_1_42' title="bbox 0 0 1422 4848; baseline 0 8"><span class='ocrx_word' id='word_1_293' title='bbox 0 0 1422 4848; x_wconf 95' lang='lat' dir='ltr'><strong><em> </em></strong></span> 
     </span>
    </p>
   </div>
  </div>
 </body>
</html>
