2858 4834
298 447 348 501 174
535 446 618 501 XXV.
640 446 680 500 De
697 461 779 501 cause
797 463 818 500 s.
837 445 955 500 Thomas
974 443 1187 501 cantuariensis.

122 589 384 693 ffifflffi'ffiglfl
408 590 497 677 quod
521 593 564 654 sit
587 590 633 654 ibi
658 588 935 674 respondendum,
961 599 993 653 et
1017 592 1050 653 11
1068 592 1161 653 curia
1185 589 1415 668 ecclesiastica,

280 679 684 775 ’111111111111111111
708 689 750 752 sit
773 687 819 752 ibi
844 687 1129 774 respondendum:
1155 690 1200 752 ita
1221 688 1310 774 quod
1335 693 1424 772 regis

193 863 199 874 „
290 786 423 872 justitia
448 788 557 850 mittet
580 788 614 851 11
639 788 765 851 curiam
798 809 823 851 s.
850 785 1017 850 Ecclesiae
1049 786 1090 850 ad
1117 784 1310 866 videndum,
1344 809 1415 872 quo·

297 884 393 949 modo
417 907 469 948 res
493 884 540 949 ibi
564 883 773 950 tractabitur.
804 884 848 948 Et
864 886 890 948 si
915 883 1055 949 clericus
1080 888 1253 948 convictus
1276 884 1329 948 vel
1348 907 1416 949 con·

295 982 399 1047 fessus
423 982 532 1064 fuerit,
557 1004 623 1046 non
649 980 747 1046 debet
771 981 811 1046 de
836 993 964 1046 caetero
980 1003 1055 1044 eum
1069 981 1221 1046 Ecclesia
1243 985 1362 1046 tueri.“
1379 1021 1416 1029 -

298 1079 370 1144 Hoc
395 1080 579 1145 damnavit.
603 1119 647 1128 --
670 1081 702 1144 4.
728 1079 1033 1166 „Archiepiscopis,
1057 1081 1232 1166 episcopis,
1257 1091 1289 1143 et
1312 1103 1416 1166 perso-

296 1178 348 1241 nis
371 1181 464 1260 regni
489 1201 556 1243 non
580 1177 658 1242 licet
681 1180 772 1242 exire
797 1177 838 1242 de
862 1199 963 1260 regno
987 1177 1113 1262 absque
1137 1176 1273 1242 licentia
1294 1171 1424 1242 domini

296 1277 393 1360 regis.
441 1275 483 1338 Et
506 1276 532 1339 si
558 1278 649 1339 exire
674 1275 852 1356 volueriut,
889 1277 915 1338 si
940 1277 1009 1358 regi
1046 1274 1219 1359 placuerit,
1251 1273 1424 1340 assecura?

297 1372 391 1456 bunt,
415 1375 504 1460 quod
529 1397 590 1438 uec
615 1377 648 1438 in
674 1375 794 1454 eunde,
820 1395 881 1438 neo
905 1375 938 1436 11
964 1394 1089 1436 moram
1113 1372 1276 1454 faciendo,
1302 1395 1366 1437 nec
1389 1365 1424 1436 in?

296 1472 477 1552 redeundo,
502 1474 696 1558 perquirent
719 1469 844 1534 malum
868 1472 939 1534 sive
956 1471 1116 1535 damnum
1131 1471 1265 1535 domino
1283 1473 1356 1556 regi
1374 1465 1424 1534 vel

299 1573 432 1655 regno.“
460 1609 502 1618 —
528 1571 602 1635 Hoc
619 1570 802 1634 damnavit.
830 1605 866 1616 -
893 1569 925 1633 5.
945 1569 1254 1652 ,Excommuniceti
1280 1590 1349 1632 non
1374 1569 1424 1632 de·¹

297 1667 378 1732 beut
402 1655 482 1732 dere
506 1668 645 1733 vadium
669 1668 712 1733 ad
736 1689 912 1731 remanens
938 1667 1015 1748 (1.1.
1041 1667 1237 1731 remanendi
1262 1669 1294 1730 in
1323 1653 1424 1740 domi-l

298 1765 374 1831 cilio
398 1771 479 1847 suo),
505 1789 566 1831 nec
591 1776 757 1852 praestare
778 1765 1015 1850 jurameutum,
1050 1765 1107 1829 sed
1130 1774 1260 1829 tautum
1285 1751 1424 1832 vadiani

298 1863 498 1950 etplegium
532 1865 641 1929 standi
674 1863 804 1950 judicio
828 1862 998 1927 Ecclesiae
1034 1873 1070 1926 ut
1100 1861 1353 1928 absolvantur.“
1381 1839 1424 1909 -l

296 1960 372 2026 Hoc
390 1963 573 2028 damnavit.
598 2000 641 2010 -
666 1962 697 2027 6.
725 1961 839 2044 ,Laici
864 1983 930 2025 non
956 1960 1079 2024 debent
1102 1962 1251 2023 accusari
1278 1963 1345 2025 nisi
1370 1983 1421 2046 per

298 2073 404 2124 certos
421 2071 453 2124 et
467 2060 590 2145 legales
606 2071 813 2124 accusatores
834 2069 866 2123 et
886 2070 985 2123 testes
1009 2059 1247 2142 inpraesentia
1263 2061 1420 2143 episcopi,

299 2159 345 2222 ita
369 2158 457 2243 quod
474 2157 731 2224 archidiaconus
746 2179 812 2222 nou
829 2157 946 2243 perdat
957 2157 1013 2242 jus
1029 2175 1136 2236 suum,
1161 2177 1223 2219 uec
1240 2157 1419 2243 quidquam

299 2256 388 2341 quod
412 2256 490 2320 inde
514 2255 636 2320 habere
662 2256 791 2320 debeat.
838 2255 882 2319 Et
905 2256 931 2318 si
957 2254 1038 2318 tales
1062 2254 1185 2318 fuerint
1208 2256 1265 2340 qui
1292 2255 1421 2341 culpan·

298 2364 361 2436 tur,
386 2355 474 2440 quod
499 2376 565 2419 non
589 2353 670 2418 velit
693 2376 755 2418 uec
778 2353 901 2416 audeat
923 2352 1042 2438 aliquis
1062 2373 1219 2416 accusare
1243 2373 1312 2433 eos,
1339 2337 1424 2424 vice-l

299 2474 409 2516 eomes
432 2454 609 2539 requisitus
633 2452 676 2516 ab
700 2454 855 2538 episcopo
878 2452 979 2516 faciet
996 2452 1111 2536 jurare
1135 2449 1316 2516 duodecim
1341 2452 1420 2536 lega·

298 2551 345 2616 les
369 2551 520 2616 homiues
544 2552 585 2616 de
603 2553 741 2630 visneto,
766 2550 877 2614 sende
894 2548 983 2630 villa,
1007 2571 1118 2614 coram
1143 2551 1311 2635 episcopo,
1338 2549 1420 2635 quod

300 2650 378 2714 inde
408 2651 581 2714 veritatem
616 2648 798 2713 seeundum
841 2649 1078 2712 conscientiam
1110 2668 1202 2712 suam
1235 2635 1424 2724 manifesta-l

299 2747 414 2813 bunt.“
444 2785 481 2794 —
508 2748 582 2812 Hoc
601 2747 764 2811 toleravit.
788 2785 831 2794 -
859 2747 887 2810 7.
905 2745 1043 2829 ,Nullus
1067 2747 1123 2830 qui
1149 2745 1189 2809 de
1213 2767 1290 2830 rege
1316 2731 1424 2812 1111111

299 2847 334 2909 11
359 2847 476 2932 capite,
511 2868 572 2910 uec
596 2845 716 2932 aliquis
747 2845 989 2910 dominicorum
1014 2845 1238 2909 ministrorum
1270 2845 1348 2929 ejus
1372 2866 1420 2907 ex·

297 2947 571 3026 communicetur,
603 2967 664 3008 nec
695 2953 801 3008 terrac
830 2943 971 3028 alicujus
1003 2963 1116 3006 eorum
1149 2941 1210 3005 sub
1246 2942 1424 3012 interdicto,

297 3054 473 3129 ponantur,
499 3044 561 3107 nisi
586 3045 677 3127 prius
702 3041 857 3106 domiuus
880 3063 940 3105 rex
964 3042 990 3103 si
1015 3043 1157 3104 interra
1181 3041 1281 3105 fuerit
1307 3063 1420 3105 conre-

298 3140 497 3221 1111111111
515 3141 646 3227 justitia
670 3141 742 3225 ejus
766 3141 793 3204 si
818 3140 918 3204 fuerit
942 3149 1036 3202 extra
1060 3159 1209 3220 reguum,
1235 3148 1271 3202 111
1295 3149 1424 3204 rectum

297 3239 340 3303 de
364 3240 434 3325 ipso
459 3240 567 3320 faciat,
593 3239 694 3302 etita
719 3247 755 3301 ut
778 3237 867 3323 quod
891 3238 1055 3321 pertineat
1078 3236 1122 3298 ad
1146 3237 1270 3299 curiam
1299 3238 1420 3320 regiam

298 3337 424 3402 ibidem
447 3339 650 3418 terminetur,
675 3335 772 3400 etde
796 3358 833 3399 eo
857 3334 946 3420 quod
970 3333 1134 3419 spectabit
1158 3332 1200 3396 ad
1227 3321 1424 3398 ecclesiasti-l

297 3458 372 3500 cam
390 3437 515 3500 curiam
540 3435 582 3499 ad
606 3433 757 3498 1111111111
783 3435 941 3526 mittatur,
968 3445 1004 3495 ut
1027 3433 1251 3497 terminetur.“
1279 3469 1326 3478 —
1352 3433 1419 3494 Hoc

296 3533 482 3598 damnavit.
521 3571 563 3580 —-
604 3532 633 3596 8.
675 3531 747 3616 ,De
771 3530 1049 3617 appellationibus
1088 3531 1115 3594 si
1149 3531 1346 3595 emerserint
1382 3527 1424 3606 ab]

298 3631 533 3696 archidiacono
559 3629 682 3700 debent
701 3630 879 3716 procedere
894 3629 936 3693 ad
952 3631 1144 3714 episcopum
1162 3639 1194 3693 et
1209 3628 1251 3692 ab
1267 3629 1424 3713 episcopo*

296 3729 341 3794 ad
366 3728 661 3816 archiepiscopum,
687 3739 720 3792 ct
743 3730 769 3792 si
793 3726 1064 3813 archiepiscopus
1080 3727 1223 3791 defuerit
1246 3717 1424 3810 injustitia

296 3827 499 3909 exhibenda,
524 3828 565 3890 ad
584 3827 756 3891 domiuum
773 3848 883 3910 regem
899 3825 1161 3911 perveniendum
1185 3833 1234 3887 est
1245 3837 1418 3909 postremo,

300 3938 336 3989 ut
359 3935 533 4011 praecepto
558 3927 662 4010 ipsius
686 3926 719 3988 iu
746 3926 838 3988 curia
861 3922 1103 4008 archiepiscopi
1120 3923 1348 3986 controversia
1363 3933 1418 3984 ter·

299 4025 452 4108 minetur,
486 4025 532 4087 ita
564 4022 652 4108 quod
684 4044 749 4087 nou
783 4015 903 4086 debeat
933 4020 1071 4085 ulterius
1094 4018 1271 4106 procedere
1295 4019 1418 4104 absque

297 4143 436 4186 assensu
459 4122 578 4206 regis.“
616 4159 657 4166 —
698 4119 771 4184 Hoc
795 4120 978 4184 damnavit.
1017 4155 1070 4194 -,
1100 4119 1130 4183 9.
1166 4116 1221 4200 „si
1254 4116 1424 4181 calumnia

297 4221 469 4283 emerserit
492 4221 577 4284 inter
601 4218 758 4282 clericum
783 4228 816 4282 11
838 4216 960 4281 laicum
986 4215 1038 4279 vel
1063 4239 1080 4280 e
1105 4235 1263 4280 converso
1288 4215 1332 4279 de
1357 4213 1424 4278 ullo
