<?xml version="1.0" encoding="UTF-8"?>
<!DOCTYPE html PUBLIC "-//W3C//DTD XHTML 1.0 Transitional//EN"
    "http://www.w3.org/TR/xhtml1/DTD/xhtml1-transitional.dtd">
<html xmlns="http://www.w3.org/1999/xhtml" xml:lang="en" lang="en">
 <head>
  <title>
</title>
<meta http-equiv="Content-Type" content="text/html;charset=utf-8" />
  <meta name='ocr-system' content='tesseract 3.04.00' />
  <meta name='ocr-capabilities' content='ocr_page ocr_carea ocr_par ocr_line ocrx_word'/>
</head>
<body>
  <div class='ocr_page' id='page_1' title='image "./dissertationess00junggoog_0343.png"; bbox 0 0 2828 4842; ppageno 0'>
   <div class='ocr_carea' id='block_1_1' title="bbox 270 434 1227 504">
    <p class='ocr_par' dir='ltr' id='par_1_1' title="bbox 270 434 1227 504">
     <span class='ocr_line' id='line_1_1' title="bbox 270 434 1227 504; baseline 0.005 -15"><span class='ocrx_word' id='word_1_1' title='bbox 270 434 323 490; x_wconf 76' lang='lat'><em>328</em></span> <span class='ocrx_word' id='word_1_2' title='bbox 430 437 546 493; x_wconf 83' lang='lat' dir='ltr'><em>xxvn.</em></span> <span class='ocrx_word' id='word_1_3' title='bbox 565 437 606 490; x_wconf 90' lang='lat' dir='ltr'><em>De</em></span> <span class='ocrx_word' id='word_1_4' title='bbox 623 435 727 492; x_wconf 74' lang='lat' dir='ltr'><em>huores,</em></span> <span class='ocrx_word' id='word_1_5' title='bbox 746 436 912 504; x_wconf 74' lang='lat' dir='ltr'><strong>repressione</strong></span> <span class='ocrx_word' id='word_1_6' title='bbox 930 453 963 491; x_wconf 83' lang='lat' dir='ltr'><em>sc</em></span> <span class='ocrx_word' id='word_1_7' title='bbox 979 437 1014 491; x_wconf 85' lang='lat' dir='ltr'><em>de</em></span> <span class='ocrx_word' id='word_1_8' title='bbox 1031 437 1227 495; x_wconf 75' lang='lat' dir='ltr'><em>Decretalibus.</em></span> 
     </span>
    </p>
   </div>
   <div class='ocr_carea' id='block_1_2' title="bbox 95 578 1401 4153">
    <p class='ocr_par' dir='ltr' id='par_1_2' title="bbox 95 578 1401 3508">
     <span class='ocr_line' id='line_1_2' title="bbox 103 578 1376 670; baseline 0.004 -28"><span class='ocrx_word' id='word_1_9' title='bbox 103 587 251 628; x_wconf 60' lang='lat' dir='ltr'><em>humenti·</em></span> <span class='ocrx_word' id='word_1_10' title='bbox 271 578 340 643; x_wconf 84' lang='lat' dir='ltr'><em>zelo</em></span> <span class='ocrx_word' id='word_1_11' title='bbox 356 590 470 644; x_wconf 87' lang='lat' dir='ltr'><em>saneta</em></span> <span class='ocrx_word' id='word_1_12' title='bbox 485 578 592 666; x_wconf 86' lang='lat' dir='ltr'><em>plenis</em></span> <span class='ocrx_word' id='word_1_13' title='bbox 607 579 650 644; x_wconf 89' lang='lat' dir='ltr'><em>ad</em></span> <span class='ocrx_word' id='word_1_14' title='bbox 666 603 740 644; x_wconf 84' lang='lat' dir='ltr'><em>eam</em></span> <span class='ocrx_word' id='word_1_15' title='bbox 757 582 922 646; x_wconf 85' lang='lat' dir='ltr'><em>evocavit.</em></span> <span class='ocrx_word' id='word_1_16' title='bbox 954 583 1020 670; x_wconf 87' lang='lat' dir='ltr'><em>ch</em></span> <span class='ocrx_word' id='word_1_17' title='bbox 1034 583 1134 668; x_wconf 68' lang='grc' dir='ltr'><em>ἐρίων</em></span> <span class='ocrx_word' id='word_1_18' title='bbox 1153 581 1244 647; x_wconf 75' lang='lat' dir='ltr'><em>mila</em></span> <span class='ocrx_word' id='word_1_19' title='bbox 1264 581 1376 662; x_wconf 76' lang='lat' dir='ltr'><em>Christi,</em></span> 
     </span>
     <span class='ocr_line' id='line_1_3' title="bbox 95 651 1378 767; baseline 0.005 -27"><span class='ocrx_word' id='word_1_20' title='bbox 95 651 219 752; x_wconf 48' lang='lat' dir='ltr'><em>omem</em></span> <span class='ocrx_word' id='word_1_21' title='bbox 226 651 260 690; x_wconf 40' lang='lat'><em>¹*</em></span> <span class='ocrx_word' id='word_1_22' title='bbox 269 675 384 741; x_wconf 84' lang='lat' dir='ltr'><em>scribit</em></span> <span class='ocrx_word' id='word_1_23' title='bbox 407 680 487 762; x_wconf 87' lang='lat' dir='ltr'><em>regi,</em></span> <span class='ocrx_word' id='word_1_24' title='bbox 512 682 563 767; x_wconf 85' lang='lat' dir='ltr'><em>eja</em></span> <span class='ocrx_word' id='word_1_25' title='bbox 586 680 844 743; x_wconf 56' lang='lat' dir='ltr'><em>christianissime</em></span> <span class='ocrx_word' id='word_1_26' title='bbox 862 680 1025 765; x_wconf 86' lang='lat' dir='ltr'><em>princeps,</em></span> <span class='ocrx_word' id='word_1_27' title='bbox 1049 692 1171 744; x_wconf 87' lang='lat' dir='ltr'><em>moreat</em></span> <span class='ocrx_word' id='word_1_28' title='bbox 1192 681 1378 766; x_wconf 75' lang='lat' dir='ltr'><em>retipiosissi·</em></span> 
     </span>
     <span class='ocr_line' id='line_1_4' title="bbox 268 777 1378 865; baseline 0.005 -27"><span class='ocrx_word' id='word_1_29' title='bbox 268 799 350 839; x_wconf 89' lang='lat' dir='ltr'><em>mum</em></span> <span class='ocrx_word' id='word_1_30' title='bbox 367 786 481 862; x_wconf 89' lang='lat' dir='ltr'><em>pectus</em></span> <span class='ocrx_word' id='word_1_31' title='bbox 504 787 590 840; x_wconf 90' lang='lat' dir='ltr'><em>tuum</em></span> <span class='ocrx_word' id='word_1_32' title='bbox 612 777 803 842; x_wconf 84' lang='lat' dir='ltr'><em>uniuersalis</em></span> <span class='ocrx_word' id='word_1_33' title='bbox 826 777 988 841; x_wconf 88' lang='lat' dir='ltr'><em>Ecclesiae</em></span> <span class='ocrx_word' id='word_1_34' title='bbox 1012 789 1138 842; x_wconf 89' lang='lat' dir='ltr'><em>sanctae</em></span> <span class='ocrx_word' id='word_1_35' title='bbox 1161 781 1301 865; x_wconf 76' lang='lat' dir='ltr'><em>pemitus,</em></span> <span class='ocrx_word' id='word_1_36' title='bbox 1324 803 1378 844; x_wconf 78' lang='lat' dir='ltr'><em>suc</em></span> 
     </span>
     <span class='ocr_line' id='line_1_5' title="bbox 268 874 1401 967; baseline 0.003 -29"><span class='ocrx_word' id='word_1_37' title='bbox 268 874 382 939; x_wconf 77' lang='lat' dir='ltr'><em>cendat</em></span> <span class='ocrx_word' id='word_1_38' title='bbox 414 885 442 937; x_wconf 92' lang='lat' dir='ltr'><em>te</em></span> <span class='ocrx_word' id='word_1_39' title='bbox 473 875 516 938; x_wconf 84' lang='lat' dir='ltr'><em>ud</em></span> <span class='ocrx_word' id='word_1_40' title='bbox 541 885 663 938; x_wconf 88' lang='lat' dir='ltr'><em>tantam</em></span> <span class='ocrx_word' id='word_1_41' title='bbox 691 877 755 938; x_wconf 87' lang='lat' dir='ltr'><em>Dei</em></span> <span class='ocrx_word' id='word_1_42' title='bbox 785 876 833 940; x_wconf 86' lang='lat' dir='ltr'><em>tui</em></span> <span class='ocrx_word' id='word_1_43' title='bbox 863 875 1092 940; x_wconf 84' lang='lat' dir='ltr'><em>uindicandam</em></span> <span class='ocrx_word' id='word_1_44' title='bbox 1124 878 1289 967; x_wconf 87' lang='lat' dir='ltr'><em>injuriam,</em></span> <span class='ocrx_word' id='word_1_45' title='bbox 1313 881 1401 964; x_wconf 48' lang='lat' dir='ltr'><em>pius¹</em></span> 
     </span>
     <span class='ocr_line' id='line_1_6' title="bbox 268 969 1380 1062; baseline 0.004 -27"><span class='ocrx_word' id='word_1_46' title='bbox 268 969 364 1036; x_wconf 83' lang='lat' dir='ltr'><em>zelus.</em></span> <span class='ocrx_word' id='word_1_47' title='bbox 425 971 625 1037; x_wconf 81' lang='lat' dir='ltr'><em>Clementem</em></span> <span class='ocrx_word' id='word_1_48' title='bbox 648 973 693 1037; x_wconf 79' lang='lat' dir='ltr'><em>ad</em></span> <span class='ocrx_word' id='word_1_49' title='bbox 717 985 745 1036; x_wconf 89' lang='lat' dir='ltr'><em>te</em></span> <span class='ocrx_word' id='word_1_50' title='bbox 762 974 846 1062; x_wconf 83' lang='lat' dir='ltr'><em>justi</em></span> <span class='ocrx_word' id='word_1_51' title='bbox 878 975 1044 1058; x_wconf 73' lang='lat' dir='ltr'><em>sanquinis</em></span> <span class='ocrx_word' id='word_1_52' title='bbox 1074 997 1177 1038; x_wconf 85' lang='lat' dir='ltr'><em>nocem</em></span> <span class='ocrx_word' id='word_1_53' title='bbox 1207 977 1331 1053; x_wconf 80' lang='lat' dir='ltr'><em>audias,</em></span> <span class='ocrx_word' id='word_1_54' title='bbox 1357 987 1380 1039; x_wconf 85' lang='lat' dir='ltr'><em>et</em></span> 
     </span>
     <span class='ocr_line' id='line_1_7' title="bbox 266 1071 1380 1160; baseline 0.006 -28"><span class='ocrx_word' id='word_1_55' title='bbox 266 1081 377 1134; x_wconf 88' lang='lat' dir='ltr'><em>contra</em></span> <span class='ocrx_word' id='word_1_56' title='bbox 401 1081 570 1156; x_wconf 49' lang='lat' dir='ltr'><em>mannum</em></span> <span class='ocrx_word' id='word_1_57' title='bbox 592 1072 767 1157; x_wconf 72' lang='lat' dir='ltr'><em>hostemque</em></span> <span class='ocrx_word' id='word_1_58' title='bbox 788 1071 872 1154; x_wconf 81' lang='lat' dir='ltr'><em>fidei</em></span> <span class='ocrx_word' id='word_1_59' title='bbox 894 1082 1014 1136; x_wconf 88' lang='lat' dir='ltr'><em>scutum</em></span> <span class='ocrx_word' id='word_1_60' title='bbox 1038 1096 1102 1157; x_wconf 90' lang='lat' dir='ltr'><em>pro</em></span> <span class='ocrx_word' id='word_1_61' title='bbox 1126 1072 1288 1138; x_wconf 75' lang='lat' dir='ltr'><em>Ecclesiae</em></span> <span class='ocrx_word' id='word_1_62' title='bbox 1317 1098 1380 1160; x_wconf 89' lang='lat' dir='ltr'><em>pro-</em></span> 
     </span>
     <span class='ocr_line' id='line_1_8' title="bbox 267 1164 1381 1256; baseline 0.004 -26"><span class='ocrx_word' id='word_1_63' title='bbox 267 1171 398 1232; x_wconf 89' lang='lat' dir='ltr'><em>tectione</em></span> <span class='ocrx_word' id='word_1_64' title='bbox 422 1192 573 1235; x_wconf 88' lang='lat' dir='ltr'><em>assumas.</em></span> <span class='ocrx_word' id='word_1_65' title='bbox 601 1219 608 1234; x_wconf 92' lang='lat'><strong>.</strong></span> <span class='ocrx_word' id='word_1_66' title='bbox 634 1219 642 1234; x_wconf 92' lang='lat'>.</span> <span class='ocrx_word' id='word_1_67' title='bbox 667 1218 675 1233; x_wconf 91' lang='lat'><strong>.</strong></span> <span class='ocrx_word' id='word_1_68' title='bbox 705 1170 746 1234; x_wconf 88' lang='lat' dir='ltr'><em>Ut</em></span> <span class='ocrx_word' id='word_1_69' title='bbox 767 1164 931 1233; x_wconf 88' lang='lat' dir='ltr'><em>materiali</em></span> <span class='ocrx_word' id='word_1_70' title='bbox 955 1180 985 1233; x_wconf 92' lang='lat' dir='ltr'><em>et</em></span> <span class='ocrx_word' id='word_1_71' title='bbox 1007 1171 1173 1256; x_wconf 76' lang='lat' dir='ltr'><em>spirituali</em></span> <span class='ocrx_word' id='word_1_72' title='bbox 1187 1169 1306 1256; x_wconf 79' lang='lat' dir='ltr'><em>pladiis</em></span> <span class='ocrx_word' id='word_1_73' title='bbox 1328 1173 1381 1235; x_wconf 84' lang='lat' dir='ltr'><em>sibi</em></span> 
     </span>
     <span class='ocr_line' id='line_1_9' title="bbox 266 1266 1383 1356; baseline 0.003 -27"><span class='ocrx_word' id='word_1_74' title='bbox 266 1267 398 1329; x_wconf 88' lang='lat' dir='ltr'><em>inuicem</em></span> <span class='ocrx_word' id='word_1_75' title='bbox 414 1266 642 1347; x_wconf 82' lang='lat' dir='ltr'><em>assistentibus,</em></span> <span class='ocrx_word' id='word_1_76' title='bbox 667 1267 749 1330; x_wconf 86' lang='lat' dir='ltr'><em>alter</em></span> <span class='ocrx_word' id='word_1_77' title='bbox 758 1291 821 1354; x_wconf 85' lang='lat' dir='ltr'><em>per</em></span> <span class='ocrx_word' id='word_1_78' title='bbox 835 1267 969 1330; x_wconf 88' lang='lat' dir='ltr'><em>alterum</em></span> <span class='ocrx_word' id='word_1_79' title='bbox 984 1268 1160 1356; x_wconf 61' lang='lat' dir='ltr'><em>adjuvetur.</em></span> <span class='ocrx_word' id='word_1_80' title='bbox 1205 1267 1281 1334; x_wconf 87' lang='lat' dir='ltr'><em>Cum</em></span> <span class='ocrx_word' id='word_1_81' title='bbox 1295 1273 1383 1356; x_wconf 69' lang='lat' dir='ltr'><em>ipitur</em></span> 
     </span>
     <span class='ocr_line' id='line_1_10' title="bbox 261 1363 1401 1455; baseline 0.004 -29"><span class='ocrx_word' id='word_1_82' title='bbox 261 1373 337 1450; x_wconf 87' lang='lat' dir='ltr'><em>post</em></span> <span class='ocrx_word' id='word_1_83' title='bbox 359 1365 610 1450; x_wconf 89' lang='lat' dir='ltr'><em>interfectionem</em></span> <span class='ocrx_word' id='word_1_84' title='bbox 628 1363 779 1451; x_wconf 87' lang='lat' dir='ltr'><em>praefati</em></span> <span class='ocrx_word' id='word_1_85' title='bbox 795 1366 888 1455; x_wconf 87' lang='lat' dir='ltr'><em>justi,</em></span> <span class='ocrx_word' id='word_1_86' title='bbox 916 1365 1060 1428; x_wconf 82' lang='lat' dir='ltr'><em>Ecclesia</em></span> <span class='ocrx_word' id='word_1_87' title='bbox 1083 1388 1162 1449; x_wconf 78' lang='lat' dir='ltr'><em>quae</em></span> <span class='ocrx_word' id='word_1_88' title='bbox 1185 1369 1221 1430; x_wconf 91' lang='lat' dir='ltr'><em>in</em></span> <span class='ocrx_word' id='word_1_89' title='bbox 1239 1369 1401 1453; x_wconf 50' lang='lat' dir='ltr'><em>partibus*</em></span> 
     </span>
     <span class='ocr_line' id='line_1_11' title="bbox 270 1460 1401 1547; baseline 0.004 -25"><span class='ocrx_word' id='word_1_90' title='bbox 270 1460 339 1525; x_wconf 89' lang='lat' dir='ltr'><em>illis</em></span> <span class='ocrx_word' id='word_1_91' title='bbox 361 1472 407 1526; x_wconf 89' lang='lat' dir='ltr'><em>est</em></span> <span class='ocrx_word' id='word_1_92' title='bbox 431 1461 546 1547; x_wconf 79' lang='lat' dir='ltr'><em>absque</em></span> <span class='ocrx_word' id='word_1_93' title='bbox 570 1460 765 1526; x_wconf 79' lang='lat' dir='ltr'><em>consolatore</em></span> <span class='ocrx_word' id='word_1_94' title='bbox 796 1464 831 1526; x_wconf 90' lang='lat' dir='ltr'><em>in</em></span> <span class='ocrx_word' id='word_1_95' title='bbox 863 1464 997 1526; x_wconf 88' lang='lat' dir='ltr'><em>trist-itia</em></span> <span class='ocrx_word' id='word_1_96' title='bbox 1026 1475 1054 1526; x_wconf 92' lang='lat' dir='ltr'><em>et</em></span> <span class='ocrx_word' id='word_1_97' title='bbox 1085 1487 1224 1528; x_wconf 88' lang='lat' dir='ltr'><em>moerore</em></span> <span class='ocrx_word' id='word_1_98' title='bbox 1256 1467 1401 1538; x_wconf 57' lang='lat' dir='ltr'><em>ommate?</em></span> 
     </span>
     <span class='ocr_line' id='line_1_12' title="bbox 256 1557 1401 1647; baseline 0.004 -25"><span class='ocrx_word' id='word_1_99' title='bbox 256 1557 342 1642; x_wconf 79' lang='lat' dir='ltr'><em>fides</em></span> <span class='ocrx_word' id='word_1_100' title='bbox 366 1561 538 1638; x_wconf 81' lang='lat' dir='ltr'><em>evanuisse,</em></span> <span class='ocrx_word' id='word_1_101' title='bbox 558 1563 695 1645; x_wconf 87' lang='lat' dir='ltr'><em>periisse</em></span> <span class='ocrx_word' id='word_1_102' title='bbox 715 1583 797 1646; x_wconf 75' lang='lat' dir='ltr'><em>pau,</em></span> <span class='ocrx_word' id='word_1_103' title='bbox 829 1563 987 1626; x_wconf 77' lang='lat' dir='ltr'><em>haeretica</em></span> <span class='ocrx_word' id='word_1_104' title='bbox 1005 1564 1109 1647; x_wconf 88' lang='lat' dir='ltr'><em>pestis</em></span> <span class='ocrx_word' id='word_1_105' title='bbox 1132 1575 1162 1626; x_wconf 89' lang='lat' dir='ltr'><em>et</em></span> <span class='ocrx_word' id='word_1_106' title='bbox 1184 1564 1310 1630; x_wconf 84' lang='lat' dir='ltr'><em>bostilis</em></span> <span class='ocrx_word' id='word_1_107' title='bbox 1338 1577 1401 1627; x_wconf 53' lang='lat' dir='ltr'><em>ra*</em></span> 
     </span>
     <span class='ocr_line' id='line_1_13' title="bbox 266 1654 1401 1750; baseline 0.004 -31"><span class='ocrx_word' id='word_1_108' title='bbox 266 1657 331 1720; x_wconf 81' lang='lat' dir='ltr'><em>lies</em></span> <span class='ocrx_word' id='word_1_109' title='bbox 355 1654 527 1721; x_wconf 84' lang='lat' dir='ltr'><em>invaluisse</em></span> <span class='ocrx_word' id='word_1_110' title='bbox 551 1658 713 1736; x_wconf 81' lang='lat' dir='ltr'><em>dieantur,</em></span> <span class='ocrx_word' id='word_1_111' title='bbox 745 1682 782 1722; x_wconf 92' lang='lat' dir='ltr'><em>ac</em></span> <span class='ocrx_word' id='word_1_112' title='bbox 810 1661 876 1722; x_wconf 90' lang='lat' dir='ltr'><em>nisi</em></span> <span class='ocrx_word' id='word_1_113' title='bbox 903 1670 1049 1744; x_wconf 87' lang='lat' dir='ltr'><em>potenter</em></span> <span class='ocrx_word' id='word_1_114' title='bbox 1080 1662 1116 1724; x_wconf 89' lang='lat' dir='ltr'><em>in</em></span> <span class='ocrx_word' id='word_1_115' title='bbox 1138 1663 1230 1750; x_wconf 84' lang='lat' dir='ltr'><em>bajus</em></span> <span class='ocrx_word' id='word_1_116' title='bbox 1252 1667 1401 1726; x_wconf 58' lang='lat' dir='ltr'><em>noctura</em></span> 
     </span>
     <span class='ocr_line' id='line_1_14' title="bbox 259 1753 1401 1843; baseline 0.004 -25"><span class='ocrx_word' id='word_1_117' title='bbox 259 1753 423 1840; x_wconf 89' lang='lat' dir='ltr'><em>procellae</em></span> <span class='ocrx_word' id='word_1_118' title='bbox 453 1767 654 1820; x_wconf 87' lang='lat' dir='ltr'><em>succurratur</em></span> <span class='ocrx_word' id='word_1_119' title='bbox 684 1755 793 1834; x_wconf 83' lang='lat' dir='ltr'><em>eidem,</em></span> <span class='ocrx_word' id='word_1_120' title='bbox 823 1779 927 1842; x_wconf 89' lang='lat' dir='ltr'><em>paene</em></span> <span class='ocrx_word' id='word_1_121' title='bbox 945 1760 1077 1843; x_wconf 87' lang='lat' dir='ltr'><em>penitus</em></span> <span class='ocrx_word' id='word_1_122' title='bbox 1106 1759 1401 1824; x_wconf 65' lang='lat' dir='ltr'><em>vicecomitatum</em></span> 
     </span>
     <span class='ocr_line' id='line_1_15' title="bbox 265 1853 1401 1946; baseline 0.004 -30"><span class='ocrx_word' id='word_1_123' title='bbox 265 1854 359 1916; x_wconf 84' lang='lat' dir='ltr'><em>nauis</em></span> <span class='ocrx_word' id='word_1_124' title='bbox 382 1853 542 1917; x_wconf 82' lang='lat' dir='ltr'><em>Ecclesiae</em></span> <span class='ocrx_word' id='word_1_125' title='bbox 569 1853 774 1940; x_wconf 79' lang='lat' dir='ltr'><em>naufrapari‚</em></span> <span class='ocrx_word' id='word_1_126' title='bbox 807 1855 925 1940; x_wconf 79' lang='lat' dir='ltr'><em>repulia</em></span> <span class='ocrx_word' id='word_1_127' title='bbox 957 1857 1212 1922; x_wconf 75' lang='lat' dir='ltr'><em>mansuetudinis</em></span> <span class='ocrx_word' id='word_1_128' title='bbox 1236 1862 1401 1946; x_wconf 71' lang='lat' dir='ltr'><em>pietatemt</em></span> 
     </span>
     <span class='ocr_line' id='line_1_16' title="bbox 265 1949 1401 2038; baseline 0.004 -24"><span class='ocrx_word' id='word_1_129' title='bbox 265 1973 424 2014; x_wconf 90' lang='lat' dir='ltr'><em>monemus</em></span> <span class='ocrx_word' id='word_1_130' title='bbox 453 1953 606 2016; x_wconf 87' lang='lat' dir='ltr'><em>attentius</em></span> <span class='ocrx_word' id='word_1_131' title='bbox 636 1962 666 2014; x_wconf 90' lang='lat' dir='ltr'><em>ct</em></span> <span class='ocrx_word' id='word_1_132' title='bbox 692 1955 886 2038; x_wconf 80' lang='lat' dir='ltr'><em>propensius</em></span> <span class='ocrx_word' id='word_1_133' title='bbox 918 1954 1137 2034; x_wconf 74' lang='lat' dir='ltr'><em>exhortamur,</em></span> <span class='ocrx_word' id='word_1_134' title='bbox 1172 1981 1210 2020; x_wconf 88' lang='lat' dir='ltr'><em>ac</em></span> <span class='ocrx_word' id='word_1_135' title='bbox 1239 1959 1273 2021; x_wconf 90' lang='lat' dir='ltr'><em>in</em></span> <span class='ocrx_word' id='word_1_136' title='bbox 1303 1949 1401 2028; x_wconf 73' lang='lat' dir='ltr'><em>tantoi</em></span> 
     </span>
     <span class='ocr_line' id='line_1_17' title="bbox 264 2051 1401 2143; baseline 0.004 -29"><span class='ocrx_word' id='word_1_137' title='bbox 264 2051 462 2114; x_wconf 76' lang='lat' dir='ltr'><em>necessitatis</em></span> <span class='ocrx_word' id='word_1_138' title='bbox 486 2051 620 2115; x_wconf 87' lang='lat' dir='ltr'><em>articulo</em></span> <span class='ocrx_word' id='word_1_139' title='bbox 645 2054 680 2116; x_wconf 89' lang='lat' dir='ltr'><em>in</em></span> <span class='ocrx_word' id='word_1_140' title='bbox 702 2055 817 2116; x_wconf 72' lang='lat' dir='ltr'><em>uirtute</em></span> <span class='ocrx_word' id='word_1_141' title='bbox 838 2051 960 2117; x_wconf 76' lang='lat' dir='ltr'><em>Christi</em></span> <span class='ocrx_word' id='word_1_142' title='bbox 982 2054 1171 2136; x_wconf 65' lang='lat' dir='ltr'><em>corfidentes</em></span> <span class='ocrx_word' id='word_1_143' title='bbox 1188 2057 1382 2143; x_wconf 64' lang='lat' dir='ltr'><em>injungimus,</em></span> <span class='ocrx_word' id='word_1_144' title='bbox 1400 2063 1401 2122; x_wconf 75' lang='lat' dir='ltr'><em>t</em></span> 
     </span>
     <span class='ocr_line' id='line_1_18' title="bbox 266 2150 1384 2237; baseline 0.004 -26"><span class='ocrx_word' id='word_1_145' title='bbox 266 2160 297 2212; x_wconf 89' lang='lat' dir='ltr'><em>et</em></span> <span class='ocrx_word' id='word_1_146' title='bbox 318 2150 353 2211; x_wconf 91' lang='lat' dir='ltr'><em>in</em></span> <span class='ocrx_word' id='word_1_147' title='bbox 375 2151 589 2213; x_wconf 85' lang='lat' dir='ltr'><em>remissionem</em></span> <span class='ocrx_word' id='word_1_148' title='bbox 613 2152 832 2235; x_wconf 82' lang='lat' dir='ltr'><em>peccaminum</em></span> <span class='ocrx_word' id='word_1_149' title='bbox 863 2150 1074 2236; x_wconf 74' lang='lat' dir='ltr'><em>indulpemus,</em></span> <span class='ocrx_word' id='word_1_150' title='bbox 1106 2164 1259 2237; x_wconf 81' lang='lat' dir='ltr'><em>quatenus</em></span> <span class='ocrx_word' id='word_1_151' title='bbox 1294 2156 1384 2216; x_wconf 82' lang='lat' dir='ltr'><em>tantis</em></span> 
     </span>
     <span class='ocr_line' id='line_1_19' title="bbox 265 2245 1401 2336; baseline 0.002 -26"><span class='ocrx_word' id='word_1_152' title='bbox 265 2245 360 2311; x_wconf 88' lang='lat' dir='ltr'><em>malis</em></span> <span class='ocrx_word' id='word_1_153' title='bbox 390 2271 549 2312; x_wconf 87' lang='lat' dir='ltr'><em>occurrere</em></span> <span class='ocrx_word' id='word_1_154' title='bbox 591 2271 655 2312; x_wconf 91' lang='lat' dir='ltr'><em>non</em></span> <span class='ocrx_word' id='word_1_155' title='bbox 688 2259 875 2334; x_wconf 82' lang='lat' dir='ltr'><em>postponas,</em></span> <span class='ocrx_word' id='word_1_156' title='bbox 910 2260 940 2313; x_wconf 89' lang='lat' dir='ltr'><em>et</em></span> <span class='ocrx_word' id='word_1_157' title='bbox 972 2251 1149 2327; x_wconf 81' lang='lat' dir='ltr'><em>attendens,</em></span> <span class='ocrx_word' id='word_1_158' title='bbox 1182 2251 1265 2335; x_wconf 81' lang='lat' dir='ltr'><em>quod</em></span> <span class='ocrx_word' id='word_1_159' title='bbox 1298 2251 1401 2336; x_wconf 70' lang='lat' dir='ltr'><em>usqimi</em></span> 
     </span>
     <span class='ocr_line' id='line_1_20' title="bbox 267 2345 1401 2434; baseline 0.001 -26"><span class='ocrx_word' id='word_1_160' title='bbox 267 2345 346 2408; x_wconf 82' lang='lat' dir='ltr'><em>adea</em></span> <span class='ocrx_word' id='word_1_161' title='bbox 369 2369 475 2431; x_wconf 82' lang='lat' dir='ltr'><em>repam</em></span> <span class='ocrx_word' id='word_1_162' title='bbox 498 2347 540 2408; x_wconf 88' lang='lat' dir='ltr'><em>sit</em></span> <span class='ocrx_word' id='word_1_163' title='bbox 563 2346 701 2430; x_wconf 80' lang='lat' dir='ltr'><em>officium</em></span> <span class='ocrx_word' id='word_1_164' title='bbox 724 2348 758 2409; x_wconf 90' lang='lat' dir='ltr'><em>in</em></span> <span class='ocrx_word' id='word_1_165' title='bbox 782 2369 876 2430; x_wconf 80' lang='lat' dir='ltr'><em>repas</em></span> <span class='ocrx_word' id='word_1_166' title='bbox 901 2369 956 2410; x_wconf 85' lang='lat' dir='ltr'><em>suo</em></span> <span class='ocrx_word' id='word_1_167' title='bbox 978 2349 1070 2433; x_wconf 83' lang='lat' dir='ltr'><em>pacis</em></span> <span class='ocrx_word' id='word_1_168' title='bbox 1090 2349 1248 2434; x_wconf 73' lang='lat' dir='ltr'><em>nepotium</em></span> <span class='ocrx_word' id='word_1_169' title='bbox 1265 2359 1401 2434; x_wconf 70' lang='lat' dir='ltr'><em>promo-t</em></span> 
     </span>
     <span class='ocr_line' id='line_1_21' title="bbox 264 2443 1401 2532; baseline 0.003 -26"><span class='ocrx_word' id='word_1_170' title='bbox 264 2465 345 2521; x_wconf 85' lang='lat' dir='ltr'><em>uere,</em></span> <span class='ocrx_word' id='word_1_171' title='bbox 376 2443 460 2526; x_wconf 80' lang='lat' dir='ltr'><em>quod</em></span> <span class='ocrx_word' id='word_1_172' title='bbox 491 2467 596 2530; x_wconf 77' lang='lat' dir='ltr'><em>rapum</em></span> <span class='ocrx_word' id='word_1_173' title='bbox 629 2445 880 2528; x_wconf 88' lang='lat' dir='ltr'><em>sapientissimus</em></span> <span class='ocrx_word' id='word_1_174' title='bbox 910 2443 1060 2508; x_wconf 79' lang='lat' dir='ltr'><em>Salomon</em></span> <span class='ocrx_word' id='word_1_175' title='bbox 1097 2446 1132 2508; x_wconf 90' lang='lat' dir='ltr'><em>ia</em></span> <span class='ocrx_word' id='word_1_176' title='bbox 1155 2445 1263 2532; x_wconf 68' lang='lat' dir='ltr'><em>sipara</em></span> <span class='ocrx_word' id='word_1_177' title='bbox 1298 2448 1401 2531; x_wconf 62' lang='lat' dir='ltr'><em>Repo}</em></span> 
     </span>
     <span class='ocr_line' id='line_1_22' title="bbox 266 2540 1401 2627; baseline 0.002 -25"><span class='ocrx_word' id='word_1_178' title='bbox 266 2540 468 2626; x_wconf 85' lang='lat' dir='ltr'><em>aeternisuit</em></span> <span class='ocrx_word' id='word_1_179' title='bbox 477 2541 632 2626; x_wconf 75' lang='lat' dir='ltr'><em>pacificus</em></span> <span class='ocrx_word' id='word_1_180' title='bbox 648 2541 841 2627; x_wconf 86' lang='lat' dir='ltr'><em>appellatus,</em></span> <span class='ocrx_word' id='word_1_181' title='bbox 866 2542 910 2604; x_wconf 79' lang='lat' dir='ltr'><em>acl</em></span> <span class='ocrx_word' id='word_1_182' title='bbox 930 2542 1164 2627; x_wconf 80' lang='lat' dir='ltr'><em>pacificandum</em></span> <span class='ocrx_word' id='word_1_183' title='bbox 1183 2552 1295 2627; x_wconf 72' lang='lat' dir='ltr'><em>pentes</em></span> <span class='ocrx_word' id='word_1_184' title='bbox 1317 2543 1401 2616; x_wconf 69' lang='lat' dir='ltr'><em>illari</em></span> 
     </span>
     <span class='ocr_line' id='line_1_23' title="bbox 266 2637 1401 2726; baseline 0.005 -24"><span class='ocrx_word' id='word_1_185' title='bbox 266 2641 300 2702; x_wconf 88' lang='lat' dir='ltr'><em>in</em></span> <span class='ocrx_word' id='word_1_186' title='bbox 325 2661 358 2702; x_wconf 91' lang='lat' dir='ltr'><em>eo</em></span> <span class='ocrx_word' id='word_1_187' title='bbox 383 2640 438 2724; x_wconf 84' lang='lat' dir='ltr'><em>qui</em></span> <span class='ocrx_word' id='word_1_188' title='bbox 460 2651 506 2703; x_wconf 89' lang='lat' dir='ltr'><em>est</em></span> <span class='ocrx_word' id='word_1_189' title='bbox 528 2641 617 2703; x_wconf 89' lang='lat' dir='ltr'><em>Deus</em></span> <span class='ocrx_word' id='word_1_190' title='bbox 634 2641 731 2725; x_wconf 86' lang='lat' dir='ltr'><em>pacis</em></span> <span class='ocrx_word' id='word_1_191' title='bbox 760 2650 790 2702; x_wconf 89' lang='lat' dir='ltr'><em>et</em></span> <span class='ocrx_word' id='word_1_192' title='bbox 817 2637 997 2704; x_wconf 84' lang='lat' dir='ltr'><em>dilectionis</em></span> <span class='ocrx_word' id='word_1_193' title='bbox 1019 2640 1179 2718; x_wconf 81' lang='lat' dir='ltr'><em>intendas,</em></span> <span class='ocrx_word' id='word_1_194' title='bbox 1211 2651 1241 2704; x_wconf 88' lang='lat' dir='ltr'><em>et</em></span> <span class='ocrx_word' id='word_1_195' title='bbox 1269 2641 1401 2726; x_wconf 75' lang='lat' dir='ltr'><em>quibus-i</em></span> 
     </span>
     <span class='ocr_line' id='line_1_24' title="bbox 265 2725 1401 2822; baseline 0.002 -22"><span class='ocrx_word' id='word_1_196' title='bbox 265 2760 392 2822; x_wconf 83' lang='lat' dir='ltr'><em>cumque</em></span> <span class='ocrx_word' id='word_1_197' title='bbox 415 2737 518 2802; x_wconf 83' lang='lat' dir='ltr'><em>modis</em></span> <span class='ocrx_word' id='word_1_198' title='bbox 540 2738 728 2802; x_wconf 82' lang='lat' dir='ltr'><em>revelaverit</em></span> <span class='ocrx_word' id='word_1_199' title='bbox 760 2737 819 2801; x_wconf 87' lang='lat' dir='ltr'><em>tibi</em></span> <span class='ocrx_word' id='word_1_200' title='bbox 842 2737 943 2816; x_wconf 85' lang='lat' dir='ltr'><em>Deus,</em></span> <span class='ocrx_word' id='word_1_201' title='bbox 975 2739 1165 2802; x_wconf 80' lang='lat' dir='ltr'><em>haereticam</em></span> <span class='ocrx_word' id='word_1_202' title='bbox 1196 2749 1301 2802; x_wconf 89' lang='lat' dir='ltr'><em>tamen</em></span> <span class='ocrx_word' id='word_1_203' title='bbox 1331 2725 1401 2818; x_wconf 73' lang='lat' dir='ltr'><em>stu-i</em></span> 
     </span>
     <span class='ocr_line' id='line_1_25' title="bbox 266 2827 1401 2922; baseline 0 -24"><span class='ocrx_word' id='word_1_204' title='bbox 266 2835 344 2898; x_wconf 82' lang='lat' dir='ltr'><em>deas</em></span> <span class='ocrx_word' id='word_1_205' title='bbox 362 2835 534 2920; x_wconf 74' lang='lat' dir='ltr'><em>perfidiam</em></span> <span class='ocrx_word' id='word_1_206' title='bbox 558 2835 692 2916; x_wconf 82' lang='lat' dir='ltr'><em>abolere,</em></span> <span class='ocrx_word' id='word_1_207' title='bbox 717 2845 886 2900; x_wconf 85' lang='lat' dir='ltr'><em>sectatores</em></span> <span class='ocrx_word' id='word_1_208' title='bbox 914 2837 1017 2922; x_wconf 89' lang='lat' dir='ltr'><em>ipsius</em></span> <span class='ocrx_word' id='word_1_209' title='bbox 1041 2860 1075 2900; x_wconf 91' lang='lat' dir='ltr'><em>eo</em></span> <span class='ocrx_word' id='word_1_210' title='bbox 1099 2859 1193 2921; x_wconf 78' lang='lat' dir='ltr'><em>quam</em></span> <span class='ocrx_word' id='word_1_211' title='bbox 1216 2827 1401 2900; x_wconf 62' lang='lat' dir='ltr'><em>Soracenesl</em></span> 
     </span>
     <span class='ocr_line' id='line_1_26' title="bbox 266 2931 1401 3022; baseline -0.001 -27"><span class='ocrx_word' id='word_1_212' title='bbox 266 2935 405 2996; x_wconf 81' lang='lat' dir='ltr'><em>senarios</em></span> <span class='ocrx_word' id='word_1_213' title='bbox 437 2956 495 3019; x_wconf 87' lang='lat' dir='ltr'><em>quo</em></span> <span class='ocrx_word' id='word_1_214' title='bbox 520 2939 650 3022; x_wconf 85' lang='lat' dir='ltr'><em>pejores</em></span> <span class='ocrx_word' id='word_1_215' title='bbox 681 2943 754 2997; x_wconf 79' lang='lat' dir='ltr'><em>ment</em></span> <span class='ocrx_word' id='word_1_216' title='bbox 785 2931 871 3012; x_wconf 84' lang='lat' dir='ltr'><em>illis,</em></span> <span class='ocrx_word' id='word_1_217' title='bbox 904 2935 939 2996; x_wconf 89' lang='lat' dir='ltr'><em>in</em></span> <span class='ocrx_word' id='word_1_218' title='bbox 969 2957 1065 2997; x_wconf 90' lang='lat' dir='ltr'><em>manu</em></span> <span class='ocrx_word' id='word_1_219' title='bbox 1088 2933 1176 3020; x_wconf 74' lang='lat' dir='ltr'><em>forti</em></span> <span class='ocrx_word' id='word_1_220' title='bbox 1206 2945 1236 2996; x_wconf 93' lang='lat' dir='ltr'><em>et</em></span> <span class='ocrx_word' id='word_1_221' title='bbox 1269 2937 1401 3012; x_wconf 66' lang='lat' dir='ltr'><em>extento}</em></span> 
     </span>
     <span class='ocr_line' id='line_1_27' title="bbox 266 3017 1401 3117; baseline 0 -24"><span class='ocrx_word' id='word_1_222' title='bbox 266 3030 394 3094; x_wconf 78' lang='lat' dir='ltr'><em>bractio</em></span> <span class='ocrx_word' id='word_1_223' title='bbox 418 3031 676 3117; x_wconf 80' lang='lat' dir='ltr'><em>impupnando.¹)</em></span> <span class='ocrx_word' id='word_1_224' title='bbox 716 3030 899 3116; x_wconf 83' lang='lat' dir='ltr'><em>¹Philippus</em></span> <span class='ocrx_word' id='word_1_225' title='bbox 933 3030 1068 3116; x_wconf 91' lang='lat' dir='ltr'><em>quidem</em></span> <span class='ocrx_word' id='word_1_226' title='bbox 1100 3033 1170 3116; x_wconf 84' lang='lat' dir='ltr'><em>ipse</em></span> <span class='ocrx_word' id='word_1_227' title='bbox 1201 3053 1296 3095; x_wconf 86' lang='lat' dir='ltr'><em>arma</em></span> <span class='ocrx_word' id='word_1_228' title='bbox 1327 3017 1401 3095; x_wconf 65' lang='lat' dir='ltr'><em>noni</em></span> 
     </span>
     <span class='ocr_line' id='line_1_28' title="bbox 266 3122 1401 3215; baseline -0.003 -20"><span class='ocrx_word' id='word_1_229' title='bbox 266 3131 417 3215; x_wconf 82' lang='lat' dir='ltr'><em>sumpsit,</em></span> <span class='ocrx_word' id='word_1_230' title='bbox 450 3129 507 3194; x_wconf 87' lang='lat' dir='ltr'><em>sed</em></span> <span class='ocrx_word' id='word_1_231' title='bbox 533 3128 627 3194; x_wconf 90' lang='lat' dir='ltr'><em>multi</em></span> <span class='ocrx_word' id='word_1_232' title='bbox 653 3151 694 3193; x_wconf 87' lang='lat' dir='ltr'><em>ex</em></span> <span class='ocrx_word' id='word_1_233' title='bbox 719 3129 791 3214; x_wconf 86' lang='lat' dir='ltr'><em>ejus</em></span> <span class='ocrx_word' id='word_1_234' title='bbox 814 3128 959 3210; x_wconf 83' lang='lat' dir='ltr'><em>vasallis,</em></span> <span class='ocrx_word' id='word_1_235' title='bbox 990 3131 1077 3193; x_wconf 89' lang='lat' dir='ltr'><em>inter</em></span> <span class='ocrx_word' id='word_1_236' title='bbox 1099 3151 1181 3214; x_wconf 84' lang='lat' dir='ltr'><em>quos</em></span> <span class='ocrx_word' id='word_1_237' title='bbox 1205 3129 1319 3194; x_wconf 83' lang='lat' dir='ltr'><em>Eudes</em></span> <span class='ocrx_word' id='word_1_238' title='bbox 1342 3122 1401 3194; x_wconf 65' lang='lat'><em>1111</em></span> 
     </span>
     <span class='ocr_line' id='line_1_29' title="bbox 267 3226 1401 3314; baseline -0.003 -21"><span class='ocrx_word' id='word_1_239' title='bbox 267 3229 337 3293; x_wconf 88' lang='lat' dir='ltr'><em>dux</em></span> <span class='ocrx_word' id='word_1_240' title='bbox 361 3228 586 3313; x_wconf 84' lang='lat' dir='ltr'><em>Burgundiue,</em></span> <span class='ocrx_word' id='word_1_241' title='bbox 618 3226 734 3292; x_wconf 86' lang='lat' dir='ltr'><em>Simon</em></span> <span class='ocrx_word' id='word_1_242' title='bbox 766 3227 807 3290; x_wconf 86' lang='lat' dir='ltr'><em>de</em></span> <span class='ocrx_word' id='word_1_243' title='bbox 832 3227 1029 3292; x_wconf 86' lang='lat' dir='ltr'><em>Monteforte</em></span> <span class='ocrx_word' id='word_1_244' title='bbox 1059 3227 1184 3314; x_wconf 83' lang='lat' dir='ltr'><em>aliique</em></span> <span class='ocrx_word' id='word_1_245' title='bbox 1215 3227 1313 3292; x_wconf 87' lang='lat' dir='ltr'><em>multi</em></span> <span class='ocrx_word' id='word_1_246' title='bbox 1343 3237 1401 3290; x_wconf 66' lang='lat' dir='ltr'><em>cot</em></span> 
     </span>
     <span class='ocr_line' id='line_1_30' title="bbox 266 3323 1401 3410; baseline -0.002 -18"><span class='ocrx_word' id='word_1_247' title='bbox 266 3329 374 3408; x_wconf 86' lang='lat' dir='ltr'><em>mites,</em></span> <span class='ocrx_word' id='word_1_248' title='bbox 400 3328 620 3410; x_wconf 84' lang='lat' dir='ltr'><em>crucesignati</em></span> <span class='ocrx_word' id='word_1_249' title='bbox 645 3337 731 3392; x_wconf 88' lang='lat' dir='ltr'><em>sunt.</em></span> <span class='ocrx_word' id='word_1_250' title='bbox 1400 3323 1401 3344; x_wconf 54' lang='lat'><em>*</em></span> 
     </span>
     <span class='ocr_line' id='line_1_31' title="bbox 358 3422 1401 3508; baseline -0.003 -20"><span class='ocrx_word' id='word_1_251' title='bbox 358 3425 409 3490; x_wconf 82' lang='lat' dir='ltr'><em>lt.</em></span> <span class='ocrx_word' id='word_1_252' title='bbox 435 3423 548 3504; x_wconf 81' lang='lat' dir='ltr'><em>Quum</em></span> <span class='ocrx_word' id='word_1_253' title='bbox 573 3445 651 3488; x_wconf 87' lang='lat' dir='ltr'><em>vero</em></span> <span class='ocrx_word' id='word_1_254' title='bbox 676 3423 896 3508; x_wconf 84' lang='lat' dir='ltr'><em>Raymundus</em></span> <span class='ocrx_word' id='word_1_255' title='bbox 908 3422 958 3488; x_wconf 90' lang='lat' dir='ltr'><em>VI</em></span> <span class='ocrx_word' id='word_1_256' title='bbox 981 3423 1165 3489; x_wconf 84' lang='lat' dir='ltr'><em>Tolosanus</em></span> <span class='ocrx_word' id='word_1_257' title='bbox 1188 3423 1315 3488; x_wconf 89' lang='lat' dir='ltr'><em>bellum</em></span> <span class='ocrx_word' id='word_1_258' title='bbox 1339 3428 1401 3508; x_wconf 76' lang='lat' dir='ltr'><em>pat</em></span> 
     </span>
    </p>

    <p class='ocr_par' dir='ltr' id='par_1_3' title="bbox 264 3521 1401 4153">
     <span class='ocr_line' id='line_1_32' title="bbox 267 3521 1401 3607; baseline -0.004 -19"><span class='ocrx_word' id='word_1_259' title='bbox 267 3525 332 3588; x_wconf 86' lang='lat' dir='ltr'><em>rari</em></span> <span class='ocrx_word' id='word_1_260' title='bbox 358 3521 495 3604; x_wconf 88' lang='lat' dir='ltr'><em>videret,</em></span> <span class='ocrx_word' id='word_1_261' title='bbox 520 3523 563 3587; x_wconf 91' lang='lat' dir='ltr'><em>ad</em></span> <span class='ocrx_word' id='word_1_262' title='bbox 587 3523 821 3586; x_wconf 88' lang='lat' dir='ltr'><em>Innocentium</em></span> <span class='ocrx_word' id='word_1_263' title='bbox 838 3521 890 3586; x_wconf 84' lang='lat'><em>111</em></span> <span class='ocrx_word' id='word_1_264' title='bbox 913 3521 1037 3607; x_wconf 85' lang='lat' dir='ltr'><em>legatos</em></span> <span class='ocrx_word' id='word_1_265' title='bbox 1059 3523 1149 3587; x_wconf 86' lang='lat' dir='ltr'><em>misit</em></span> <span class='ocrx_word' id='word_1_266' title='bbox 1165 3544 1240 3585; x_wconf 89' lang='lat' dir='ltr'><em>cum</em></span> <span class='ocrx_word' id='word_1_267' title='bbox 1266 3521 1401 3589; x_wconf 46' lang='lat' dir='ltr'><em>litteris!</em></span> 
     </span>
     <span class='ocr_line' id='line_1_33' title="bbox 267 3619 1401 3707; baseline -0.004 -21"><span class='ocrx_word' id='word_1_268' title='bbox 267 3621 448 3707; x_wconf 83' lang='lat' dir='ltr'><em>inquibus</em></span> <span class='ocrx_word' id='word_1_269' title='bbox 479 3623 690 3686; x_wconf 86' lang='lat' dir='ltr'><em>innocentem</em></span> <span class='ocrx_word' id='word_1_270' title='bbox 724 3643 758 3684; x_wconf 85' lang='lat' dir='ltr'><em>se</em></span> <span class='ocrx_word' id='word_1_271' title='bbox 788 3642 860 3684; x_wconf 86' lang='lat' dir='ltr'><em>esse</em></span> <span class='ocrx_word' id='word_1_272' title='bbox 892 3629 1031 3684; x_wconf 87' lang='lat' dir='ltr'><em>testatus</em></span> <span class='ocrx_word' id='word_1_273' title='bbox 1062 3619 1103 3684; x_wconf 93' lang='lat' dir='ltr'><em>de</em></span> <span class='ocrx_word' id='word_1_274' title='bbox 1127 3642 1208 3686; x_wconf 89' lang='lat' dir='ltr'><em>nece</em></span> <span class='ocrx_word' id='word_1_275' title='bbox 1231 3620 1322 3684; x_wconf 89' lang='lat' dir='ltr'><em>Petri</em></span> <span class='ocrx_word' id='word_1_276' title='bbox 1350 3619 1401 3682; x_wconf 67' lang='lat' dir='ltr'><em>det</em></span> 
     </span>
     <span class='ocr_line' id='line_1_34' title="bbox 268 3717 1401 3805; baseline -0.005 -20"><span class='ocrx_word' id='word_1_277' title='bbox 268 3719 484 3799; x_wconf 67' lang='lat' dir='ltr'><em>castronovo,</em></span> <span class='ocrx_word' id='word_1_278' title='bbox 510 3718 664 3784; x_wconf 87' lang='lat' dir='ltr'><em>Pontifici</em></span> <span class='ocrx_word' id='word_1_279' title='bbox 688 3718 913 3784; x_wconf 84' lang='lat' dir='ltr'><em>obedientiam</em></span> <span class='ocrx_word' id='word_1_280' title='bbox 938 3717 1151 3805; x_wconf 83' lang='lat' dir='ltr'><em>promittebat</em></span> <span class='ocrx_word' id='word_1_281' title='bbox 1172 3717 1401 3783; x_wconf 67' lang='lat' dir='ltr'><em>aratrorum-t</em></span> 
     </span>
     <span class='ocr_line' id='line_1_35' title="bbox 266 3815 1401 3902; baseline -0.004 -20"><span class='ocrx_word' id='word_1_282' title='bbox 266 3839 344 3885; x_wconf 88' lang='lat' dir='ltr'><em>nem</em></span> <span class='ocrx_word' id='word_1_283' title='bbox 368 3815 411 3881; x_wconf 86' lang='lat' dir='ltr'><em>ab</em></span> <span class='ocrx_word' id='word_1_284' title='bbox 436 3819 779 3882; x_wconf 86' lang='lat' dir='ltr'><em>excommunicatione</em></span> <span class='ocrx_word' id='word_1_285' title='bbox 804 3815 1001 3902; x_wconf 86' lang='lat' dir='ltr'><em>postulabat.</em></span> <span class='ocrx_word' id='word_1_286' title='bbox 1047 3817 1187 3881; x_wconf 81' lang='lat' dir='ltr'><em>Petebat</em></span> <span class='ocrx_word' id='word_1_287' title='bbox 1209 3825 1332 3896; x_wconf 83' lang='lat' dir='ltr'><em>tamen,</em></span> <span class='ocrx_word' id='word_1_288' title='bbox 1355 3826 1401 3900; x_wconf 64' lang='lat' dir='ltr'><em>ut}</em></span> 
     </span>
     <span class='ocr_line' id='line_1_36' title="bbox 264 3911 1401 4001; baseline -0.004 -20"><span class='ocrx_word' id='word_1_289' title='bbox 264 3916 352 3982; x_wconf 83' lang='lat' dir='ltr'><em>alius</em></span> <span class='ocrx_word' id='word_1_290' title='bbox 376 3917 561 3980; x_wconf 84' lang='lat' dir='ltr'><em>mitteretur</em></span> <span class='ocrx_word' id='word_1_291' title='bbox 584 3937 642 4001; x_wconf 88' lang='lat' dir='ltr'><em>pro</em></span> <span class='ocrx_word' id='word_1_292' title='bbox 668 3914 730 3979; x_wconf 89' lang='lat' dir='ltr'><em>hoc</em></span> <span class='ocrx_word' id='word_1_293' title='bbox 755 3917 886 4000; x_wconf 87' lang='lat' dir='ltr'><em>negotio</em></span> <span class='ocrx_word' id='word_1_294' title='bbox 909 3915 1048 4000; x_wconf 85' lang='lat' dir='ltr'><em>legatus,</em></span> <span class='ocrx_word' id='word_1_295' title='bbox 1082 3937 1298 4000; x_wconf 79' lang='lat' dir='ltr'><em>conquerens,</em></span> <span class='ocrx_word' id='word_1_296' title='bbox 1329 3911 1401 3984; x_wconf 68' lang='lat' dir='ltr'><em>Ari</em></span> 
     </span>
     <span class='ocr_line' id='line_1_37' title="bbox 266 4011 1383 4098; baseline -0.004 -20"><span class='ocrx_word' id='word_1_297' title='bbox 266 4013 405 4079; x_wconf 84' lang='lat' dir='ltr'><em>naldum</em></span> <span class='ocrx_word' id='word_1_298' title='bbox 430 4012 584 4078; x_wconf 84' lang='lat' dir='ltr'><em>abbatem</em></span> <span class='ocrx_word' id='word_1_299' title='bbox 610 4014 759 4078; x_wconf 82' lang='lat' dir='ltr'><em>animum</em></span> <span class='ocrx_word' id='word_1_300' title='bbox 783 4035 896 4098; x_wconf 79' lang='lat' dir='ltr'><em>gerere</em></span> <span class='ocrx_word' id='word_1_301' title='bbox 912 4014 946 4077; x_wconf 91' lang='lat' dir='ltr'><em>in</em></span> <span class='ocrx_word' id='word_1_302' title='bbox 962 4034 997 4077; x_wconf 86' lang='lat' dir='ltr'><em>se</em></span> <span class='ocrx_word' id='word_1_303' title='bbox 1014 4014 1113 4078; x_wconf 86' lang='lat' dir='ltr'><em>nimis</em></span> <span class='ocrx_word' id='word_1_304' title='bbox 1129 4013 1318 4077; x_wconf 84' lang='lat' dir='ltr'><em>adversum.</em></span> <span class='ocrx_word' id='word_1_305' title='bbox 1348 4011 1383 4074; x_wconf 82' lang='lat' dir='ltr'><em>Ei</em></span> 
     </span>
     <span class='ocr_line' id='line_1_38' title="bbox 1400 4117 1401 4153; baseline 0 0"><span class='ocrx_word' id='word_1_306' title='bbox 1400 4117 1401 4153; x_wconf 76' lang='lat' dir='ltr'><em>i</em></span> 
     </span>
    </p>
   </div>
   <div class='ocr_carea' id='block_1_3' title="bbox 342 4215 690 4286">
    <p class='ocr_par' dir='ltr' id='par_1_4' title="bbox 342 4215 690 4286">
     <span class='ocr_line' id='line_1_39' title="bbox 342 4215 690 4286; baseline -0.003 -15"><span class='ocrx_word' id='word_1_307' title='bbox 342 4217 362 4285; x_wconf 89' lang='lat'><em>¹)</em></span> <span class='ocrx_word' id='word_1_308' title='bbox 381 4217 448 4286; x_wconf 81' lang='lat' dir='ltr'><em>Epp.</em></span> <span class='ocrx_word' id='word_1_309' title='bbox 468 4215 499 4271; x_wconf 87' lang='lat' dir='ltr'><em>L.</em></span> <span class='ocrx_word' id='word_1_310' title='bbox 520 4218 568 4273; x_wconf 85' lang='lat' dir='ltr'><em>XI.</em></span> <span class='ocrx_word' id='word_1_311' title='bbox 588 4232 627 4284; x_wconf 86' lang='lat' dir='ltr'><em>ep.</em></span> <span class='ocrx_word' id='word_1_312' title='bbox 648 4218 690 4272; x_wconf 78' lang='lat'><em>28.</em></span> 
     </span>
    </p>
   </div>
   <div class='ocr_carea' id='block_1_4' title="bbox 0 0 1420 4842">
    <p class='ocr_par' dir='ltr' id='par_1_5' title="bbox 0 0 1420 4842">
     <span class='ocr_line' id='line_1_40' title="bbox 0 0 1420 4842; baseline 0 0"><span class='ocrx_word' id='word_1_313' title='bbox 0 0 1420 4842; x_wconf 95' lang='lat' dir='ltr'><em> </em></span> 
     </span>
    </p>
   </div>
  </div>
 </body>
</html>
