2832 4844
324 488 365 542 De
385 487 530 544 Ordinibus
548 489 772 548 mendicantibus.
1059 489 1112 546 465

9 683 10 690 ,
38 629 126 694 esculo
152 629 402 696 decimotertio
432 642 597 718 spectant,
622 634 694 719 jam
723 636 765 699 iis
789 655 875 720 quae
898 636 1112 719 exposuimus

35 729 207 796 continentur.
253 729 366 794 Pauca
389 728 445 794 hic
469 729 615 816 adjicere
633 731 779 817 juvabit,
816 753 901 817 quae
924 733 1111 798 inserviunt

36 823 262 910 adquaestioues
285 827 446 913 speciales
469 829 505 892 in
528 829 829 896 Dissertationibus
860 839 1017 894 tractatas
1045 852 1113 896 me·

34 921 73 984 lus
90 924 308 990 enucleandas.

89 1022 234 1106 llaguum
258 1034 292 1087 et
314 1022 491 1089 salutarem
516 1025 682 1089 influxum
714 1027 749 1089 iu
773 1034 894 1089 statum
918 1024 1109 1110 religiosum

30 1115 88 1180 llius
106 1122 214 1185 aetatis
237 1124 388 1186 exercuit
410 1121 540 1208 diffusio
560 1121 716 1190 &dinam
731 1123 993 1187 Meadiccntium.
1032 1123 1111 1188 Jam

9 1297 11 1306 J
30 1220 319 1284 commemoravimus
342 1221 585 1285 iustitutionem
609 1219 745 1287 Ordinis
766 1221 920 1284 Fratrum
945 1221 1110 1284 minorum

27 1331 65 1394 per
82 1337 101 1378 s.
115 1315 139 1378 F
141 1317 338 1400 rauciacum,
362 1330 396 1382 et
419 1317 556 1384 Ordinis
578 1319 731 1383 Fratrum
756 1316 1028 1382 Praedicatorum
1052 1341 1111 1404 per

27 1409 266 1496 allomiuicum3
290 1425 421 1501 praeter
444 1414 504 1480 hos
529 1415 727 1481 Carmelitae
751 1425 784 1480 et
805 1415 973 1480 Eremitae
997 1416 1111 1500 Augu·

24 1511 123 1574 ciniani
144 1511 328 1578 Ordinibus
359 1513 627 1581 mendicantibus
651 1525 878 1580 accensentur.
902 1551 946 1562 -
969 1515 1109 1578 Vetusta

25 1601 125 1671 Ordinis
146 1609 400 1678 Carmelitarum
425 1613 558 1678 traditio
580 1611 783 1697 Ordinisque
807 1613 982 1698 scriptores
997 1611 1107 1678 Eliam

24 1705 177 1788 prophetam
202 1719 361 1795 tauquam
386 1709 474 1773 illius
497 1709 708 1774 fundatorem
730 1718 940 1776 venerantur.
980 1711 1108 1774 Dicunt

23 1803 60 1884 qui
89 1803 166 1870 benc
205 1809 403 1872 senteutiam
441 1817 565 1889 teuent,
604 1806 714 1873 Eliam
744 1806 940 1892 prophetam
971 1807 1107 1893 ejusque
1117 1822 1179 1864 Orto
1188 1823 1279 1865 carmo-

21 1896 174 1986 discipulos,
215 1904 301 1970 fillos
332 1905 580 1991 prophetarum,
620 1907 655 1970 in
687 1914 799 1970 moute
823 1904 973 1971 Carmelo
1003 1908 1107 1970 vitam
1149 1886 1250 1926 ΗΜ·

21 2001 187 2066 eremiticam
224 2001 369 2085 duxisse,
409 2003 473 2068 illis
510 2005 543 2068 iu
576 2006 666 2068 vitae
697 2003 796 2090 hujus
821 2003 998 2089 disciplina
1026 2004 1108 2069 alios

19 2099 140 2162 conduco
164 2101 362 2164 successisse
386 2123 491 2187 usque
519 2103 563 2166 ad
588 2101 757 2167 Christum
789 2113 921 2184 natum3
960 2101 1108 2166 hos'ere·

20 2194 87 2258 eius
100 2219 219 2282 magno
237 2221 313 2262 oum
328 2199 458 2264 fervore
475 2200 689 2265 christianam
705 2200 898 2284 religionem
915 2202 1108 2286 suscepisse,

21 2304 38 2348 e
58 2293 84 2356 in
113 2297 231 2360 eadem
265 2299 352 2361 vitae
385 2300 513 2362 ratione
542 2320 771 2383 perseverasse
802 2298 972 2384 usquead
997 2321 1108 2364 saecu·

17 2379 59 2451 hu
80 2393 176 2475 XIII,
211 2416 278 2480 quo
300 2418 321 2458 a
350 2395 387 2460 B.
413 2395 553 2460 Alberto
585 2395 774 2482 patriarcha
805 2395 1108 2479 Hierosolymitano

15 2487 129 2568 regulam
152 2494 245 2556 vitae
268 2504 478 2579 acceperuut.
525 2494 594 2559 Alii
618 2517 697 2560 voro
732 2497 907 2581 scriptores
931 2495 1026 2558 initia
1050 2493 1109 2561 Or·

14 2577 74 2649 diois
96 2586 349 2654 Carmelitarum
388 2591 536 2656 referunt
566 2592 611 2656 ad
643 2591 813 2656 saeculum
837 2592 915 2673 XII,
954 2591 1108 2678 illiusque

13 2679 191 2752 laudatorem
226 2688 342 2753 dicunt
371 2690 472 2754 fuisse
495 2690 712 2755 Bartholdum
744 2690 948 2754 sacerdotem
973 2712 991 2754 e
1015 2689 1108 2754 Cala·

12 2771 61 2842 bria
75 2787 261 2869 oriundum,
278 2789 334 2873 qui
350 2789 439 2852 circa
456 2788 604 2853 medium
620 2786 788 2853 saeculum
804 2787 875 2851 XII
891 2809 967 2852 cum
984 2786 1109 2874 aliquot

9 2877 54 2960 piis
74 2884 375 2969 peregrinatoribus
399 2887 433 2950 iu
459 2897 605 2951 montem
630 2884 773 2950 Carmeli
797 2884 984 2950 devotionis
1007 2908 1108 2952 causa

9 2977 156 3064 profectus,
182 2982 311 3047 humile
335 2982 398 3048 sibi
422 2986 556 3071 suisque
575 2986 679 3049 sociis
703 2984 909 3050 domicilium
934 2984 980 3049 ibi
1005 2984 1108 3070 elege-

9 3071 43 3154 ἧς
75 3081 174 3145 vitam
209 3093 345 3145 acturus
374 3081 418 3146 ad
449 3104 598 3147 normam
633 3091 782 3146 veterum
821 3081 1107 3147 anachoretarum.

9 3165 80 3238 lianc
110 3181 312 3244 sententiam
340 3204 420 3267 prae
444 3181 517 3246 aliis
550 3183 776 3267 propugnavit
798 3180 921 3244 Daniel
944 3179 1108 3267 Papebro-

9 3267 79 3336 cbius
100 3273 132 3340 S.
156 3277 191 3342 J.
226 3279 261 3342 iu
287 3275 531 3344 Commentario
560 3279 635 3346 hist.
668 3279 712 3343 ad
736 3278 849 3342 Vitem
872 3279 910 3344 B.
935 3278 1106 3358 Alberti.¹)

9 3361 77 3435 lonc
91 3376 271 3460 scriptores
283 3375 419 3442 Ordinis
433 3375 688 3442 Carmelitarum
713 3377 877 3441 calamum
902 3379 1108 3442 strinxerunt

9 3483 95 3534 muna
117 3472 400 3560 Papebrochium,
431 3477 488 3562 qui
521 3474 585 3540 illis
615 3476 744 3540 fortiter
766 3474 946 3559 respoudit.
995 3474 1107 3555 Quum

9 3579 90 3632 tutem
119 3569 161 3636 lis
194 3574 306 3636 acrius
337 3575 528 3656 agitaretur,
559 3573 775 3638 Innocentius
807 3572 876 3636 XII
910 3594 968 3658 per
998 3572 1107 3636 Breve

9 3657 94 3730 latum
117 3669 173 3734 die
199 3671 263 3734 29⁰
285 3671 484 3736 Novembris
514 3673 594 3736 anni
621 3671 706 3736 1698
740 3672 871 3756 utrique
903 3671 988 3756 parti
1013 3669 1108 3735 silen-

9 3759 64 3828 dum
93 3767 255 3854 injunxit.
294 3807 334 3816 —-
378 3768 550 3856 Quidquid
579 3770 643 3834 hae
675 3770 716 3835 de
745 3792 780 3834 rc
810 3770 861 3850 sit,
897 3767 1106 3850 ann01209‚

9 3876 115 3942 trente
144 3861 318 3932 Brocardo
357 3870 413 3953 qui
444 3876 519 3952 post
546 3865 763 3932 Bartholdum
803 3867 948 3930 eremitis
985 3867 1107 3930 montis

9 3951 122 4029 l'urmeli
159 3964 326 4052 praefuit,
364 3963 521 4030 Albertus
563 3963 753 4051 patriarcha
785 3961 1107 4048 Hierosolymitanus

9 4057 129 4125 cubilem
154 4043 199 4127 iis
226 4065 315 4127 vitae
338 4064 486 4148 regulam
511 4063 612 4146 dedit,
638 4084 738 4148 quam
761 4061 900 4126 Romani
917 4061 1105 4144 Pontifices,

9 4199 67 4213 --..

60 4276 77 4342 ¹)
94 4279 162 4330 Acta
181 4277 232 4330 38.
251 4276 348 4330 mensis
367 4275 476 4344 Aprilis,
496 4281 516 4332 t.
537 4275 558 4332 1.
578 4275 621 4330 die
640 4274 666 4330 8.
685 4275 771 4343 April.

42 4375 175 4426 suemus,
191 4377 385 4416 praemoneo.
398 4377 463 4416 rom.
475 4375 503 4416 v.
928 4364 964 4416 30
