2840 4840
298 419 334 474 40
572 419 658 474 XXX.
678 420 717 474 De
738 419 902 474 Pontificatu
921 420 1056 476 Bonifatii
1076 421 1153 477 VIII.

299 559 406 624 batur.
454 561 525 626 Rex
549 571 661 627 tamen
685 565 878 650 episcopum
904 565 1085 650 Apamiam
1109 587 1291 646 reversum,
1312 587 1405 651 quum

298 658 437 723 Romam
461 661 626 745 proficisci
645 672 787 746 pararet,
812 663 984 749 captivum
1002 663 1149 744 retinuit,
1174 685 1321 749 eumque,
1343 687 1407 728 cor-

297 757 420 841 rogatis
459 757 596 822 subdole
629 759 778 842 testibus,
818 761 920 824 variis
958 759 1230 826 accusationibus
1261 773 1294 826 ut
1322 785 1407 825 reum

296 854 405 919 laesae
429 855 610 940 majestatis
634 867 711 922 autc
735 858 865 922 consilii
891 859 1037 944 supremi
1062 857 1210 924 tribunal
1233 861 1408 929 accersivit.

297 963 334 1016 ut
356 952 398 1016 ab
424 955 492 1038 ipso
517 953 803 1022 condemnaretur.
850 955 1013 1021 Tribunal
1031 955 1113 1021 illud
1129 959 1201 1042 regi
1218 979 1338 1022 morem
1359 979 1408 1042 gc·

296 1071 371 1114 rena
394 1050 602 1116 Bernardnm
633 1051 807 1118 damnavit
830 1063 863 1118 et
886 1053 1123 1140 deponendum
1147 1076 1219 1120 esse
1238 1054 1408 1140 judicarit.

296 1147 352 1212 sed
377 1149 552 1234 episcopus
575 1153 831 1235 competentiam
857 1153 961 1237 ipsius
985 1151 1115 1216 fortiter
1137 1153 1317 1218 recusavit.
1360 1155 1397 1216 In

294 1245 391 1309 terim
414 1267 434 1310 a
456 1245 611 1332 Philippo
637 1248 888 1334 metropolitano
913 1249 1148 1316 Narbonnensi
1172 1252 1207 1314 in
1232 1250 1415 1314 custodiam

295 1343 436 1410 traditus
459 1344 556 1430 est3¹)
587 1356 703 1431 parata
726 1358 838 1412 autem
862 1346 983 1432 legatio
1007 1347 1050 1412 ad
1075 1348 1285 1426 Pontificem,
1319 1359 1352 1409 ut
1374 1346 1411 1410 le·

295 1443 437 1524 gatiani
463 1441 583 1508 delicta
613 1445 675 1529 ipsi
710 1446 1045 1510 communicarentur.
1101 1445 1152 1510 Ea
1184 1455 1298 1509 tamen
1328 1443 1411 1508 haud

295 1539 394 1602 missa
411 1561 481 1604 csse
497 1540 638 1608 videtur.
655 1581 698 1590 —
712 1543 805 1607 Haec
820 1555 920 1630 utque
935 1542 1062 1630 reliqua
1077 1545 1165 1627 regia
1180 1544 1313 1627 negotia
1327 1563 1411 1628 prae·

295 1637 391 1722 cipue
425 1637 614 1723 dirigebant
646 1662 684 1704 eo
708 1651 856 1728 tempore
892 1641 1012 1705 Petrus
1042 1640 1153 1705 Flotta
1190 1639 1415 1707 cancellarius..

295 1745 327 1798 ct
360 1733 546 1800 Gulielmus
579 1736 763 1821 Negaretus
800 1738 1010 1819 consiliarus,
1048 1739 1111 1802 viri
1150 1735 1354 1802 fraudulenti
1387 1752 1415 1800 et

294 1855 411 1918 miqui.

162 1940 175 1969 ⁰
256 1940 270 1969 2
382 1932 436 1996 42.
475 1932 673 2014 Bonifatius,
704 1955 806 2019 quum
832 1956 917 2020 quae
941 1934 1030 1998 facta
1054 1944 1148 1998 erant
1172 1934 1415 2018 comparuisset

294 2038 326 2092 ct
349 2027 590 2096 hortationibus
616 2053 656 2095 ac
679 2030 901 2116 legationibus
932 2054 966 2096 se
990 2031 1078 2118 apud
1104 2053 1216 2116 regem
1241 2030 1325 2095 nibil
1351 2053 1415 2116 pro·

292 2127 389 2192 ficere
412 2127 551 2211 videret,
580 2131 696 2194 merito
724 2132 863 2212 censuit,
898 2130 1013 2216 majori
1046 2152 1122 2194 cum
1154 2131 1269 2212 rigore
1305 2140 1415 2194 contra

293 2225 400 2312 ipsum
431 2225 600 2291 Ecclesiae
627 2228 711 2313 jura
743 2227 948 2294 vindicanda
984 2251 1065 2294 esse.
1126 2226 1284 2313 Philippo
1320 2228 1415 2312 igitur

291 2323 509 2406 denuntiavit,
534 2347 609 2389 eum
636 2349 791 2392 censuras
818 2327 1125 2408 contraxisac,'niai
1146 2325 1229 2390 alias
1244 2327 1415 2409 graviores

290 2422 369 2486 facti
384 2423 527 2488 rationes
542 2425 684 2506 afferret,
709 2427 954 2511 praecepitque,
980 2437 1018 2488 ut
1033 2422 1220 2511 praesulem
1239 2424 1416 2510 Apamiam

288 2541 357 2584 sem
372 2520 675 2588 exNarbonucnais
698 2523 940 2609 archicpiscopi
965 2523 1116 2588 custodia
1132 2521 1291 2586 liberarat
1314 2530 1351 2585 et
1375 2511 1416 2602 adi

289 2617 515 2702 Apostolioam
539 2617 659 2686 Sedem
689 2624 811 2686 reverti
843 2623 1060 2707 permitteret,
1093 2621 1283 2684 restitueret
1314 2618 1416 2690 eccles

291 2717 359 2779 siae
376 2716 571 2802 Apamiensi
589 2729 751 2804 occupata
767 2719 864 2801 bona,
890 2741 951 2784 nec
976 2721 1010 2784 in
1027 2728 1194 2805 posterum
1210 2739 1324 2781 sacras
1342 2739 1416 2804 opes

292 2813 459 2899 diriperet.

380 2911 444 2976 Die
468 2913 506 2978 4⁰
530 2912 728 2980 Decembris
752 2937 812 3000 per
835 2915 968 2980 Bullam
993 2913 1144 2980 Salvator
1167 2913 1281 2978 mundi
1304 2931 1416 2980 omues

289 3009 413 3094 gratias
436 3019 468 3073 et
492 3010 668 3096 privilegia
691 3014 760 3098 regi
786 3023 818 3078 et
834 3011 1145 3098 praedecessoribus
1169 3012 1242 3096 ejus
1259 3033 1416 3076 concessa

290 3106 472 3192 suspendit,
496 3108 677 3196 additaque
689 3110 831 3197 ¹epistola
854 3111 969 3196 Nuper
992 3133 1032 3174 ea
1046 3108 1299 3173 rationabilibus
1315 3111 1416 3174 causis

290 3205 321 3272 d.
347 3205 377 3272 d.
402 3205 442 3270 5⁰
468 3206 662 3274 Decembris
693 3208 728 3274 id
759 3208 914 3294 Philippo
946 3208 1169 3292 significavit,
1206 3205 1307 3270 simul
1346 3229 1416 3271 rere

290 3302 434 3388 benigne
457 3303 613 3388 advertit,
637 3319 772 3393 propter
796 3305 920 3373 bonum
949 3326 1125 3370 commune
1149 3303 1184 3369 id
1208 3304 1293 3385 fieri,
1319 3325 1416 3391 seque

366 3563 386 3630 ¹)
406 3563 562 3617 Bonifatius
587 3579 604 3617 a
628 3563 788 3631 quibusdam
813 3562 969 3618 auctoribus
995 3561 1063 3631 (Otr.
1084 3559 1190 3624 Hefsle,
1219 3559 1301 3615 Cone.
1326 3561 1413 3616 Gesch

287 3643 320 3699 Τ.
339 3643 387 3702 VI.
407 3643 423 3714 ξ
442 3643 507 3714 688)
531 3643 666 3713 arguitur,
691 3643 762 3711 qood
780 3643 917 3698 Bernardo
942 3643 1072 3697 odiliam
1092 3642 1260 3710 legationem
1289 3656 1361 3696 nans
1379 3643 1416 3694 sir,

290 3739 371 3792 quum
388 3725 446 3793 ipse
465 3723 589 3792 Phiiippo
608 3739 703 3779 exosus
722 3729 802 3779 esset.
838 3723 908 3778 Jura
926 3723 1055 3778 videlicet
1074 3721 1211 3776 Ecclesiae
1232 3721 1292 3790 jam
1312 3723 1416 3790 minuar

290 3805 388 3860 abhinc
407 3804 485 3860 annis
504 3809 661 3858 mmmuter
678 3811 774 3858 contra
799 3803 870 3858 huno
891 3801 1062 3859 defenderat.
1109 3801 1161 3858 Sed
1180 3817 1214 3856 ex
1233 3801 1327 3856 altera
1349 3815 1416 3872 paru

289 3884 397 3940 adverti
416 3891 514 3952 potest,
537 3884 695 3939 Pontificem
714 3885 811 3940 merito
831 3883 952 3952 potuisse
971 3883 1075 3950 timere,
1103 3899 1137 3937 ue
1156 3883 1180 3938 si
1199 3882 1272 3936 Italo
1292 3884 1330 3938 ad
1352 3885 1416 3938 illan

289 3965 455 4034 legationem
479 3969 610 4029 uteretur,
636 3964 732 4018 statim
758 3964 893 4032 repulsam
918 3969 1069 4031 pateretur.
1114 3963 1201 4030 Quum
1222 3977 1287 4017 vero
1316 3965 1416 4018 Galliae

291 4046 443 4113 episcopum
462 4044 584 4112 eligeret,
604 4045 725 4112 profecto
738 4044 803 4098 talis
816 4043 1014 4112 requirebatur,
1034 4043 1079 4112 qni
1094 4043 1168 4112 regia
1186 4043 1245 4098 irae
1266 4044 1312 4100 rel
1336 4045 1416 4098 faron

291 4142 345 4181 non
363 4125 478 4190 cederet,
497 4125 544 4180 sed
562 4124 710 4194 apostolico
728 4140 787 4178 cum
806 4123 935 4180 libertate
953 4139 1015 4180 eum
1031 4129 1161 4178 moneret
1192 4123 1226 4180 V.
1243 4123 1416 4194 Damberger.

290 4206 322 4264 Τ.
342 4205 405 4262 xrl.
425 4220 451 4272 p.
470 4205 532 4260 322.
