2844 4840
293 423 377 492 Origo
396 424 501 479 dissidii
521 439 580 478 cum
599 424 724 493 Philippo
744 423 866 480 Pulchro.
1100 425 1135 480 23

113 571 158 632 24.
181 569 276 634 Tunc
293 570 394 652 igitur
412 567 609 648 Bonifatius,
634 579 671 631 ut
687 566 823 632 clericos
847 580 961 634 contre
985 568 1057 632 illes
1081 591 1134 632 sx-

32 667 163 730 actiones
195 677 358 748 tueretur,
398 665 678 731 Constitutionem
717 664 898 732 Clericisl
885 667 985 732 laicos
1019 667 1134 732 edidit.

36 762 155 826 Cleria‘s
176 765 284 842 laicos,
317 767 363 830 its
387 766 423 828 in
448 764 511 828 hec
535 761 776 828 Constitutione
801 764 968 845 Pontifex,
1000 763 1229 879 infestosffif‘t}u
1216 763 1302 864 ¹31¹·

31 861 140 944 <ppido
161 862 260 925 uadit
281 864 475 948 antiquitas:
506 863 589 948 quod
618 873 647 926 et
675 862 891 948 praesentium
921 865 1135 948 asperimonte
1275 837 1293 864 ⁴

31 969 188 1044 temperiem
209 961 379 1047 manifeste
395 961 573 1038 declarant,
597 961 672 1024 dum
684 961 751 1024 suis
765 960 888 1043 finibus
909 983 974 1024 non
988 963 1135 1039 contenti,

29 1058 160 1120 niteretur
179 1060 216 1121 e‘n
238 1059 376 1136 uetitum,
404 1059 448 1122 ael
463 1058 580 1122 illicito
594 1057 698 1143 frena
711 1055 872 1136 releuant,
896 1083 951 1122 nee
962 1059 1136 1144 prudenter

26 1155 189 1232 claudunt,
218 1158 376 1241 quamsit
400 1158 447 1221 eis
470 1157 505 1220 in
528 1155 657 1220 clericos
689 1155 953 1222 ecelesiasticasve
978 1179 1136 1243 personas

28 1263 51 1308 rt
73 1253 151 1316 bono
173 1255 343 1318 interdieta
371 1265 533 1342 potestas:
565 1254 766 1318 eeclesiarum
785 1253 953 1340 praelatis,
988 1253 1135 1334 eeclesiis,

26 1348 290 1436 e·clesiasticisque
318 1354 470 1440 personis
503 1351 703 1438 sequioribus
732 1363 762 1415 et
792 1353 1009 1418 saecularibus
1038 1359 1135 1441 impe·

25 1459 98 1510 esunt
117 1471 211 1513 onera
233 1453 356 1536 pavia,
380 1452 525 1536 ipsosque
555 1450 700 1528 talliant,
732 1461 761 1514 et
786 1451 831 1514 eis
863 1448 1008 1515 collectas
1037 1455 1133 1538 impo-

27 1557 105 1619 nunt,
128 1547 165 1610 ab
193 1549 275 1634 ipsis
302 1571 430 1612 suoram
454 1560 661 1634 proventuum
691 1547 740 1612 ool
772 1549 920 1612 lassorum
953 1549 1132 1626 dimidiam,

23 1643 167 1708 decimam
195 1669 251 1710 seu
285 1647 475 1725 vicesimam,
506 1646 554 1712 uel
577 1649 719 1732 quamuis
749 1647 848 1711 aliam
869 1648 1050 1732 portionem
1080 1665 1136 1716 aut

24 1753 138 1824 quotam
171 1746 300 1830 cuiquem
329 1755 358 1808 et
389 1756 582 1831 extorquent,
615 1767 725 1831 eosque
754 1743 927 1808 moliuntur
958 1744 1135 1834 multifarie

22 1839 163 1926 subjicere
186 1843 331 1906 seruituti
359 1865 494 1928 suaeque
518 1842 696 1908 submittere
726 1843 858 1906 ditioni:
887 1852 917 1906 et
947 1843 1046 1927 (quod
1076 1846 1130 1911 do·

22 1935 111 2000 lenta
131 1939 315 2026 referimus)
337 1939 485 2004 nonnulli
508 1941 708 2006 eeclesiarum
724 1938 871 2027 praelati
894 1940 1134 2008 ecclesiastieae·

20 2059 70 2118 qee
89 2059 257 2122 personae,
290 2038 489 2126 trepidantes
515 2039 570 2102 nti
594 2038 819 2125 trepidandum
841 2049 983 2116 nonest,
1018 2043 1136 2106 trausi-

21 2135 127 2197 tariam
145 2159 260 2221 pacem
281 2148 475 2222 quaerentes,
497 2135 573 2222 plus
597 2139 738 2202 timentes
761 2140 956 2224 majestatem
982 2149 1134 2224 tempora·

18 2227 69 2292 lem
93 2231 251 2317 offendere
284 2257 377 2319 quam
399 2244 570 2313 astensem,
603 2235 715 2299 talium
739 2232 888 2296 abusibus
912 2255 977 2298 non
1002 2245 1068 2299 tam
1092 2249 1134 2301 te·

19 2331 144 2392 meroris
168 2353 263 2415 quam
276 2332 451 2418 improvide
467 2333 675 2418 acquiescam,
702 2331 795 2396 Sedis
808 2331 1012 2417 Apostolieae
1029 2347 1133 2399 aucto·

18 2429 102 2490 ritate
126 2451 182 2493 seu
205 2429 334 2494 lieentia
363 2451 427 2494 non
452 2429 588 2495 obtenta.
644 2431 714 2495 Nos
736 2431 834 2516 iqitur
867 2430 984 2496 talibus
1016 2432 1135 2517 iniquis

17 2527 131 2590 caelus
155 2527 283 2592 obviare
299 2525 445 2606 volentes,
469 2529 508 2592 de
523 2528 670 2614 fratrum
689 2539 869 2592 cosanum
883 2529 1026 2608 consilio,
1050 2531 1132 2616 Apo·

18 2624 122 2686 italica
145 2627 334 2688 auctoritate
358 2627 536 2704 statuimus,
566 2627 649 2712 quoti
673 2627 854 2712 quicumque
873 2626 1020 2711 praelati
1042 2627 1133 2692 eccle·

18 2723 217 2806 miramque
235 2745 405 2809 personae,
437 2723 605 2809 reliqiosae
627 2723 677 2788 sel
699 2723 889 2803 saeculares,
919 2747 1132 2810 quorumcum-

16 2844 65 2930 que
87 2820 249 2899 ordinum,
273 2821 464 2886 conditionis
487 2833 544 2886 out
559 2831 670 2900 status,
695 2819 842 2886 collectas
864 2821 913 2886 cel
937 2821 1058 2902 talliae,
1084 2824 1133 2888 de·

15 2919 129 2996 a'mam,
156 2919 334 2982 wemmam
348 2940 404 2982 seu
423 2920 621 2984 centesimam
636 2942 762 2984 meorum
785 2929 815 2983 et
838 2917 1039 2984 ecelesiarum
1055 2945 1132 3007 pro·

15 3027 153 3080 cestuum
178 3015 227 3079 vel
249 3015 399 3080 bonorum
422 3017 515 3081 laicis
538 3017 698 3096 soluerint,
722 3017 772 3080 sel
786 3018 1004 3104 promiserint,
1029 3019 1077 3082 vel
1101 3041 1133 3084 se

13 3111 168 3177 solutiores
190 3115 412 3194 consenserint,
444 3125 501 3180 ant
523 3116 665 3201 quemme
688 3113 787 3180 aliam
809 3118 1030 3200 quantitatem,
1058 3140 1133 3203 por·

15 3213 120 3275 tionem
145 3222 204 3274 aut
228 3223 354 3297 motum
376 3213 518 3298 ipsorum
543 3223 753 3298 proventuum
775 3211 824 3278 uel
848 3213 1007 3292 bonorum,
1038 3218 1132 3280 aesti-

14 3312 159 3374 nmtionie
184 3307 232 3372 cel
254 3309 374 3374 salmis
396 3312 538 3396 ipsorum
558 3309 616 3374 sub
633 3311 798 3400 adjutorii,
822 3313 932 3389 mutui,
957 3311 1131 3376 subventio-

14 3410 65 3483 nis,
87 3406 241 3484 nebsidii,
264 3407 313 3470 vel
336 3407 414 3472 doni
436 3409 571 3487 nomine,
602 3432 656 3472 seu
679 3410 787 3494 quouis
812 3407 877 3474 alio
902 3409 1004 3487 titula,
1028 3410 1131 3488 ruodo,

13 3505 54 3568 tel
74 3506 223 3592 quaesito
245 3505 358 3584 colore,
383 3505 497 3591 absque
514 3493 701 3570 auctoritate
718 3503 809 3570 Sedis
834 3508 989 3596 ejusdem:
1012 3531 1132 3572 necnon

14 3605 227 3690 imperatores,
248 3624 335 3688 reqes
359 3625 413 3668 seu
427 3605 603 3690 principes,
628 3604 733 3682 eluces,
757 3606 891 3682 comites,
915 3603 964 3668 uel
987 3604 1140 3682 barones,'

8 3711 191 3786 potestates,
215 3703 368 3786 capitoni,
396 3701 446 3767 uel
465 3701 622 3788 ,officiales
731 3704 786 3787 qui
809 3702 891 3768 talia
913 3704 1131 3788 imposuerint,

13 3802 171 3884 sceqer-int
192 3795 241 3862 oel
263 3799 450 3884 receperint,
476 3847 483 3864 .
508 3848 516 3863 .
542 3847 549 3864 .
574 3821 694 3864 necnon
718 3799 900 3885 omnesqui
922 3801 1056 3863 scienter
1079 3798 1130 3862 de·

13 3897 107 3962 demist
130 3899 172 3960 in
190 3895 369 3982 praedictis
393 3896 561 3974 auxilium,
586 3889 751 3962 consilium
766 3895 815 3962 vel
825 3897 984 3983 fauorem,
1006 3894 1130 3981 publice

13 3995 53 4056 rel
73 3993 208 4072 occidte,
233 4016 267 4057 eo
292 3995 362 4079 ipso
378 3996 565 4058 sententiam
579 3995 909 4058 escommunicationt's
922 3995 1130 4078 incertumst)

17 4139 224 4150 -.-....-.-——-

78 4213 96 4277 ¹)
115 4207 200 4278 Apud
222 4204 388 4274 Christophs,
408 4205 438 4258 T.
458 4206 480 4259 1.
499 4205 582 4260 Notss
600 4205 648 4260 Nr.
666 4207 692 4260 3.
