<?xml version="1.0" encoding="UTF-8"?>
<!DOCTYPE html PUBLIC "-//W3C//DTD XHTML 1.0 Transitional//EN"
    "http://www.w3.org/TR/xhtml1/DTD/xhtml1-transitional.dtd">
<html xmlns="http://www.w3.org/1999/xhtml" xml:lang="en" lang="en">
 <head>
  <title>
</title>
<meta http-equiv="Content-Type" content="text/html;charset=utf-8" />
  <meta name='ocr-system' content='tesseract 3.04.00' />
  <meta name='ocr-capabilities' content='ocr_page ocr_carea ocr_par ocr_line ocrx_word'/>
</head>
<body>
  <div class='ocr_page' id='page_1' title='image "./dissertationess00junggoog_0857.png"; bbox 0 0 2902 4848; ppageno 0'>
   <div class='ocr_carea' id='block_1_1' title="bbox 290 471 1126 528">
    <p class='ocr_par' dir='ltr' id='par_1_1' title="bbox 290 471 1126 528">
     <span class='ocr_line' id='line_1_1' title="bbox 290 471 1126 528; baseline 0.001 -1"><span class='ocrx_word' id='word_1_1' title='bbox 290 474 343 528; x_wconf 79' lang='grc'><strong>324</strong></span> <span class='ocrx_word' id='word_1_2' title='bbox 571 471 697 525; x_wconf 85' lang='lat' dir='ltr'>XXXIV.</span> <span class='ocrx_word' id='word_1_3' title='bbox 717 473 757 526; x_wconf 92' lang='lat' dir='ltr'><strong>De</strong></span> <span class='ocrx_word' id='word_1_4' title='bbox 776 471 894 527; x_wconf 81' lang='lat' dir='ltr'>Concilio</span> <span class='ocrx_word' id='word_1_5' title='bbox 914 471 1126 528; x_wconf 64' lang='lat' dir='ltr'><strong>constantiensi.</strong></span> 
     </span>
    </p>
   </div>
   <div class='ocr_carea' id='block_1_2' title="bbox 122 615 1414 1292">
    <p class='ocr_par' dir='ltr' id='par_1_2' title="bbox 122 615 1414 1292">
     <span class='ocr_line' id='line_1_2' title="bbox 122 615 1408 702; baseline 0.003 -22"><span class='ocrx_word' id='word_1_6' title='bbox 122 617 196 656; x_wconf 58' lang='grc' dir='ltr'><strong>Μ’</strong></span> <span class='ocrx_word' id='word_1_7' title='bbox 210 616 279 657; x_wconf 59' lang='grc' dir='ltr'><strong>ΡΜ·</strong></span> <span class='ocrx_word' id='word_1_8' title='bbox 290 617 552 681; x_wconf 71' lang='lat' dir='ltr'><strong>consolationum</strong></span> <span class='ocrx_word' id='word_1_9' title='bbox 575 617 756 701; x_wconf 83' lang='lat' dir='ltr'><strong>profitetur,</strong></span> <span class='ocrx_word' id='word_1_10' title='bbox 793 638 837 697; x_wconf 85' lang='lat' dir='ltr'><strong>se,</strong></span> <span class='ocrx_word' id='word_1_11' title='bbox 867 616 1004 701; x_wconf 87' lang='lat' dir='ltr'><strong>juvenis</strong></span> <span class='ocrx_word' id='word_1_12' title='bbox 1038 638 1140 702; x_wconf 92' lang='lat' dir='ltr'><strong>quum</strong></span> <span class='ocrx_word' id='word_1_13' title='bbox 1177 615 1289 680; x_wconf 88' lang='lat' dir='ltr'><strong>adhuc</strong></span> <span class='ocrx_word' id='word_1_14' title='bbox 1320 629 1408 684; x_wconf 86' lang='lat' dir='ltr'><strong>essct.</strong></span> 
     </span>
     <span class='ocr_line' id='line_1_3' title="bbox 291 713 1409 800; baseline -0.004 -20"><span class='ocrx_word' id='word_1_15' title='bbox 291 715 467 800; x_wconf 89' lang='lat' dir='ltr'><strong>deceptum</strong></span> <span class='ocrx_word' id='word_1_16' title='bbox 501 715 602 778; x_wconf 87' lang='lat' dir='ltr'><strong>fuisse</strong></span> <span class='ocrx_word' id='word_1_17' title='bbox 635 717 670 778; x_wconf 91' lang='lat' dir='ltr'><strong>in</strong></span> <span class='ocrx_word' id='word_1_18' title='bbox 695 713 845 778; x_wconf 91' lang='lat' dir='ltr'><strong>Concilio</strong></span> <span class='ocrx_word' id='word_1_19' title='bbox 869 713 1063 779; x_wconf 84' lang='lat' dir='ltr'><strong>Busileeusi.</strong></span> <span class='ocrx_word' id='word_1_20' title='bbox 1114 715 1276 778; x_wconf 73' lang='lat' dir='ltr'><strong>Hortatur</strong></span> <span class='ocrx_word' id='word_1_21' title='bbox 1303 727 1409 778; x_wconf 85' lang='lat' dir='ltr'><strong>autem</strong></span> 
     </span>
     <span class='ocr_line' id='line_1_4' title="bbox 291 811 1411 897; baseline -0.004 -19"><span class='ocrx_word' id='word_1_22' title='bbox 291 835 405 878; x_wconf 88' lang='lat' dir='ltr'><strong>omnes</strong></span> <span class='ocrx_word' id='word_1_23' title='bbox 430 823 463 875; x_wconf 89' lang='lat' dir='ltr'><strong>et</strong></span> <span class='ocrx_word' id='word_1_24' title='bbox 486 821 682 885; x_wconf 85' lang='lat' dir='ltr'><strong>commonet,</strong></span> <span class='ocrx_word' id='word_1_25' title='bbox 720 834 780 892; x_wconf 88' lang='lat' dir='ltr'><strong>„ne</strong></span> <span class='ocrx_word' id='word_1_26' title='bbox 804 811 905 878; x_wconf 88' lang='lat' dir='ltr'><strong>fidem</strong></span> <span class='ocrx_word' id='word_1_27' title='bbox 930 811 1031 876; x_wconf 89' lang='lat' dir='ltr'><strong>ullam</strong></span> <span class='ocrx_word' id='word_1_28' title='bbox 1056 822 1226 897; x_wconf 84' lang='lat' dir='ltr'><strong>praestent</strong></span> <span class='ocrx_word' id='word_1_29' title='bbox 1249 811 1411 897; x_wconf 83' lang='lat' dir='ltr'><strong>prioribus</strong></span> 
     </span>
     <span class='ocr_line' id='line_1_5' title="bbox 292 907 1411 996; baseline -0.003 -21"><span class='ocrx_word' id='word_1_30' title='bbox 292 913 360 976; x_wconf 89' lang='lat' dir='ltr'><strong>suis</strong></span> <span class='ocrx_word' id='word_1_31' title='bbox 395 913 542 996; x_wconf 87' lang='lat' dir='ltr'><strong>scriptis,</strong></span> <span class='ocrx_word' id='word_1_32' title='bbox 583 933 667 996; x_wconf 89' lang='lat' dir='ltr'><strong>quae</strong></span> <span class='ocrx_word' id='word_1_33' title='bbox 707 931 894 995; x_wconf 82' lang='lat' dir='ltr'><strong>supremam</strong></span> <span class='ocrx_word' id='word_1_34' title='bbox 936 911 1167 974; x_wconf 79' lang='lat' dir='ltr'><strong>arroteritatem</strong></span> <span class='ocrx_word' id='word_1_35' title='bbox 1202 907 1411 995; x_wconf 82' lang='lat' dir='ltr'><strong>Apostolicae</strong></span> 
     </span>
     <span class='ocr_line' id='line_1_6' title="bbox 292 1007 1411 1094; baseline -0.003 -21"><span class='ocrx_word' id='word_1_36' title='bbox 292 1007 388 1073; x_wconf 86' lang='lat' dir='ltr'><strong>Sedis</strong></span> <span class='ocrx_word' id='word_1_37' title='bbox 418 1009 536 1094; x_wconf 91' lang='lat' dir='ltr'><strong>quovis</strong></span> <span class='ocrx_word' id='word_1_38' title='bbox 567 1021 663 1094; x_wconf 88' lang='lat' dir='ltr'><strong>pacto</strong></span> <span class='ocrx_word' id='word_1_39' title='bbox 696 1007 832 1090; x_wconf 89' lang='lat' dir='ltr'><strong>elidunt,</strong></span> <span class='ocrx_word' id='word_1_40' title='bbox 864 1019 922 1072; x_wconf 88' lang='lat' dir='ltr'><strong>aut</strong></span> <span class='ocrx_word' id='word_1_41' title='bbox 945 1007 1071 1094; x_wconf 88' lang='lat' dir='ltr'><strong>aliquid</strong></span> <span class='ocrx_word' id='word_1_42' title='bbox 1105 1007 1295 1088; x_wconf 87' lang='lat' dir='ltr'><strong>adstruunt,</strong></span> <span class='ocrx_word' id='word_1_43' title='bbox 1329 1007 1411 1094; x_wconf 90' lang='lat' dir='ltr'><strong>quod</strong></span> 
     </span>
     <span class='ocr_line' id='line_1_7' title="bbox 293 1105 1412 1191; baseline -0.004 -21"><span class='ocrx_word' id='word_1_44' title='bbox 293 1115 502 1170; x_wconf 86' lang='lat' dir='ltr'><strong>sacrosancta</strong></span> <span class='ocrx_word' id='word_1_45' title='bbox 526 1105 675 1170; x_wconf 88' lang='lat' dir='ltr'><strong>Romana</strong></span> <span class='ocrx_word' id='word_1_46' title='bbox 698 1129 765 1171; x_wconf 92' lang='lat' dir='ltr'><strong>non</strong></span> <span class='ocrx_word' id='word_1_47' title='bbox 790 1106 1001 1191; x_wconf 81' lang='lat' dir='ltr'><strong>amplectitur</strong></span> <span class='ocrx_word' id='word_1_48' title='bbox 1025 1105 1206 1172; x_wconf 80' lang='lat' dir='ltr'><strong>Ecclesia.“</strong></span> <span class='ocrx_word' id='word_1_49' title='bbox 1256 1105 1412 1170; x_wconf 83' lang='lat' dir='ltr'><strong>Attamen</strong></span> 
     </span>
     <span class='ocr_line' id='line_1_8' title="bbox 292 1199 1414 1292; baseline -0.007 -24"><span class='ocrx_word' id='word_1_50' title='bbox 292 1207 363 1292; x_wconf 90' lang='lat' dir='ltr'><strong>ipse</strong></span> <span class='ocrx_word' id='word_1_51' title='bbox 386 1203 542 1268; x_wconf 87' lang='lat' dir='ltr'><strong>Pontifex</strong></span> <span class='ocrx_word' id='word_1_52' title='bbox 575 1203 636 1268; x_wconf 88' lang='lat' dir='ltr'><strong>sub</strong></span> <span class='ocrx_word' id='word_1_53' title='bbox 667 1203 767 1268; x_wconf 90' lang='lat' dir='ltr'><strong>finem</strong></span> <span class='ocrx_word' id='word_1_54' title='bbox 800 1203 988 1290; x_wconf 89' lang='lat' dir='ltr'><strong>subjungit:</strong></span> <span class='ocrx_word' id='word_1_55' title='bbox 1024 1203 1100 1268; x_wconf 87' lang='lat' dir='ltr'><strong>Cum</strong></span> <span class='ocrx_word' id='word_1_56' title='bbox 1129 1205 1176 1266; x_wconf 81' lang='lat' dir='ltr'><strong>lis</strong></span> <span class='ocrx_word' id='word_1_57' title='bbox 1205 1213 1235 1266; x_wconf 85' lang='lat' dir='ltr'><strong>et</strong></span> <span class='ocrx_word' id='word_1_58' title='bbox 1256 1199 1414 1290; x_wconf 71' lang='lat' dir='ltr'><strong>pecoralis</strong></span> 
     </span>
    </p>
   </div>
   <div class='ocr_carea' id='block_1_3' title="bbox 291 1299 1427 3836">
    <p class='ocr_par' dir='ltr' id='par_1_3' title="bbox 291 1299 1427 3836">
     <span class='ocr_line' id='line_1_9' title="bbox 296 1299 1414 1388; baseline -0.006 -20"><span class='ocrx_word' id='word_1_59' title='bbox 296 1299 432 1368; x_wconf 85' lang='lat' dir='ltr'><strong>Concilii</strong></span> <span class='ocrx_word' id='word_1_60' title='bbox 464 1303 682 1366; x_wconf 77' lang='lat' dir='ltr'><strong>auctoritatem</strong></span> <span class='ocrx_word' id='word_1_61' title='bbox 714 1313 744 1365; x_wconf 88' lang='lat' dir='ltr'><strong>et</strong></span> <span class='ocrx_word' id='word_1_62' title='bbox 768 1313 958 1388; x_wconf 84' lang='lat' dir='ltr'><strong>potestatem</strong></span> <span class='ocrx_word' id='word_1_63' title='bbox 991 1299 1234 1388; x_wconf 78' lang='lat' dir='ltr'><strong>complectimur,</strong></span> <span class='ocrx_word' id='word_1_64' title='bbox 1271 1299 1414 1386; x_wconf 75' lang='lat' dir='ltr'><strong>quemad·</strong></span> 
     </span>
     <span class='ocr_line' id='line_1_10' title="bbox 291 1397 1414 1484; baseline -0.004 -21"><span class='ocrx_word' id='word_1_65' title='bbox 291 1400 416 1464; x_wconf 84' lang='lat' dir='ltr'><strong>modum</strong></span> <span class='ocrx_word' id='word_1_66' title='bbox 456 1423 531 1464; x_wconf 86' lang='lat' dir='ltr'><strong>aeuo</strong></span> <span class='ocrx_word' id='word_1_67' title='bbox 571 1411 677 1464; x_wconf 77' lang='lat' dir='ltr'><strong>nostro</strong></span> <span class='ocrx_word' id='word_1_68' title='bbox 716 1399 935 1474; x_wconf 75' lang='lat' dir='ltr'><strong>Constantius,</strong></span> <span class='ocrx_word' id='word_1_69' title='bbox 980 1400 1054 1463; x_wconf 83' lang='lat' dir='ltr'><strong>dum</strong></span> <span class='ocrx_word' id='word_1_70' title='bbox 1085 1399 1131 1463; x_wconf 86' lang='lat' dir='ltr'><strong>ibi</strong></span> <span class='ocrx_word' id='word_1_71' title='bbox 1163 1399 1237 1484; x_wconf 83' lang='lat' dir='ltr'><strong>fuit</strong></span> <span class='ocrx_word' id='word_1_72' title='bbox 1278 1397 1414 1480; x_wconf 61' lang='lat' dir='ltr'><strong>muudus</strong></span> 
     </span>
     <span class='ocr_line' id='line_1_11' title="bbox 292 1497 1414 1584; baseline -0.003 -24"><span class='ocrx_word' id='word_1_73' title='bbox 292 1497 492 1579; x_wconf 84' lang='lat' dir='ltr'><strong>universalis,</strong></span> <span class='ocrx_word' id='word_1_74' title='bbox 525 1497 719 1562; x_wconf 82' lang='lat' dir='ltr'><strong>declaratum</strong></span> <span class='ocrx_word' id='word_1_75' title='bbox 750 1497 969 1584; x_wconf 69' lang='lat' dir='ltr'><strong>definitumque</strong></span> <span class='ocrx_word' id='word_1_76' title='bbox 1003 1509 1057 1564; x_wconf 83' lang='lat' dir='ltr'><strong>est.</strong></span> <span class='ocrx_word' id='word_1_77' title='bbox 1118 1497 1313 1560; x_wconf 78' lang='lat' dir='ltr'><strong>Veneremur</strong></span> <span class='ocrx_word' id='word_1_78' title='bbox 1338 1499 1414 1560; x_wconf 83' lang='lat' dir='ltr'><strong>enin</strong></span> 
     </span>
     <span class='ocr_line' id='line_1_12' title="bbox 297 1593 1416 1682; baseline -0.003 -22"><span class='ocrx_word' id='word_1_79' title='bbox 297 1593 536 1660; x_wconf 76' lang='lat' dir='ltr'><strong>Constantianos</strong></span> <span class='ocrx_word' id='word_1_80' title='bbox 556 1595 730 1660; x_wconf 79' lang='lat' dir='ltr'><strong>Concilium</strong></span> <span class='ocrx_word' id='word_1_81' title='bbox 753 1608 782 1658; x_wconf 85' lang='lat' dir='ltr'><strong>ct</strong></span> <span class='ocrx_word' id='word_1_82' title='bbox 805 1607 916 1660; x_wconf 87' lang='lat' dir='ltr'><strong>cuncto</strong></span> <span class='ocrx_word' id='word_1_83' title='bbox 940 1619 1020 1682; x_wconf 81' lang='lat' dir='ltr'><strong>qaue</strong></span> <span class='ocrx_word' id='word_1_84' title='bbox 1041 1605 1293 1681; x_wconf 75' lang='lat' dir='ltr'><strong>praecesserunt,</strong></span> <span class='ocrx_word' id='word_1_85' title='bbox 1320 1620 1341 1658; x_wconf 87' lang='lat' dir='ltr'><strong>a</strong></span> <span class='ocrx_word' id='word_1_86' title='bbox 1362 1597 1416 1658; x_wconf 75' lang='lat' dir='ltr'><strong>Ro</strong></span> 
     </span>
     <span class='ocr_line' id='line_1_13' title="bbox 292 1691 1415 1780; baseline -0.002 -23"><span class='ocrx_word' id='word_1_87' title='bbox 292 1695 396 1758; x_wconf 85' lang='lat' dir='ltr'><strong>monis</strong></span> <span class='ocrx_word' id='word_1_88' title='bbox 409 1695 611 1778; x_wconf 71' lang='lat' dir='ltr'><strong>Pontificibus</strong></span> <span class='ocrx_word' id='word_1_89' title='bbox 627 1697 744 1759; x_wconf 75' lang='lat' dir='ltr'><strong>nostris</strong></span> <span class='ocrx_word' id='word_1_90' title='bbox 757 1694 1054 1780; x_wconf 61' lang='lat' dir='ltr'><strong>praedecessoribus</strong></span> <span class='ocrx_word' id='word_1_91' title='bbox 1072 1694 1263 1780; x_wconf 81' lang='lat' dir='ltr'><strong>approbato.</strong></span> <span class='ocrx_word' id='word_1_92' title='bbox 1274 1693 1299 1778; x_wconf 89' lang='lat'><strong>¹)</strong></span> <span class='ocrx_word' id='word_1_93' title='bbox 1338 1691 1415 1756; x_wconf 86' lang='lat' dir='ltr'><strong>Cen·</strong></span> 
     </span>
     <span class='ocr_line' id='line_1_14' title="bbox 294 1790 1417 1874; baseline -0.002 -20"><span class='ocrx_word' id='word_1_94' title='bbox 294 1791 432 1855; x_wconf 89' lang='lat' dir='ltr'><strong>seudum</strong></span> <span class='ocrx_word' id='word_1_95' title='bbox 458 1791 547 1854; x_wconf 89' lang='lat' dir='ltr'><strong>haud</strong></span> <span class='ocrx_word' id='word_1_96' title='bbox 573 1801 630 1871; x_wconf 86' lang='lat' dir='ltr'><strong>est,</strong></span> <span class='ocrx_word' id='word_1_97' title='bbox 656 1791 753 1856; x_wconf 88' lang='lat' dir='ltr'><strong>Pium</strong></span> <span class='ocrx_word' id='word_1_98' title='bbox 768 1791 800 1855; x_wconf 89' lang='grc' dir='ltr'><strong>ΙΙ</strong></span> <span class='ocrx_word' id='word_1_99' title='bbox 825 1791 878 1855; x_wconf 90' lang='lat' dir='ltr'><strong>bis</strong></span> <span class='ocrx_word' id='word_1_100' title='bbox 902 1790 1093 1874; x_wconf 84' lang='lat' dir='ltr'><strong>designasse</strong></span> <span class='ocrx_word' id='word_1_101' title='bbox 1111 1790 1243 1855; x_wconf 87' lang='lat' dir='ltr'><strong>decreta</strong></span> <span class='ocrx_word' id='word_1_102' title='bbox 1260 1793 1417 1856; x_wconf 80' lang='lat' dir='ltr'><strong>sessionis</strong></span> 
     </span>
     <span class='ocr_line' id='line_1_15' title="bbox 293 1887 1417 1976; baseline -0.002 -24"><span class='ocrx_word' id='word_1_103' title='bbox 293 1899 430 1976; x_wconf 86' lang='lat' dir='ltr'><strong>quartae</strong></span> <span class='ocrx_word' id='word_1_104' title='bbox 454 1899 486 1954; x_wconf 90' lang='lat' dir='ltr'><strong>et</strong></span> <span class='ocrx_word' id='word_1_105' title='bbox 510 1893 645 1976; x_wconf 89' lang='lat' dir='ltr'><strong>quintae</strong></span> <span class='ocrx_word' id='word_1_106' title='bbox 661 1887 801 1955; x_wconf 81' lang='lat' dir='ltr'><strong>Concilii</strong></span> <span class='ocrx_word' id='word_1_107' title='bbox 820 1888 1096 1970; x_wconf 83' lang='lat' dir='ltr'><strong>Constantiensis,</strong></span> <span class='ocrx_word' id='word_1_108' title='bbox 1123 1887 1180 1952; x_wconf 88' lang='lat' dir='ltr'><strong>sed</strong></span> <span class='ocrx_word' id='word_1_109' title='bbox 1203 1887 1358 1974; x_wconf 88' lang='lat' dir='ltr'><strong>loquitur</strong></span> <span class='ocrx_word' id='word_1_110' title='bbox 1382 1889 1417 1950; x_wconf 82' lang='lat' dir='ltr'><strong>de</strong></span> 
     </span>
     <span class='ocr_line' id='line_1_16' title="bbox 294 1986 1418 2074; baseline -0.004 -22"><span class='ocrx_word' id='word_1_111' title='bbox 294 1987 574 2053; x_wconf 84' lang='lat' dir='ltr'><strong>declarationibus</strong></span> <span class='ocrx_word' id='word_1_112' title='bbox 598 1999 712 2074; x_wconf 88' lang='lat' dir='ltr'><strong>postea</strong></span> <span class='ocrx_word' id='word_1_113' title='bbox 735 1988 841 2068; x_wconf 89' lang='lat' dir='ltr'><strong>iactis,</strong></span> <span class='ocrx_word' id='word_1_114' title='bbox 871 1986 1028 2052; x_wconf 87' lang='lat' dir='ltr'><strong>videlicet</strong></span> <span class='ocrx_word' id='word_1_115' title='bbox 1052 1991 1229 2073; x_wconf 89' lang='lat' dir='ltr'><strong>praecipue</strong></span> <span class='ocrx_word' id='word_1_116' title='bbox 1254 1987 1298 2050; x_wconf 89' lang='lat' dir='ltr'><strong>de</strong></span> <span class='ocrx_word' id='word_1_117' title='bbox 1323 1987 1418 2051; x_wconf 85' lang='lat' dir='ltr'><strong>Bulla</strong></span> 
     </span>
     <span class='ocr_line' id='line_1_17' title="bbox 293 2081 1419 2170; baseline -0.001 -21"><span class='ocrx_word' id='word_1_118' title='bbox 293 2085 429 2149; x_wconf 89' lang='lat' dir='ltr'><strong>Martini</strong></span> <span class='ocrx_word' id='word_1_119' title='bbox 455 2085 484 2148; x_wconf 83' lang='lat' dir='ltr'>V</span> <span class='ocrx_word' id='word_1_120' title='bbox 518 2089 603 2150; x_wconf 82' lang='lat' dir='ltr'><strong>inter</strong></span> <span class='ocrx_word' id='word_1_121' title='bbox 625 2098 763 2164; x_wconf 87' lang='lat' dir='ltr'><strong>cunctos,</strong></span> <span class='ocrx_word' id='word_1_122' title='bbox 796 2088 829 2149; x_wconf 94' lang='lat' dir='ltr'><strong>in</strong></span> <span class='ocrx_word' id='word_1_123' title='bbox 862 2107 928 2170; x_wconf 85' lang='lat' dir='ltr'><strong>qua</strong></span> <span class='ocrx_word' id='word_1_124' title='bbox 958 2085 1164 2170; x_wconf 81' lang='lat' dir='ltr'><strong>approbante</strong></span> <span class='ocrx_word' id='word_1_125' title='bbox 1197 2081 1357 2149; x_wconf 83' lang='lat' dir='ltr'><strong>Concilio</strong></span> <span class='ocrx_word' id='word_1_126' title='bbox 1390 2089 1419 2148; x_wconf 89' lang='lat' dir='ltr'><strong>io</strong></span> 
     </span>
     <span class='ocr_line' id='line_1_18' title="bbox 294 2181 1419 2270; baseline -0.002 -24"><span class='ocrx_word' id='word_1_127' title='bbox 294 2184 554 2268; x_wconf 87' lang='lat' dir='ltr'><strong>interrogatoriis</strong></span> <span class='ocrx_word' id='word_1_128' title='bbox 579 2183 774 2265; x_wconf 86' lang='lat' dir='ltr'><strong>declaratur,</strong></span> <span class='ocrx_word' id='word_1_129' title='bbox 800 2184 883 2268; x_wconf 83' lang='lat' dir='ltr'><strong>quod</strong></span> <span class='ocrx_word' id='word_1_130' title='bbox 899 2183 1058 2268; x_wconf 80' lang='lat' dir='ltr'><strong>quodlibet</strong></span> <span class='ocrx_word' id='word_1_131' title='bbox 1079 2181 1252 2246; x_wconf 85' lang='lat' dir='ltr'><strong>Concilium</strong></span> <span class='ocrx_word' id='word_1_132' title='bbox 1271 2184 1419 2270; x_wconf 65' lang='lat' dir='ltr'><strong>posterula</strong></span> 
     </span>
     <span class='ocr_line' id='line_1_19' title="bbox 293 2277 1419 2366; baseline 0.001 -23"><span class='ocrx_word' id='word_1_133' title='bbox 293 2292 325 2344; x_wconf 90' lang='lat' dir='ltr'><strong>et</strong></span> <span class='ocrx_word' id='word_1_134' title='bbox 347 2281 442 2344; x_wconf 64' lang='lat' dir='ltr'><strong>edum</strong></span> <span class='ocrx_word' id='word_1_135' title='bbox 470 2279 717 2359; x_wconf 80' lang='lat' dir='ltr'><strong>Constantianos,</strong></span> <span class='ocrx_word' id='word_1_136' title='bbox 749 2279 958 2356; x_wconf 81' lang='lat' dir='ltr'><strong>universalem</strong></span> <span class='ocrx_word' id='word_1_137' title='bbox 983 2277 1157 2344; x_wconf 85' lang='lat' dir='ltr'><strong>Ecclesium</strong></span> <span class='ocrx_word' id='word_1_138' title='bbox 1185 2293 1419 2366; x_wconf 77' lang='lat' dir='ltr'><strong>repraesentet.</strong></span> 
     </span>
     <span class='ocr_line' id='line_1_20' title="bbox 294 2377 1420 2444; baseline 0 -4"><span class='ocrx_word' id='word_1_139' title='bbox 294 2377 406 2442; x_wconf 86' lang='lat' dir='ltr'><strong>Verba</strong></span> <span class='ocrx_word' id='word_1_140' title='bbox 436 2377 487 2442; x_wconf 90' lang='lat' dir='ltr'><strong>Pii</strong></span> <span class='ocrx_word' id='word_1_141' title='bbox 511 2377 545 2442; x_wconf 92' lang='grc' dir='ltr'><strong>ΙΙ</strong></span> <span class='ocrx_word' id='word_1_142' title='bbox 590 2401 655 2443; x_wconf 91' lang='lat' dir='ltr'><strong>non</strong></span> <span class='ocrx_word' id='word_1_143' title='bbox 691 2379 863 2443; x_wconf 90' lang='lat' dir='ltr'><strong>referenda</strong></span> <span class='ocrx_word' id='word_1_144' title='bbox 901 2401 971 2442; x_wconf 88' lang='lat' dir='ltr'><strong>esse</strong></span> <span class='ocrx_word' id='word_1_145' title='bbox 1011 2377 1053 2442; x_wconf 92' lang='lat' dir='ltr'><strong>ad</strong></span> <span class='ocrx_word' id='word_1_146' title='bbox 1088 2377 1221 2443; x_wconf 91' lang='lat' dir='ltr'><strong>decreta</strong></span> <span class='ocrx_word' id='word_1_147' title='bbox 1261 2381 1420 2444; x_wconf 85' lang='lat' dir='ltr'><strong>sessionis</strong></span> 
     </span>
     <span class='ocr_line' id='line_1_21' title="bbox 293 2474 1422 2562; baseline 0.001 -24"><span class='ocrx_word' id='word_1_148' title='bbox 293 2485 430 2562; x_wconf 84' lang='lat' dir='ltr'><strong>quartae</strong></span> <span class='ocrx_word' id='word_1_149' title='bbox 461 2485 494 2538; x_wconf 89' lang='lat' dir='ltr'><strong>et</strong></span> <span class='ocrx_word' id='word_1_150' title='bbox 524 2477 669 2561; x_wconf 87' lang='lat' dir='ltr'><strong>quintae,</strong></span> <span class='ocrx_word' id='word_1_151' title='bbox 706 2475 784 2540; x_wconf 88' lang='lat' dir='ltr'><strong>inde</strong></span> <span class='ocrx_word' id='word_1_152' title='bbox 819 2474 994 2558; x_wconf 83' lang='lat' dir='ltr'><strong>colligitur,</strong></span> <span class='ocrx_word' id='word_1_153' title='bbox 1030 2475 1118 2561; x_wconf 90' lang='lat' dir='ltr'><strong>quod</strong></span> <span class='ocrx_word' id='word_1_154' title='bbox 1147 2497 1250 2561; x_wconf 90' lang='lat' dir='ltr'><strong>quum</strong></span> <span class='ocrx_word' id='word_1_155' title='bbox 1277 2477 1354 2561; x_wconf 91' lang='lat' dir='ltr'><strong>ipse</strong></span> <span class='ocrx_word' id='word_1_156' title='bbox 1379 2500 1422 2539; x_wconf 75' lang='lat' dir='ltr'><strong>re</strong></span> 
     </span>
     <span class='ocr_line' id='line_1_22' title="bbox 293 2571 1422 2660; baseline 0.005 -24"><span class='ocrx_word' id='word_1_157' title='bbox 293 2582 413 2637; x_wconf 84' lang='lat' dir='ltr'><strong>tractat</strong></span> <span class='ocrx_word' id='word_1_158' title='bbox 446 2575 557 2638; x_wconf 88' lang='lat' dir='ltr'><strong>omnia</strong></span> <span class='ocrx_word' id='word_1_159' title='bbox 590 2596 674 2660; x_wconf 86' lang='lat' dir='ltr'><strong>quae</strong></span> <span class='ocrx_word' id='word_1_160' title='bbox 706 2576 740 2638; x_wconf 94' lang='lat' dir='ltr'><strong>in</strong></span> <span class='ocrx_word' id='word_1_161' title='bbox 772 2595 795 2640; x_wconf 87' lang='lat' dir='ltr'><strong>a.</strong></span> <span class='ocrx_word' id='word_1_162' title='bbox 829 2571 924 2637; x_wconf 82' lang='lat' dir='ltr'><strong>Sedis</strong></span> <span class='ocrx_word' id='word_1_163' title='bbox 954 2572 1197 2660; x_wconf 88' lang='lat' dir='ltr'><strong>praejudicium</strong></span> <span class='ocrx_word' id='word_1_164' title='bbox 1229 2575 1422 2660; x_wconf 81' lang='lat' dir='ltr'><strong>scripserat.</strong></span> 
     </span>
     <span class='ocr_line' id='line_1_23' title="bbox 293 2669 1424 2758; baseline 0 -24"><span class='ocrx_word' id='word_1_165' title='bbox 293 2681 381 2735; x_wconf 87' lang='lat' dir='ltr'><strong>certe</strong></span> <span class='ocrx_word' id='word_1_166' title='bbox 413 2694 479 2736; x_wconf 90' lang='lat' dir='ltr'><strong>non</strong></span> <span class='ocrx_word' id='word_1_167' title='bbox 511 2672 674 2758; x_wconf 88' lang='lat' dir='ltr'><strong>approbat</strong></span> <span class='ocrx_word' id='word_1_168' title='bbox 703 2671 759 2736; x_wconf 88' lang='lat' dir='ltr'><strong>illa</strong></span> <span class='ocrx_word' id='word_1_169' title='bbox 791 2671 934 2752; x_wconf 88' lang='lat' dir='ltr'><strong>decreta,</strong></span> <span class='ocrx_word' id='word_1_170' title='bbox 965 2683 1128 2757; x_wconf 89' lang='lat' dir='ltr'><strong>quatenus</strong></span> <span class='ocrx_word' id='word_1_171' title='bbox 1150 2669 1345 2755; x_wconf 86' lang='lat' dir='ltr'><strong>generalem</strong></span> <span class='ocrx_word' id='word_1_172' title='bbox 1374 2673 1424 2734; x_wconf 84' lang='lat' dir='ltr'><strong>‹ie-</strong></span> 
     </span>
     <span class='ocr_line' id='line_1_24' title="bbox 294 2767 1422 2855; baseline 0 -23"><span class='ocrx_word' id='word_1_173' title='bbox 294 2770 478 2833; x_wconf 89' lang='lat' dir='ltr'><strong>iinitionem</strong></span> <span class='ocrx_word' id='word_1_174' title='bbox 504 2769 544 2834; x_wconf 87' lang='lat' dir='ltr'><strong>de</strong></span> <span class='ocrx_word' id='word_1_175' title='bbox 568 2772 763 2834; x_wconf 85' lang='lat' dir='ltr'><strong>auctoritate</strong></span> <span class='ocrx_word' id='word_1_176' title='bbox 779 2769 920 2833; x_wconf 90' lang='lat' dir='ltr'><strong>Concilii</strong></span> <span class='ocrx_word' id='word_1_177' title='bbox 938 2791 1036 2855; x_wconf 88' lang='lat' dir='ltr'><strong>supra</strong></span> <span class='ocrx_word' id='word_1_178' title='bbox 1053 2767 1178 2854; x_wconf 88' lang='lat' dir='ltr'><strong>Papam</strong></span> <span class='ocrx_word' id='word_1_179' title='bbox 1196 2769 1422 2834; x_wconf 80' lang='lat' dir='ltr'><strong>continerent.</strong></span> 
     </span>
     <span class='ocr_line' id='line_1_25' title="bbox 294 2865 1423 2954; baseline -0.004 -22"><span class='ocrx_word' id='word_1_180' title='bbox 294 2865 350 2932; x_wconf 87' lang='lat' dir='ltr'><strong>Sic</strong></span> <span class='ocrx_word' id='word_1_181' title='bbox 382 2868 469 2930; x_wconf 90' lang='lat' dir='ltr'><strong>enim</strong></span> <span class='ocrx_word' id='word_1_182' title='bbox 502 2869 672 2932; x_wconf 90' lang='lat' dir='ltr'><strong>Pontificis</strong></span> <span class='ocrx_word' id='word_1_183' title='bbox 696 2869 772 2954; x_wconf 88' lang='lat' dir='ltr'><strong>jura</strong></span> <span class='ocrx_word' id='word_1_184' title='bbox 805 2867 980 2931; x_wconf 85' lang='lat' dir='ltr'><strong>manifeste</strong></span> <span class='ocrx_word' id='word_1_185' title='bbox 1011 2867 1198 2933; x_wconf 89' lang='lat' dir='ltr'><strong>laedebant.</strong></span> <span class='ocrx_word' id='word_1_186' title='bbox 1246 2867 1287 2930; x_wconf 88' lang='lat' dir='ltr'><strong>Iu</strong></span> <span class='ocrx_word' id='word_1_187' title='bbox 1320 2891 1423 2932; x_wconf 82' lang='lat' dir='ltr'><strong>sensu</strong></span> 
     </span>
     <span class='ocr_line' id='line_1_26' title="bbox 292 2965 1423 3052; baseline 0 -22"><span class='ocrx_word' id='word_1_188' title='bbox 292 2977 404 3030; x_wconf 88' lang='lat' dir='ltr'><strong>autem</strong></span> <span class='ocrx_word' id='word_1_189' title='bbox 428 2967 577 3031; x_wconf 87' lang='lat' dir='ltr'><strong>restricto</strong></span> <span class='ocrx_word' id='word_1_190' title='bbox 601 2975 748 3052; x_wconf 88' lang='lat' dir='ltr'><strong>accepta,</strong></span> <span class='ocrx_word' id='word_1_191' title='bbox 782 2967 853 3052; x_wconf 89' lang='lat' dir='ltr'><strong>ipsa</strong></span> <span class='ocrx_word' id='word_1_192' title='bbox 884 2989 952 3030; x_wconf 92' lang='lat' dir='ltr'><strong>non</strong></span> <span class='ocrx_word' id='word_1_193' title='bbox 983 2968 1156 3030; x_wconf 90' lang='lat' dir='ltr'><strong>continent</strong></span> <span class='ocrx_word' id='word_1_194' title='bbox 1187 2965 1423 3030; x_wconf 83' lang='lat' dir='ltr'><strong>definitionem</strong></span> 
     </span>
     <span class='ocr_line' id='line_1_27' title="bbox 294 3063 1423 3148; baseline 0.003 -22"><span class='ocrx_word' id='word_1_195' title='bbox 294 3074 327 3126; x_wconf 90' lang='lat' dir='ltr'><strong>et</strong></span> <span class='ocrx_word' id='word_1_196' title='bbox 358 3063 614 3128; x_wconf 87' lang='lat' dir='ltr'><strong>declarationem</strong></span> <span class='ocrx_word' id='word_1_197' title='bbox 647 3064 688 3128; x_wconf 88' lang='lat' dir='ltr'><strong>de</strong></span> <span class='ocrx_word' id='word_1_198' title='bbox 721 3065 917 3128; x_wconf 89' lang='lat' dir='ltr'><strong>auctoritate</strong></span> <span class='ocrx_word' id='word_1_199' title='bbox 941 3063 1146 3148; x_wconf 90' lang='lat' dir='ltr'><strong>generalium</strong></span> <span class='ocrx_word' id='word_1_200' title='bbox 1171 3063 1423 3129; x_wconf 79' lang='lat' dir='ltr'><strong>Consiliorum:</strong></span> 
     </span>
     <span class='ocr_line' id='line_1_28' title="bbox 294 3161 1426 3248; baseline 0 -23"><span class='ocrx_word' id='word_1_201' title='bbox 294 3162 378 3225; x_wconf 89' lang='lat' dir='ltr'><strong>haec</strong></span> <span class='ocrx_word' id='word_1_202' title='bbox 411 3183 489 3226; x_wconf 90' lang='lat' dir='ltr'><strong>vero</strong></span> <span class='ocrx_word' id='word_1_203' title='bbox 515 3164 685 3227; x_wconf 88' lang='lat' dir='ltr'><strong>invenitur</strong></span> <span class='ocrx_word' id='word_1_204' title='bbox 717 3161 818 3226; x_wconf 80' lang='lat' dir='ltr'><strong>iniis</strong></span> <span class='ocrx_word' id='word_1_205' title='bbox 849 3183 935 3248; x_wconf 89' lang='lat' dir='ltr'><strong>quae</strong></span> <span class='ocrx_word' id='word_1_206' title='bbox 970 3163 1003 3225; x_wconf 90' lang='lat' dir='ltr'><strong>in</strong></span> <span class='ocrx_word' id='word_1_207' title='bbox 1037 3161 1136 3227; x_wconf 87' lang='lat' dir='ltr'><strong>Bulla</strong></span> <span class='ocrx_word' id='word_1_208' title='bbox 1168 3162 1255 3225; x_wconf 84' lang='lat' dir='ltr'><strong>Inter</strong></span> <span class='ocrx_word' id='word_1_209' title='bbox 1292 3175 1426 3227; x_wconf 68' lang='lat' dir='ltr'><strong>cunctos</strong></span> 
     </span>
     <span class='ocr_line' id='line_1_29' title="bbox 295 3257 1426 3346; baseline -0.001 -23"><span class='ocrx_word' id='word_1_210' title='bbox 295 3259 470 3326; x_wconf 86' lang='lat' dir='ltr'><strong>habentur.</strong></span> <span class='ocrx_word' id='word_1_211' title='bbox 525 3259 699 3324; x_wconf 84' lang='lat' dir='ltr'><strong>Praeterea</strong></span> <span class='ocrx_word' id='word_1_212' title='bbox 733 3262 838 3324; x_wconf 88' lang='lat' dir='ltr'><strong>incise</strong></span> <span class='ocrx_word' id='word_1_213' title='bbox 878 3259 948 3343; x_wconf 86' lang='lat' dir='ltr'><strong>illa,</strong></span> <span class='ocrx_word' id='word_1_214' title='bbox 987 3259 1061 3324; x_wconf 84' lang='lat' dir='ltr'><strong>dnm</strong></span> <span class='ocrx_word' id='word_1_215' title='bbox 1094 3259 1141 3323; x_wconf 72' lang='lat' dir='ltr'><strong>its·</strong></span> <span class='ocrx_word' id='word_1_216' title='bbox 1165 3258 1239 3344; x_wconf 84' lang='lat' dir='ltr'><strong>fuit</strong></span> <span class='ocrx_word' id='word_1_217' title='bbox 1270 3257 1426 3346; x_wconf 74' lang='lat' dir='ltr'><strong>Synodm</strong></span> 
     </span>
     <span class='ocr_line' id='line_1_30' title="bbox 293 3357 1426 3444; baseline -0.002 -22"><span class='ocrx_word' id='word_1_218' title='bbox 293 3358 486 3422; x_wconf 80' lang='lat' dir='ltr'><strong>universalis</strong></span> <span class='ocrx_word' id='word_1_219' title='bbox 510 3369 542 3422; x_wconf 86' lang='lat' dir='ltr'><strong>et</strong></span> <span class='ocrx_word' id='word_1_220' title='bbox 566 3357 715 3439; x_wconf 85' lang='lat' dir='ltr'><strong>alterum,</strong></span> <span class='ocrx_word' id='word_1_221' title='bbox 741 3367 861 3421; x_wconf 86' lang='lat' dir='ltr'><strong>cuncta</strong></span> <span class='ocrx_word' id='word_1_222' title='bbox 876 3380 961 3443; x_wconf 89' lang='lat' dir='ltr'><strong>quae</strong></span> <span class='ocrx_word' id='word_1_223' title='bbox 971 3367 1214 3444; x_wconf 81' lang='lat' dir='ltr'><strong>praecesserant</strong></span> <span class='ocrx_word' id='word_1_224' title='bbox 1228 3381 1248 3420; x_wconf 90' lang='grc' dir='ltr'><em>α</em></span> <span class='ocrx_word' id='word_1_225' title='bbox 1262 3357 1426 3422; x_wconf 67' lang='lat' dir='ltr'><strong>nomast«</strong></span> 
     </span>
     <span class='ocr_line' id='line_1_31' title="bbox 296 3455 1426 3544; baseline -0.001 -25"><span class='ocrx_word' id='word_1_226' title='bbox 296 3456 499 3540; x_wconf 76' lang='lat' dir='ltr'><strong>Pontificibus</strong></span> <span class='ocrx_word' id='word_1_227' title='bbox 532 3457 722 3544; x_wconf 83' lang='lat' dir='ltr'><strong>approbata,</strong></span> <span class='ocrx_word' id='word_1_228' title='bbox 754 3455 912 3520; x_wconf 86' lang='lat' dir='ltr'><strong>videntur</strong></span> <span class='ocrx_word' id='word_1_229' title='bbox 944 3458 1091 3538; x_wconf 88' lang='lat' dir='ltr'><strong>innuere,</strong></span> <span class='ocrx_word' id='word_1_230' title='bbox 1127 3457 1224 3520; x_wconf 86' lang='lat' dir='ltr'><strong>Pium</strong></span> <span class='ocrx_word' id='word_1_231' title='bbox 1252 3459 1426 3540; x_wconf 74' lang='lat' dir='ltr'><strong>respicere</strong></span> 
     </span>
     <span class='ocr_line' id='line_1_32' title="bbox 295 3553 1425 3640; baseline -0.002 -21"><span class='ocrx_word' id='word_1_232' title='bbox 295 3553 483 3619; x_wconf 90' lang='lat' dir='ltr'><strong>Concilium</strong></span> <span class='ocrx_word' id='word_1_233' title='bbox 509 3555 763 3618; x_wconf 77' lang='lat' dir='ltr'><strong>constantiense</strong></span> <span class='ocrx_word' id='word_1_234' title='bbox 794 3576 852 3640; x_wconf 90' lang='lat' dir='ltr'><strong>pro</strong></span> <span class='ocrx_word' id='word_1_235' title='bbox 878 3577 915 3618; x_wconf 90' lang='lat' dir='ltr'><strong>eo</strong></span> <span class='ocrx_word' id='word_1_236' title='bbox 940 3557 1087 3640; x_wconf 85' lang='lat' dir='ltr'><strong>tempore</strong></span> <span class='ocrx_word' id='word_1_237' title='bbox 1111 3574 1176 3639; x_wconf 93' lang='lat' dir='ltr'><strong>quo</strong></span> <span class='ocrx_word' id='word_1_238' title='bbox 1206 3553 1281 3634; x_wconf 81' lang='lat' dir='ltr'><strong>init,</strong></span> <span class='ocrx_word' id='word_1_239' title='bbox 1316 3553 1425 3619; x_wconf 81' lang='lat' dir='ltr'><strong>electo</strong></span> 
     </span>
     <span class='ocr_line' id='line_1_33' title="bbox 295 3651 1427 3738; baseline -0.002 -22"><span class='ocrx_word' id='word_1_240' title='bbox 295 3651 457 3716; x_wconf 85' lang='lat' dir='ltr'><strong>Pontifice</strong></span> <span class='ocrx_word' id='word_1_241' title='bbox 481 3653 635 3734; x_wconf 77' lang='lat' dir='ltr'><strong>Martino²</strong></span> <span class='ocrx_word' id='word_1_242' title='bbox 673 3673 750 3715; x_wconf 88' lang='lat' dir='ltr'><strong>vere</strong></span> <span class='ocrx_word' id='word_1_243' title='bbox 782 3653 1045 3735; x_wconf 89' lang='lat' dir='ltr'><strong>oecumenicum,</strong></span> <span class='ocrx_word' id='word_1_244' title='bbox 1081 3663 1180 3738; x_wconf 88' lang='lat' dir='ltr'><strong>atque</strong></span> <span class='ocrx_word' id='word_1_245' title='bbox 1213 3653 1327 3736; x_wconf 88' lang='lat' dir='ltr'><strong>prouti</strong></span> <span class='ocrx_word' id='word_1_246' title='bbox 1364 3653 1427 3717; x_wconf 76' lang='lat' dir='ltr'><strong>bor</strong></span> 
     </span>
     <span class='ocr_line' id='line_1_34' title="bbox 294 3748 1425 3836; baseline 0.002 -22"><span class='ocrx_word' id='word_1_247' title='bbox 294 3749 484 3814; x_wconf 89' lang='lat' dir='ltr'><strong>Concilium</strong></span> <span class='ocrx_word' id='word_1_248' title='bbox 509 3761 541 3813; x_wconf 91' lang='lat' dir='ltr'><strong>et</strong></span> <span class='ocrx_word' id='word_1_249' title='bbox 565 3751 635 3836; x_wconf 89' lang='lat' dir='ltr'><strong>ejus</strong></span> <span class='ocrx_word' id='word_1_250' title='bbox 669 3748 802 3813; x_wconf 90' lang='lat' dir='ltr'><strong>decreta</strong></span> <span class='ocrx_word' id='word_1_251' title='bbox 825 3771 845 3813; x_wconf 92' lang='lat' dir='ltr'><strong>a</strong></span> <span class='ocrx_word' id='word_1_252' title='bbox 868 3750 1012 3814; x_wconf 85' lang='lat' dir='ltr'><strong>Martino</strong></span> <span class='ocrx_word' id='word_1_253' title='bbox 1044 3750 1240 3815; x_wconf 84' lang='lat' dir='ltr'><strong>confirmata</strong></span> <span class='ocrx_word' id='word_1_254' title='bbox 1273 3749 1425 3816; x_wconf 79' lang='lat' dir='ltr'><strong>luerunt.</strong></span> 
     </span>
    </p>
   </div>
   <div class='ocr_carea' id='block_1_4' title="bbox 295 3951 1427 4102">
    <p class='ocr_par' dir='ltr' id='par_1_4' title="bbox 295 3951 1427 4102">
     <span class='ocr_line' id='line_1_35' title="bbox 295 3951 1427 4087; baseline 0.002 -81"><span class='ocrx_word' id='word_1_255' title='bbox 295 4035 305 4087; x_wconf 67' lang='lat' dir='ltr'>l</span> <span class='ocrx_word' id='word_1_256' title='bbox 380 3953 400 4022; x_wconf 88' lang='lat'><strong>¹)</strong></span> <span class='ocrx_word' id='word_1_257' title='bbox 430 3953 462 4087; x_wconf 57' lang='lat' dir='ltr'><strong>l}</strong></span> <span class='ocrx_word' id='word_1_258' title='bbox 481 3953 562 4007; x_wconf 88' lang='lat' dir='ltr'><strong>Bulla</strong></span> <span class='ocrx_word' id='word_1_259' title='bbox 580 3951 782 4006; x_wconf 87' lang='lat' dir='ltr'><strong>retractationis</strong></span> <span class='ocrx_word' id='word_1_260' title='bbox 815 3953 846 4006; x_wconf 88' lang='lat' dir='ltr'><strong>ln</strong></span> <span class='ocrx_word' id='word_1_261' title='bbox 876 3953 1028 4006; x_wconf 75' lang='lat' dir='ltr'><strong>nsinocibne</strong></span> <span class='ocrx_word' id='word_1_262' title='bbox 1054 3968 1146 4006; x_wconf 78' lang='lat' dir='ltr'><strong>sersus</strong></span> <span class='ocrx_word' id='word_1_263' title='bbox 1170 3952 1269 4018; x_wconf 71' lang='lat' dir='ltr'><strong>finem</strong></span> <span class='ocrx_word' id='word_1_264' title='bbox 1304 3971 1349 4023; x_wconf 74' lang='lat' dir='ltr'><strong>sp.</strong></span> <span class='ocrx_word' id='word_1_265' title='bbox 1372 3956 1427 4010; x_wconf 72' lang='lat' dir='ltr'><strong>Fas</strong></span> 
     </span>
     <span class='ocr_line' id='line_1_36' title="bbox 308 4036 481 4102; baseline 0.023 -17"><span class='ocrx_word' id='word_1_266' title='bbox 308 4050 355 4088; x_wconf 88' lang='lat' dir='ltr'><strong>.c.</strong></span> <span class='ocrx_word' id='word_1_267' title='bbox 374 4051 399 4102; x_wconf 89' lang='lat' dir='ltr'><strong>p.</strong></span> <span class='ocrx_word' id='word_1_268' title='bbox 422 4036 433 4087; x_wconf 96' lang='lat' dir='ltr'><strong>l</strong></span> <span class='ocrx_word' id='word_1_269' title='bbox 457 4036 481 4089; x_wconf 73' lang='lat'><strong>4.</strong></span> 
     </span>
    </p>
   </div>
   <div class='ocr_carea' id='block_1_5' title="bbox 0 0 1460 4848">
    <p class='ocr_par' dir='ltr' id='par_1_5' title="bbox 0 0 1460 4848">
     <span class='ocr_line' id='line_1_37' title="bbox 0 0 1460 4848; baseline 0 0"><span class='ocrx_word' id='word_1_270' title='bbox 0 0 1460 4848; x_wconf 95' lang='lat' dir='ltr'><strong> </strong></span> 
     </span>
    </p>
   </div>
  </div>
 </body>
</html>
