2822 4838
293 483 347 538 830
454 483 569 537 XXVII.
589 483 629 536 De
647 483 750 540 haeres.
769 483 935 551 repressione
954 499 986 536 ec
1004 483 1037 536 de
1056 483 1252 540 Decretelibus.

288 631 398 715 potius
428 629 469 692 sit
502 627 671 706 dicendus,
709 627 884 691 deliberato
914 650 983 691 cum
1013 627 1190 690 eomtmdem
1225 629 1395 712 siprsatorun

286 726 551 814 prudentioribus
575 737 751 812 opportuna
783 726 924 804 consilio,
950 725 1068 788 diuisos
1100 724 1140 788 ab
1163 725 1321 788 Ecclesiae
1342 725 1395 786 uni·

293 835 356 889 tate
389 825 515 889 divisim
544 848 656 910 capere
688 825 857 902 studeatis,
891 823 1057 888 dummodo
1086 825 1243 902 videritis,
1274 822 1350 908 quod
1368 843 1398 882 es

291 924 346 986 boc
368 923 453 986 idem
480 921 586 987 Comes
608 919 657 984 uel
680 920 758 985 aliis
781 925 883 986 minus
917 923 1064 986 assistere
1088 923 1137 987 cel
1161 947 1224 1010 per
1254 947 1287 986 se
1315 925 1402 1008 ipsun

291 1021 395 1083 minus
417 1021 528 1084 debeat
551 1021 705 1097 insanire,
729 1043 793 1082 non
816 1023 924 1084 statim
946 1023 1111 1106 incipiatis
1134 1019 1174 1084 ab
1198 1023 1280 1103 ipsa,
1305 1019 1354 1083 sed
1372 1044 1402 1079 eo

289 1119 440 1202 primitus
463 1129 531 1182 arte
549 1117 721 1204 prudentie
746 1117 1013 1181 dissimulationis
1041 1119 1137 1197 eluso,
1167 1118 1212 1181 ad
1239 1119 1398 1203 eusdrpan·

292 1216 349 1279 dos
371 1214 455 1279 alios
477 1217 648 1279 haereticos
673 1216 854 1292 transeatis,
879 1238 916 1278 ne
941 1218 969 1278 si
992 1219 1129 1302 squamis
1154 1216 1329 1279 Leniatbau
1350 1229 1402 1276 secu

292 1312 550 1401 canjunpentibns
573 1337 639 1376 una
661 1314 694 1376 oi
714 1312 852 1397 fueritis
885 1313 978 1377 simul
1010 1337 1115 1378 omncs
1146 1317 1297 1400 oppressi,
1329 1322 1402 1375 tanto

291 1411 414 1474 demum
436 1412 614 1501 bssjusmodi
637 1412 791 1475 satellites
808 1411 999 1476 Antichristi
1012 1411 1182 1497 difficilius
1197 1415 1327 1499 possint
1349 1421 1402 1472 coni

292 1509 361 1586 teri,
385 1521 502 1594 qsearrto
522 1511 722 1595 pertinacius
753 1510 840 1596 ipsos
868 1511 1020 1573 ieiunum
1051 1513 1283 1598 conjunctionis
1316 1509 1402 1574 sinnii

291 1605 355 1670 lum
378 1609 571 1693 continperet
592 1607 773 1691 plomercri.
821 1605 874 1670 Sic
905 1609 986 1672 enim
1015 1619 1044 1671 et
1073 1608 1127 1670 illi
1148 1608 1290 1694 facilius
1321 1605 1402 1674 elensi

286 1716 436 1790 poterunt
464 1707 626 1769 remissius
654 1705 760 1794 adjuti
777 1729 840 1792 per
862 1707 966 1786 istum,
996 1731 1033 1770 ac
1055 1708 1114 1770 iste
1138 1705 1269 1770 illorum
1294 1707 1402 1782 interior

289 1803 358 1866 uisa
381 1813 485 1888 strupo
509 1803 553 1865 ad
576 1825 629 1865 cor
647 1803 794 1888 fortcssse
817 1802 944 1886 redibit,
978 1803 1027 1867 vel
1050 1805 1079 1868 ei
1105 1808 1353 1890 perseveraverit
1380 1807 1402 1870 ir

289 1901 425 1982 malitia,
451 1901 580 1964 taudem
607 1911 718 1965 contra
740 1903 846 1988 ipsum
870 1913 899 1965 et
921 1902 1021 1966 selum
1053 1913 1083 1964 et
1106 1903 1290 1967 destitutum
1323 1901 1402 1970 lerini

288 2000 490 2084 procedatur.
538 2000 627 2062 Haec
652 2023 723 2084 erpo
747 1999 834 2063 vobis
857 2002 1048 2086 repperimus
1073 2001 1117 2064 ad
1140 2000 1339 2082 cantelam.¹)
1401 2033 1402 2052 κ

384 2151 435 2214 19.
468 2149 638 2215 Invehunt
661 2149 703 2214 ob
728 2149 814 2214 hanc
838 2151 1011 2237 epistolam
1036 2152 1252 2216 vehementer
1276 2155 1311 2217 in
1337 2152 1398 2214 Pon

187 2235 220 2264 Μ’
291 2247 388 2312 ficem
411 2247 544 2332 Hahn²)
570 2259 602 2312 et
624 2247 815 2330 Schmidt3),
840 2259 1015 2334 arguentes
1038 2271 1114 2314 eum
1132 2249 1200 2315 doli
1223 2250 1326 2336 plane
1350 2257 1402 2336 perp

290 2349 389 2411 versi.
436 2347 503 2413 Sed
527 2349 584 2433 qui
609 2359 728 2432 pacata
754 2359 863 2412 mente
888 2351 950 2411 ista
974 2346 1100 2432 legerit.
1132 2346 1302 2430 fatebitur,
1336 2337 1402 2434 ”ihi

290 2447 325 2508 in
350 2446 390 2508 iis
414 2447 585 2523 contineri,
611 2468 710 2532 quam
734 2446 824 2531 quod
842 2455 1003 2531 congruat
1017 2445 1172 2530 prudenti
1189 2457 1398 2530 stratagemat

289 2545 425 2606 omnino
437 2541 538 2609 licita.
563 2543 792 2608 Dissimulatio
806 2545 968 2629 ejusmodi
982 2543 1129 2629 profecto
1151 2545 1186 2608 in
1204 2543 1402 2632 commodnti

291 2642 512 2704 cruciatorum
540 2641 694 2706 adhiberi
723 2652 861 2727 poterat,
893 2645 1022 2729 ipsique
1054 2641 1255 2726 Raymundo
1287 2641 1402 2714 occasii

290 2737 521 2822 praebebatur,
551 2751 588 2802 ut
611 2740 795 2805 secundum
832 2752 909 2806 vota
933 2741 1104 2806 Pontificis
1134 2740 1177 2804 ud
1204 2763 1261 2804 cor
1283 2727 1402 2820 rediret

289 2857 354 2920 quo
379 2838 412 2900 in
439 2859 517 2900 casu
542 2848 629 2902 certe
655 2839 743 2903 nullo
769 2842 865 2904 modo
884 2841 954 2926 ejus
974 2842 1106 2903 ruinam
1123 2839 1343 2902 Innocentius
1367 2825 1402 2906 dd

289 2932 467 3000 siderabat.
525 2935 668 3000 Tantum
704 2940 737 3000 in
769 2960 808 3001 es
841 2937 1031 3023 hypothesi,
1065 2937 1154 3023 quod
1194 2936 1398 3020 Rsymundu

290 3053 412 3116 magna
435 3055 495 3097 sua
519 3036 666 3119 potentia
690 3035 782 3099 abuti
799 3037 1007 3100 continuaret
1024 3037 1059 3099 in
1073 3035 1319 3100 haereticorum
1345 3041 1402 3126 P¹'⁰i

291 3132 479 3211 tectionem,
505 3133 621 3196 merito
637 3133 794 3197 Pontifex
811 3133 1016 3214 intendebat,
1041 3144 1078 3196 ut
1094 3133 1179 3198 bello
1198 3143 1402 3216 coerceretur

288 3229 411 3294 Parum
442 3252 520 3294 vero
552 3233 701 3312 interest,
734 3231 822 3317 quod
855 3233 967 3295 citatio
1000 3241 1112 3296 textus
1141 3230 1273 3296 Paulini
1308 3233 1402 3318 minup

289 3339 367 3414 apta
391 3329 443 3410 sit,
468 3351 570 3414 quum
595 3327 718 3392 Paulus
742 3327 788 3392 ibi
814 3351 856 3392 ex
880 3330 1106 3414 suppositione
1129 3328 1213 3392 falsa
1231 3327 1402 3404 Corinthio

289 3448 362 3489 rum
381 3425 422 3489 de
441 3447 519 3491 vero
536 3426 609 3490 dolo
627 3426 789 3512 loquatur,
809 3435 841 3490 et
855 3427 932 3491 dein
952 3426 1081 3490 refellat
1098 3427 1194 3490 istam
1207 3425 1402 3512 dolisceuss

272 3525 423 3620 tionem.
464 3525 576 3588 Minus
592 3537 745 3589 accurate
763 3523 971 3589 intellexerat
987 3525 1143 3588 Pontifex
1159 3535 1299 3607 textum,
1317 3547 1402 3612 quen

290 3623 371 3684 citat
393 3644 453 3707 per
476 3633 700 3702 transennam,
726 3645 791 3686 non
817 3623 1023 3688 considerato
1049 3633 1216 3688 contextu.
1245 3611 1402 3688 Immeriti

289 3718 477 3784 haedere
502 3719 655 3784 Schmidt
678 3742 753 3784 eum
778 3720 799 3784 l.
824 3743 851 3786 c.
876 3723 995 3806 arguit.

365 4009 383 4072 ¹)
402 4005 469 4074 Epp⁴
490 4005 537 4058 XI.
554 4005 615 4058 232.
635 4004 722 4071 Epist.
743 4003 809 4058 haec
827 4005 945 4058 estsine
964 4005 1129 4059 indicatione
1148 4003 1279 4070 chronol..
1306 4005 1354 4058 sed
1374 4015 1402 4094 sp

288 4086 418 4141 Potthast
436 4087 504 4154 Reg.
524 4101 556 4140 es
575 4084 691 4138 hebetur
710 4101 736 4138 n.
756 4085 825 4139 3642
846 4084 889 4139 die
907 4087 925 4138 3
943 4085 1021 4140 Febr.
1044 4085 1120 4140 1209.
1401 4111 1402 4116 κ

361 4175 382 4245 ²)
400 4174 431 4228 L.
452 4191 473 4228 e
492 4173 552 4229 Vol.
573 4175 594 4230 1.
614 4175 644 4230 L.
666 4174 699 4228 11.
718 4189 742 4241 p.
762 4175 823 4228 204.

360 4263 384 4324 ”t
402 4263 433 4317 L.
452 4279 473 4316 c.
493 4262 567 4317 Tam⁴
588 4263 609 4317 1.
629 4262 669 4315 ch.
689 4265 713 4314 3.
734 4279 758 4329 p.
778 4263 840 4316 223.
