2902 4848
290 445 345 498 398
418 443 531 501 XXXV.
551 443 592 497 De
611 443 710 497 Concil.
729 443 880 499 Bseileensi
900 459 932 497 sc
949 442 984 498 de
1002 443 1109 510 syuodo
1129 442 1294 498 Florentino.

292 585 465 652 Gallorum
490 586 693 670 Ferrierus¹)
725 599 758 652 et
782 585 971 652 Cardinalis
994 585 1133 652 Guisius
1157 587 1192 650 in
1216 583 1348 671 epistola
1367 583 1405 646 ad

293 707 389 750 suum
413 685 628 750 secretarium
652 686 818 771 scripto,⁹)
842 707 883 749 ac
906 684 983 750 dein
1008 683 1120 770 plures
1133 682 1301 750 Gallicani
1322 703 1407 765 nega·

292 792 380 848 runt.
415 781 544 847 Natalis
560 781 763 863 Alexander,
788 783 846 868 qui
863 784 980 847 merito
996 783 1307 848 oecumenicitetem
1321 779 1408 864 hujus

293 879 421 966 Synodi
444 890 566 963 tuetur,
590 889 766 965 propterea
789 879 911 946 fatetur
933 901 1006 946 eam
1022 903 1042 944 a
1059 878 1245 944 Gallicanis
1268 889 1408 961 negocio

292 979 414 1059 fuisse,
440 979 528 1064 quod
553 999 650 1042 suum
674 988 820 1064 systema
844 999 920 1043 cum
945 976 1197 1044 definitionibus
1219 975 1409 1042 Florentinis

140 1083 239 1126 *⁸⁰⁰⁸
241 1075 465 1186 Ωὶίιοοιιιίιίιιιὶ
488 1097 556 1140 ιιοιι
582 1097 676 1161 posse
693 1076 856 1143 viderent.
904 1075 971 1140 Sed
994 1097 1097 1162 quum
1114 1075 1233 1139 Petrus
1254 1071 1410 1137 deldercs
1447 1149 1448 1152 Ἴ

143 1148 274 1250 ⁰⁰23&
294 1177 384 1239 viem
409 1173 606 1238 ostendisset
614 1173 824 1260 ,scrupulus
848 1173 903 1240 ille
928 1173 1176 1240 Gallicanorum
1201 1172 1360 1250 cessavit,
1385 1179 1412 1232 ot

294 1295 336 1338 ex
369 1282 517 1358 tempore
550 1225 717 1338 Ludovici
751 1271 839 1338 XIV
873 1294 977 1358 usque
1008 1271 1053 1336 ad
1086 1271 1156 1335 dies
1191 1280 1322 1334 nostros
1351 1269 1411 1354 jon

294 1393 409 1436 omnes
433 1369 600 1436 Gallicani
632 1372 886 1436 oecumenicum
917 1370 1020 1434 fuisse
1052 1367 1240 1434 Concilium
1268 1365 1412 1432 Florenti·

294 1489 375 1532 num
390 1477 628 1532 convenerunt
668 1468 882 1533 Recentiores
898 1489 976 1532 vero
993 1467 1234 1552 antagonistae,
1261 1466 1320 1550 qui
1336 1485 1413 1548 prse-

294 1567 463 1649 rogstivas
484 1587 510 1630 s.
536 1563 632 1630 Sedis
656 1567 906 1650 impugnarunt,
934 1565 1055 1628 iterum
1079 1564 1287 1640 effutierant,
1311 1561 1413 1626 Conci·

293 1663 376 1727 lium
407 1661 638 1728 Florentinum
675 1663 927 1728 oecumenicum
957 1683 1024 1726 non
1056 1662 1168 1726 fuisse.
1199 1697 1245 1710 —-
1276 1659 1413 1724 Profecto

294 1761 475 1826 adsuerunt
509 1782 624 1825 omnes
659 1760 885 1838 conditiones,
921 1780 1007 1845 quae
1038 1758 1082 1824 ad
1115 1759 1411 1824 oecumenicitatsn

296 1857 438 1923 Concilii
463 1860 695 1944 requiruntur,
720 1859 916 1924 convocatio
941 1869 973 1922 et
997 1857 1222 1942 praesidentia
1247 1855 1412 1924 Pontificio.

295 1959 484 2042 praesentia
515 1959 746 2042 episcoporum
771 1955 966 2022 Occidentis
996 1954 1217 2031 morientis,
1257 1961 1293 2018 et
1315 1952 1410 2018 contir-

296 2058 397 2120 matio
429 2076 488 2140 per
517 2055 724 2120 Pontificem.
773 2054 902 2135 Quodsi
933 2076 975 2119 ex
1007 2052 1117 2119 Gallis
1149 2075 1215 2118 non
1249 2052 1409 2118 adfuerunt

296 2155 461 2239 episcopi,
485 2152 544 2218 sed
568 2163 697 2218 tantum
721 2163 868 2217 oratores
892 2153 987 2217 ducis
1011 2150 1247 2236 Burgundios,
1286 2172 1330 2215 ex
1352 2147 1408 2212 Gor·

297 2253 410 2316 manie
432 2271 512 2315 vero
537 2253 636 2336 pauci
660 2251 811 2338 praelati,
836 2253 883 2315 ita
907 2260 944 2315 ut
967 2253 1116 2315 maxims
1138 2271 1218 2334 pars
1237 2258 1352 2312 essent
1365 2248 1412 2329 epi·

297 2351 389 2436 scopi
413 2347 506 2428 Itali,
542 2350 578 2414 id
609 2372 652 2414 ex
682 2359 870 2436 temporum
902 2345 1157 2413 difficultatibus
1186 2347 1363 2432 provenit,
1391 2359 1413 2404 st

298 2446 462 2534 ejusmodi
485 2447 635 2512 delectus
658 2445 835 2512 materialis
851 2446 1165 2532 repraesentationis
1180 2443 1358 2510 Ecclesiae
1371 2463 1416 2526 ptr

296 2549 472 2632 episcopos
502 2546 650 2610 omnium
686 2547 878 2629 regionum,
913 2544 1107 2630 frequenter
1134 2543 1248 2628 quoad
1281 2538 1415 2608 Concilio

298 2645 515 2709 oecumenica
538 2665 597 2728 per
621 2644 742 2708 summi
766 2642 938 2706 Pontificis
961 2643 1193 2728 praesentiam,
1218 2639 1416 2726 approbatio

299 2763 376 2808 nem
401 2751 433 2806 et
456 2741 743 2808 confirmationem
767 2739 949 2825 suppletur.

390 2840 443 2904 64.
479 2838 637 2919 Quaestio
667 2849 780 2904 autem
803 2839 929 2922 agitata
951 2849 1002 2902 est
1033 2839 1119 2902 inter
1141 2846 1299 2902 suctores
1322 2833 1417 2900 cstlro

298 2939 399 3020 lioos,
435 2949 546 3002 utrum
580 2939 758 3018 sessiones,
794 2959 876 3022 quas
909 2945 984 3021 post
1016 2935 1198 3000 discessum
1223 2933 1417 2999 Graecorum

300 3037 473 3122 Eugenius
504 3037 647 3120 primum
673 3034 861 3099 Florentiae
891 3056 932 3098 ac
956 3033 1035 3098 dein
1059 3033 1183 3097 Romae
1208 3031 1417 3096 continuavit

299 3133 368 3199 dici
392 3135 520 3220 possint
541 3135 703 3198 sessiones
725 3131 867 3197 Concilii
891 3132 1108 3211 oecumenici,
1132 3141 1166 3194 et
1189 3140 1419 3217 consequenter

298 3233 327 3297 si
353 3232 497 3296 Decreta
527 3252 585 3316 pro
619 3229 742 3295 unione
767 3229 990 3294 Armenorum
1022 3237 1055 3294 et
1083 3227 1230 3294 aliarum
1257 3231 1416 3294 nationum

299 3330 459 3409 Orientis,
483 3328 689 3394 recensenda
714 3330 782 3392 sint
803 3329 891 3394 inter
913 3327 1048 3392 decreta
1072 3326 1262 3391 conditain
1280 3323 1417 3390 Consilio

299 3428 526 3508 oecumenico,
566 3449 608 3490 sn
644 3447 723 3490 vero
758 3427 912 3511 Eugeuio
947 3425 996 3488 IV
1032 3435 1163 3490 tanturn
1202 3423 1418 3490 attribuenda.

300 3525 408 3608 (Hinc
443 3534 555 3588 minen
595 3526 784 3588 auctoritati
830 3523 1039 3588 decretorum
1078 3523 1327 3609 praejudicium
1362 3541 1418 3584 nou

299 3625 493 3704 crearetur).
508 3659 550 3670 —
563 3623 592 3686 E
604 3621 765 3707 theologis
778 3620 984 3702 Sirmondus,
1008 3621 1048 3686 L'
1065 3621 1265 3702 Hermionen
1288 3620 1418 3686 Haben.

302 3720 443 3802 Vitasse,
468 3741 510 3784 ex
527 3718 693 3784 historicis
706 3718 836 3784 Natalis
852 3718 1054 3800 Alexander,
1078 3719 1206 3800 dicunt,
1224 3717 1417 3784 Concilium.

300 3817 393 3904 quod
423 3817 596 3901 Eugenius
627 3817 675 3880 IV
714 3817 905 3882 Florentiae
941 3815 1078 3901 habuit,
1116 3827 1192 3902 post
1224 3815 1417 3882 Graecorum

300 3917 487 3981 discessum
512 3937 578 3980 non
603 3916 705 3980 fuisse
719 3937 783 3980 noc
798 3937 870 3980 esse
882 3917 1147 3994 oecumenicum,
1170 3913 1323 4000 adeoque
1339 3913 1418 3978 idem

379 4145 399 4216 ¹)
418 4144 552 4211 Rsynsld.
573 4161 596 4199 s.
618 4145 695 4199 1563.
715 4161 742 4201 n.
761 4145 788 4198 4.

378 4226 401 4297 ²)
420 4226 591 4291 Palloricini,
616 4225 686 4279 Hist.
708 4226 786 4280 Cone.
807 4225 879 4278 Trio
901 4225 929 4278 L.
950 4225 1024 4280 XIX.
1043 4243 1065 4279 c
1086 4226 1127 4280 16.
1146 4239 1172 4280 n.
1193 4225 1219 4278 s.
