2814 4848
309 473 362 526 394
506 472 635 528 XXVIII.
655 473 695 526 De
713 479 789 528 statu
808 474 947 528 societatis
965 472 1057 528 christ.
1076 487 1146 528 saec.
1164 473 1242 527 XIII.

309 618 526 702 oppugnavit,
552 625 588 680 ut
611 615 723 680 multis
747 618 847 681 etiam
870 615 971 680 fidem
995 615 1157 701 abjecisse
1173 615 1344 680 videretur.
1363 615 1392 704 lu

308 711 493 796 haeserant,
524 712 602 777 inde
625 713 668 777 ab
698 712 930 795 adolescentia,
962 714 1034 799 ejus
1058 714 1191 799 ingenio
1215 715 1315 800 patris
1335 712 1392 792 Heu

307 813 368 876 rici
381 812 431 876 VI
454 822 488 876 et
510 812 565 875 avi
589 812 751 876 Eriderici
775 813 791 876 1
819 811 961 876 audacia
985 811 1133 894 consilia,
1157 810 1200 876 ab
1225 810 1336 875 aulicis
1350 805 1392 894 jai

307 911 402 996 pueri
426 908 563 974 auribus
593 909 760 976 instillata.
815 909 949 974 Elatum
981 911 1131 974 animum
1162 908 1304 974 multum
1329 907 1380 971 olle

308 1007 411 1091 derat,
444 1007 533 1094 quod
564 1008 753 1095 aliquando,
787 1009 857 1094 ipso
889 1010 1046 1094 seposito,
1078 1007 1193 1073 Ottoni
1227 1007 1277 1071 IV
1309 1027 1390 1070 coron

308 1106 444 1192 Imperii
478 1119 562 1172 esset
594 1128 760 1190 concessa,
792 1129 853 1171 nec
878 1108 988 1170 minus
1015 1128 1093 1170 eum
1117 1103 1252 1191 pigebat
1277 1115 1308 1167 et
1328 1101 1392 1190 pudq

306 1203 374 1286 bat,
399 1205 488 1291 quod
512 1204 646 1270 Siciliae
679 1227 782 1288 regna
807 1215 843 1269 ut
866 1203 966 1268 feuda
990 1203 1202 1290 Apostolicae
1226 1201 1322 1268 Sedis
1343 1197 1392 1266 teol

306 1313 366 1386 ret,
398 1304 547 1391 adeoque
580 1305 679 1390 hujus
703 1314 788 1369 esset
818 1302 973 1369 vasallus.
1029 1301 1176 1368 Uenatus
1206 1323 1320 1365 omnes
1347 1299 1392 1384 ejul

307 1404 356 1466 uti
388 1402 556 1488 quondam
588 1403 750 1467 Eriderici
775 1403 801 1485 I,
833 1423 871 1466 eo
906 1400 1149 1485 dirigebantur,
1181 1409 1218 1463 ut
1246 1391 1392 1462 libertatel

307 1502 565 1586 municipiorum
590 1501 716 1584 ltaliae,
750 1503 816 1565 imo
841 1511 873 1564 ct
896 1499 1067 1564 Ecclesiae
1090 1498 1280 1563 libertatem
1304 1489 1392 1566 cond

305 1596 397 1678 leret,
430 1598 691 1663 dominationem
720 1598 836 1663 Italiae
863 1599 1021 1684 jungeret
1050 1596 1252 1661 Germaniae
1284 1595 1386 1679 imperi

306 1717 346 1759 ac
379 1695 606 1760 monarchiam
642 1697 829 1760 efformaret
864 1694 1050 1760 absolutam
1084 1704 1116 1758 et
1148 1695 1183 1756 in
1215 1715 1279 1756 sna
1308 1693 1376 1756 fami

305 1792 574 1875 haereditariam,
602 1818 668 1881 qua
692 1806 724 1859 et
746 1815 898 1880 proceres
921 1793 1023 1858 laicos
1047 1803 1080 1856 ot
1103 1790 1344 1856 ecclesiasticos
1363 1791 1392 1876 si,

305 1892 438 1978 ponitus
462 1891 629 1978 subjectos
651 1902 789 1977 regeret.
841 1891 1011 1972 Quamdiu
1044 1889 1192 1954 nondum
1223 1885 1392 1975 imper-ialal

306 1992 458 2054 cinxerat
480 2011 646 2072 coronam,
670 1989 850 2055 videbatur
872 1989 1042 2054 Ecclesiae
1059 1987 1204 2073 Sedique
1221 1977 1392 2073 Apostolicl

304 2087 469 2168 addictus,
494 2098 527 2152 et
550 2099 721 2174 promptus
744 2102 824 2164 erat,
850 2098 886 2152 ut
901 2089 1026 2173 optima
1042 2107 1193 2173 quaeque
1210 2073 1392 2170 polliceretd

305 2185 441 2251 solemni
476 2185 588 2251 addito
624 2199 845 2267 sacramento,
882 2185 940 2250 sed
974 2194 1090 2271 postea
1114 2183 1264 2268 perfidus
1297 2205 1336 2246 ao
1356 2165 1392 2266 pel

300 2285 407 2370 jurus‚
433 2285 480 2348 uti
505 2295 725 2370 opportunum
751 2283 943 2366 videbatur,
977 2283 1160 2368 promptior
1189 2289 1272 2362 erat,
1305 2291 1340 2343 ut
1361 2271 1392 2364 pd

306 2384 406 2446 missa
429 2382 542 2446 omnia
565 2391 598 2445 et
615 2381 807 2468 juramenta
823 2382 919 2446 foede
937 2380 1086 2446 violaret.
1121 2377 1213 2444 Talis
1227 2401 1332 2465 quum
1348 2369 1392 2448 esd

304 2479 495 2544 Fridericus
519 2481 553 2544 Il
577 2480 723 2567 talesque
747 2481 818 2566 ejus
842 2481 955 2544 animi·
970 2501 1086 2544 sensus
1102 2489 1136 2542 et
1147 2479 1251 2556 nisus,
1277 2475 1392 2560 indepel

306 2577 452 2642 dentiam
482 2588 513 2642 et
536 2577 722 2642 libertatem
745 2577 916 2642 Ecclesiae
935 2580 981 2642 in
1006 2598 1173 2640 summum
1202 2574 1347 2639 vocabat
1368 2573 1385 2636 d

305 2677 442 2756 crimen,
475 2675 613 2761 fierique
643 2697 710 2740 non
737 2677 855 2762 potuit,
888 2677 969 2762 quin
1001 2675 1180 2740 Pontifices
1210 2675 1314 2738 etiam
1342 2693 1379 2757 pa

305 2776 452 2838 maxime
476 2773 599 2859 cupidi,
623 2773 747 2838 luctam
773 2777 807 2839 in
831 2795 907 2838 eum
931 2773 1178 2860 suscipiendam
1203 2773 1358 2836 vitarent.

394 2874 427 2938 5.
458 2871 581 2958 Erepto
606 2895 647 2936 ex
672 2872 733 2937 hac
757 2875 829 2938 vita
853 2873 1048 2938 Innocentio
1073 2869 1134 2952 111,
1159 2869 1264 2936 altera
1283 2869 1354 2955 jam

134 2970 460 3077 ”fflgflgffllmulii
484 2971 641 3034 Perusiae
665 2969 788 3035 electus
812 2981 845 3034 et
867 2972 1075 3035 renuntiatus
1099 2969 1162 3032 fuit
1186 2967 1344 3031 Pontifex
1367 2859 1392 3138 ἔ

200 3065 206 3077 '
242 3064 249 3078 '
304 3072 414 3133 norim
438 3069 498 3132 III.
545 3067 787 3154 Appellabatur
818 3081 916 3133 antea
945 3067 1106 3148 Oeneius,
1137 3075 1275 3151 eratque
1307 3087 1348 3129 ex
1391 3145 1392 3150 ἵ

304 3189 404 3232 mana
434 3165 661 3232 Sabelliorum.
686 3167 812 3231 familia
843 3167 1013 3232 oriundus.
1060 3164 1143 3230 Inde
1176 3187 1196 3227 a
1226 3159 1392 3249 temporibl

273 3275 279 3282 ‘
304 3263 483 3330 Coelestini
507 3265 558 3329 ΙΙΙ
590 3268 709 3331 aerarii
740 3265 956 3330 ecelesiastici
987 3265 1096 3329 fuerat
1125 3262 1329 3348 praelectus,
1361 3283 1390 3324 sc

303 3373 340 3426 ut
365 3362 463 3447 vulgo
488 3361 614 3445 dieunt,
638 3364 672 3429 S.
696 3363 735 3429 R.
760 3364 798 3428 E.
824 3363 1045 3443 Camerarius,
1075 3360 1249 3446 librumque
1275 3273 1392 3424 censiiul

303 3483 368 3548 quo
404 3459 492 3525 bona
525 3461 771 3547 patrimonialia
801 3463 971 3527 Romanae
1002 3459 1173 3525 Ecclesiae
1206 3429 1392 3523 continenti

223 3633 234 3660 ,
302 3562 373 3646 ipse
397 3559 595 3624 confecerat.
646 3560 700 3624 Ab
724 3561 920 3625 Innocentio
945 3559 997 3624 ΙΙΙ
1028 3569 1158 3623 creatus
1182 3556 1293 3620 fuerat
1317 3547 1392 3620 Cani

302 3656 387 3723 nalis
411 3657 498 3722 tituli
522 3680 563 3722 ss.
588 3658 729 3723 Joannis
763 3669 795 3722 et
828 3657 941 3740 Pauli,
973 3654 1197 3744 praecellebat
1221 3655 1392 3738 negotiorul

302 3757 421 3843 peritia
453 3766 552 3842 atque
583 3757 687 3820 animi
718 3755 988 3838 mansuetudine,
1020 3763 1155 3839 eratque
1188 3763 1299 3816 aetate
1334 3749 1383 3814 val

302 3864 489 3940 provectus,
514 3853 647 3939 quando
672 3855 706 3918 in
731 3853 852 3920 Sedem
877 3854 966 3918 Petri
991 3852 1140 3916 elevatus
1164 3859 1223 3916 est.
1248 3887 1295 3897 -
1321 3849 1373 3914 Fri

301 3952 390 4016 ricus
408 3952 480 4038 jam
504 3973 592 4015 anno
620 3953 715 4035 1215,
740 3974 842 4038 quum
867 3951 1070 4038 Aquisgrani
1099 3951 1133 4013 in
1156 3967 1270 4032 regem
1296 3947 1364 4012 Ger

301 4052 378 4114 niae
409 4058 636 4131 coronaretur,
672 4071 770 4113 cruce
805 4059 936 4135 sumpta
966 4047 1214 4135 expeditionem
1245 4047 1388 4108 cruciata

302 4169 336 4212 sc
359 4159 590 4233 suscepturum
615 4169 694 4211 esse·
710 4157 858 4228 voverat,
891 4170 930 4211 ac
954 4147 1118 4233 promissa
1150 4145 1212 4207 ista
1245 4141 1390 4207 identide

300 4247 448 4331 repetiit,
481 4255 518 4309 ut
549 4245 688 4310 Honorii
719 4245 769 4308 Ill
800 4245 950 4310 favorem
982 4245 1047 4310 sibi
1078 4250 1234 4308 servaret.
1294 4239 1392 4310 luteril
