3000 4838
264 443 298 495 70
462 441 565 496 ΧΧΠΙ.
586 442 625 495 De
644 448 720 496 statu
740 442 839 498 Eccles.
858 442 942 509 priori
961 441 1047 498 medio
1065 459 1134 500 saec.
1154 445 1214 500 XII.

263 584 403 670 subjecti
427 594 513 651 sunt.
560 585 747 649 Voluerunt
769 585 903 671 quidem
927 585 1083 668 Romani,
1115 598 1152 653 ut
1178 591 1311 674 penitus
1335 613 1389 656 ca-

263 681 393 748 stellum
424 680 507 746 illud
530 681 744 748 Tiburtinum
773 682 1004 765 destrueretur,
1034 683 1092 749 sed
1119 688 1239 751 restitit
1262 689 1310 752 eis
1333 688 1388 753 In·

94 800 248 842 Dlfflooltstes
262 781 445 845 nocentius.
473 817 510 828 -
537 778 671 844 Ultimis
695 777 786 844 hisce
810 780 1022 866 pontificatus
1045 783 1096 846 sui
1117 785 1215 848 annis
1238 784 1281 849 ab
1305 787 1389 872 ipsis

100 864 238 969 ³⁰32?
262 877 421 942 Romanis
445 878 473 942 is
497 899 634 962 magnas
658 876 871 948 difficultates
894 888 1050 964 expertus
1074 890 1133 946 est.
1162 881 1214 946 Ea
1228 881 1390 948 videlicet

77 2819 84 2834 ι
115 2861 222 2906 coeleru-

261 985 369 1041 aetate
397 977 433 1040 in
454 973 552 1040 Italia
582 976 767 1060 municipia
797 973 956 1060 paulatim
986 977 1090 1042 variis
1126 1000 1169 1042 ex
1199 981 1307 1046 causis
1342 982 1388 1047 ad

261 1095 417 1159 magnam
440 1093 622 1159 pervenere
645 1075 838 1159 potentiam,
872 1075 919 1136 ita
949 1083 987 1138 ut
1009 1096 1113 1160 quum
1135 1087 1234 1143 antea
1257 1079 1389 1146 nobiles

260 1181 293 1236 et
316 1170 423 1236 clerus
446 1193 499 1236 res
522 1173 670 1237 maxima
694 1180 787 1258 parte
817 1171 1078 1256 moderarentur,
1105 1174 1178 1260 jam
1206 1177 1269 1262 ipsi
1293 1179 1389 1244 cives

260 1271 423 1356 imprimis
440 1269 761 1335 administrationem
777 1268 841 1334 sibi
855 1270 1077 1336 vindicarent.
1116 1273 1292 1339 Formatae
1308 1287 1391 1342 sunt

259 1390 380 1455 magno
405 1391 541 1433 numero
566 1392 617 1434 res
640 1367 796 1455 publicae
819 1368 869 1432 sui
890 1365 1047 1454 juris,'in
1071 1368 1194 1457 quibus
1210 1370 1264 1436 vel
1278 1372 1390 1439 forma

259 1469 483 1532 democretius
507 1466 560 1532 vel
584 1467 811 1533 aristocratiae
833 1465 1062 1552 praevalebat,
1094 1489 1245 1554 quaeque
1268 1491 1388 1537 consu·

258 1565 347 1630 libus
370 1575 403 1629 et
426 1565 674 1650 magistratibus
707 1564 821 1629 electis
844 1563 1139 1650 independentiam
1164 1588 1321 1651 magnam
1344 1591 1389 1634 ac

258 1663 444 1729 libertatem
474 1661 539 1727 sibi
571 1661 800 1728 vindicabant.
853 1661 1030 1748 Ejusmodi
1060 1663 1251 1728 tendentise
1282 1668 1388 1731 etiam

258 1761 382 1827 Romae
414 1769 548 1825 exortae
579 1771 612 1825 et
640 1760 790 1824 firmatae
818 1768 904 1825 sunt.
952 1758 1066 1839 Quum
1089 1761 1304 1826 Innocentius
1329 1764 1388 1829 de-

258 1859 473 1924 structionem
497 1858 633 1923 'Piburis
657 1857 838 1924 concedere
862 1856 1021 1922 noluisset
1044 1859 1211 1942 Romanis,
1236 1858 1271 1925 hi
1295 1863 1388 1946 prin·

259 1959 406 2043 cipetum
431 1956 563 2021 civilem
578 1955 751 2020 Pontificis
775 1977 955 2040 agnoscere
978 1965 1077 2042 atque
1101 1958 1135 2020 in
1152 1957 1252 2022 rebus
1276 1959 1387 2024 civili-

257 2055 321 2120 bus
356 2057 386 2119 ei
420 2055 645 2120 obedientiam
680 2065 847 2141 praestare
885 2062 1088 2120 recusarunt.
1137 2053 1236 2120 (lives
1259 2059 1323 2143 ipsi
1347 2059 1387 2122 in

258 2152 413 2240 capitolio
437 2165 581 2218 senatum
604 2152 783 2236 elegerunt,
817 2153 875 2238 qui
899 2173 1086 2237 supremam
1111 2151 1249 2218 haberet
1270 2165 1387 2220 auoto-

257 2254 389 2316 ritatem
413 2250 555 2318 civilem.
596 2249 838 2336 Conspirarunt
860 2250 924 2314 ista
947 2252 983 2315 in
1006 2271 1041 2314 re
1066 2251 1191 2315 ciuium
1215 2253 1386 2318 minorum

257 2372 298 2414 ao
320 2349 482 2414 nobilium
507 2347 701 2414 inferiorum
726 2346 920 2431 multitudo;
954 2369 1107 2433 proceres
1138 2349 1288 2434 prImarii
1312 2354 1387 2438 qui-

258 2448 335 2514 dem
349 2446 504 2512 Pontifici
526 2446 618 2511 fuere
642 2445 765 2528 fideles,
790 2445 849 2511 sed
872 2468 934 2509 neo
948 2446 1013 2531 ipsi
1037 2467 1100 2510 nee
1115 2445 1272 2512 Pontifex
1295 2448 1384 2513 sedi·

257 2549 381 2611 tionem
407 2547 505 2610 istam
528 2543 683 2610 cohibere
706 2543 893 2610 valuerunt.
932 2544 1025 2608 Dum
1049 2543 1212 2628 ejusmodi
1236 2545 1388 2610 motibus

259 2643 348 2709 Urbs
371 2644 560 2728 agitaretur,
584 2642 801 2708 Innocentius
816 2643 852 2706 II
875 2641 990 2708 morbo
1006 2653 1175 2727 correptus
1198 2653 1257 2725 est,
1281 2653 1314 2708 et
1329 2643 1389 2710 die

259 2741 319 2807 24⁰
343 2739 547 2826 Septembris
570 2742 651 2805 anni
677 2740 763 2804 1143
787 2741 822 2804 in
845 2759 928 2825 paee
952 2741 1089 2825 quievit.

350 2839 403 2904 89.
449 2837 561 2904 Tertio
591 2847 665 2923 post
694 2847 833 2904 mortem
866 2837 938 2923 ejus
971 2838 1026 2902 die
1050 2837 1175 2902 electus
1199 2847 1249 2901 est
1271 2836 1388 2904 Guido

88 2935 132 2966 '¹¹¹'
145 2926 170 2967 ¹¹
183 2927 211 2968 ¹³·
222 2927 442 3002 1'‘Hetruscus
465 2935 638 3023 presbyter
661 2934 850 3000 Oardinslis
874 2937 1022 2999 omnium
1047 2935 1223 3019 suffragiis,
1247 2935 1305 3020 qui
1330 2957 1391 3000 no·

259 3057 336 3100 men
363 3031 532 3100 Coelestim'
554 3035 591 3098 Il
611 3036 799 3119 assumpsit.
837 3033 996 3098 Pontifex
1018 3035 1046 3098 is
1074 3035 1235 3097 virtutum
1260 3035 1392 3098 meritis

258 3133 409 3218 insignis,
442 3132 537 3197 brevi
562 3131 774 3216 pontificatus
806 3132 857 3195 sui
882 3139 1029 3216 tempore
1052 3130 1149 3216 plura
1179 3131 1312 3216 negotia
1336 3153 1391 3194 ec·

259 3229 443 3295 clesiastioa
458 3230 625 3315 sapienter
637 3229 808 3315 disposuit.
834 3226 923 3294 Illud
939 3229 1278 3308 commemorandum,
1296 3227 1392 3314 quod

257 3328 432 3393 Ludovioo
457 3327 524 3392 VH
555 3329 625 3412 regi
650 3325 796 3410 Galliae,
835 3348 935 3413 quem
968 3325 1011 3392 ob
1044 3329 1140 3392 va'ria
1171 3326 1319 3392 facinora
1353 3329 1392 3392 in

257 3423 430 3491 Ecclesiae
439 3426 518 3512 jura
541 3433 680 3511 patrata,
705 3426 921 3490 Innocentius
936 3425 972 3488 H
995 3425 1172 3490 interdicto
1189 3423 1391 3511 subjecerat,

258 3545 377 3609 pacem
395 3522 654 3588 eeclesiasticam
678 3521 834 3605 reddidit,
860 3521 1086 3588 satisfactione
1108 3533 1255 3608 accepta.
1292 3520 1392 3588 Oom-

258 3623 439 3688 motionem
455 3642 534 3686 vero
558 3621 593 3684 in
610 3620 701 3685 Urbe
716 3620 872 3685 Pontifex
895 3620 1012 3684 sedare
1035 3643 1102 3686 non
1127 3619 1392 3687 valuit-Post

258 3720 407 3807 qulnque
429 3739 560 3783 menses
582 3718 794 3804 pontificatus
818 3716 872 3782 die
897 3719 934 3784 8⁰
950 3717 1064 3783 Martii
1088 3720 1168 3784 anni
1195 3718 1281 3783 1144
1305 3715 1389 3784 Oce-

257 3816 396 3882 lestinus
418 3816 453 3881 11
477 3827 687 3901 praematura
711 3825 814 3881 morte
838 3815 989 3881 decessit.

349 3915 402 3981 90.
449 3913 503 3978 Ab
543 3914 606 3980 hoc
643 3914 805 3979 Pontifice
844 3915 1011 4000 incipiunt
1049 3913 1304 3979 vaticinationes
1343 3913 1388 3980 de

258 4012 326 4078 RR.
351 4012 571 4078 Pontificibus
609 4035 714 4099 usque
748 4011 790 4077 ad
824 4011 925 4076 finem
957 4010 1072 4076 mundi
1110 4014 1262 4095 sessuris,
1300 4033 1390 4098 quae

259 4129 285 4175 s.
314 4110 515 4193 Malachiae,
551 4110 615 4175 hoc
645 4120 793 4197 tempore
823 4109 1072 4196 archiepiscopo
1096 4109 1310 4176 Armachano
1351 4111 1389 4177 iu

258 4207 423 4275 Hibernia
447 4219 479 4274 et
502 4231 527 4274 s.
544 4208 715 4273 Bernardo
739 4208 953 4290 amicissimo,
977 4206 1221 4274 adscribuntur.
1259 4208 1388 4274 Verum
