3000 4838
298 416 333 470 22
495 415 599 472 XXIII.
618 417 658 472 De
676 423 753 472 stetu
772 417 872 472 Boules.
892 417 975 486 priori
994 417 1079 472 medio
1098 432 1165 471 saec.
1185 415 1246 470 XII.

298 559 478 638 Matbildia,
508 557 578 637 iiiia
600 561 767 647 Bonisacii
789 563 996 640 Marciionis,
1029 560 1084 624 sod
1113 561 1210 624 uidua
1246 558 1428 644 Godefridi

298 657 404 736 ducis,
445 657 584 732 Wolfom'
612 658 705 739 daci,
729 659 803 743 filio
842 656 996 743 Wolfonie
1020 657 1123 737 ducis,
1158 659 1301 746 oonjupio
1326 679 1422 743 copa-

298 755 394 835 lctur,
432 767 461 820 et
489 756 546 819 hoc
567 758 673 842 ntique
695 777 759 820 non
791 767 855 820 tam
877 779 942 842 pro
965 756 1205 833 incontinentia,
1242 777 1336 839 quam
1357 775 1426 840 pro

296 853 437 918 Romani
470 853 633 937 Pontificis
670 854 867 932 obedientia,
910 850 1056 918 videlicet
1093 863 1128 916 nt
1164 862 1254 918 tanto
1293 850 1427 916 uirilius

296 961 424 1015 sanctae
437 952 601 1016 Romanae
615 953 761 1017 eeclesiae
779 964 891 1016 contra
903 952 1184 1015 incommunicatos
1191 961 1300 1037 posset
1312 950 1422 1014 mbae-

294 1049 374 1112 nire.
382 1050 404 1130 ¹)
450 1049 490 1113 In
519 1059 659 1136 utroque
689 1059 800 1115 autem
824 1051 1034 1118 matrimonio
1059 1047 1286 1132 virginitatem
1315 1048 1429 1112 fertur

297 1144 469 1212 Mathildis
492 1167 661 1230 servass03
693 1148 781 1214 unde
806 1171 909 1236 quum
932 1147 1054 1212 liberos
1076 1166 1145 1211 non
1168 1146 1314 1228 haberet,
1339 1145 1423 1210 iaci·

296 1241 361 1308 lius
384 1245 497 1308 emnia
520 1243 609 1311 bona
632 1245 800 1310 Romanae
825 1237 985 1310 ecclesiae
1007 1246 1124 1309 offerre
1153 1246 1267 1329 potuit,
1317 1244 1423 1308 Perti·

297 1341 422 1406 nebant
445 1342 607 1428 ejusmodi
631 1343 719 1408 bona
742 1345 891 1408 maxima
914 1341 1030 1407 saltem
1054 1351 1148 1428 parte
1178 1340 1221 1407 ad
1253 1340 1334 1405 illud
1358 1351 1425 1404 ter-

297 1439 457 1520 ritorium,
483 1440 571 1525 quod
595 1463 654 1526 per
678 1440 873 1506 donationes
898 1438 1008 1504 Caroli
1020 1441 1065 1505 M.
1091 1438 1296 1525 aliorumque
1311 1438 1425 1524 Impe-

296 1545 443 1600 ratorum
467 1559 491 1601 s.
516 1537 595 1603 Sedi
618 1539 775 1603 traditum
801 1548 890 1619 erat3
924 1536 1074 1623 adeoque
1097 1537 1135 1602 de
1151 1540 1227 1625 jare
1251 1536 1325 1601 illae
1347 1558 1425 1622 pos-

298 1634 459 1699 sessiones
482 1633 597 1700 saltem
614 1635 714 1700 feuda
738 1658 763 1702 s.
780 1635 877 1701 Sedis
891 1635 1041 1716 fuissent,
1066 1635 1220 1721 quamvis
1236 1635 1297 1699 iste
1313 1655 1428 1699 nexus

269 1783 271 1788 ,
298 1730 439 1796 feudalis
463 1731 605 1797 decursu
629 1735 786 1820 temporis
809 1734 878 1797 fere
902 1732 1095 1797 obliteratus
1118 1741 1213 1797 esset.
1241 1732 1426 1796 Moverunt

298 1829 433 1913 quidem
463 1829 629 1896 Henrious
661 1831 692 1894 V
725 1832 849 1918 aliique
879 1831 1099 1917 Imperatores
1129 1831 1252 1917 passim
1283 1853 1308 1895 s.
1340 1828 1426 1896 sedi

296 1925 478 2014 obstacula,
502 1950 540 1993 eo
565 1930 653 2016 quod
677 1930 740 1994 sibi
764 1928 853 1994 bona
877 1927 934 1994 illa
957 1928 1162 2014 amplissima
1185 1929 1330 2013 arripere
1354 1926 1428 1990 vel-

295 2021 378 2106 lent,
411 2023 464 2089 vel
488 2025 588 2090 feuda
611 2026 747 2113 Imperii
778 2029 812 2092 in
837 2029 1019 2113 provinciis
1051 2025 1213 2091 contineri
1246 2025 1426 2090 contende·

296 2133 384 2203 rent3
410 2123 468 2188 sed
487 2123 544 2209 jus
568 2125 750 2190 universim
774 2125 871 2212 plana
896 2125 1082 2211 legitimum
1107 2123 1196 2189 illius
1220 2123 1427 2203 donationis,

296 2229 329 2283 et
359 2222 574 2306 possessionis
602 2245 644 2286 ex
674 2233 768 2308 parte
799 2224 866 2289 RR.
896 2223 1095 2288 Pontificum
1129 2220 1302 2286 indubium
1336 2229 1422 2285 erat.

297 2316 474 2384 Caeterum
498 2322 524 2384 si
549 2343 634 2406 quae
658 2322 793 2387 fuerunt
816 2323 902 2387 inter
925 2321 981 2386 illa
1016 2320 1104 2386 bona
1135 2321 1297 2400 civitates,
1332 2338 1423 2403 quae

295 2415 338 2481 ad
365 2438 504 2502 regnum
528 2417 644 2482 Italiae
675 2418 895 2506 pertinebant,
928 2421 976 2484 uti
1002 2419 1138 2483 fortasse
1161 2417 1301 2498 Mutina,
1333 2415 1420 2479 Rhe-

294 2515 397 2598 gium,
422 2514 552 2598 Parma,
578 2515 725 2600 Mantua,
749 2517 992 2582 advertendum
1016 2526 1074 2599 est,
1099 2515 1159 2581 has
1183 2513 1281 2579 urbes
1300 2512 1419 2577 aPon-

294 2611 441 2676 tifieibns
479 2635 580 2698 regno
619 2614 750 2680 relictas
795 2615 906 2683 fuisse.
954 2615 1070 2701 Neque
1105 2611 1318 2692 declinabant
1352 2612 1420 2697 ipsi

295 2731 435 2775 examen
461 2712 644 2794 instituere,
674 2715 810 2800 siquae
835 2715 869 2778 in
889 2711 1022 2800 juribus
1047 2711 1149 2778 dubia
1173 2708 1425 2794 videbantur.²)

369 2987 391 3052 ι)
410 2987 460 3053 ap.
481 2985 643 3052 Wattarioh‚
663 2986 684 3040 1.
705 2989 765 3042 580.

368 3074 448 3142 ¹)De
465 3075 582 3144 singulis
609 3075 756 3132 territoriis
783 3077 832 3130 hoe
856 3077 913 3131 ioco
937 3076 1072 3132 discutere
1095 3091 1149 3130 non
1177 3081 1264 3130 vacet.
1302 3073 1424 3128 Juvabit

294 3159 386 3208 tamen
399 3155 484 3209 citare
498 3169 566 3222 qnae
577 3154 611 3208 ed
624 3171 680 3210 rem
693 3155 725 3210 cl.
738 3155 824 3210 Balari
843 3156 944 3224 optime
962 3155 1165 3210 animadvertit
1194 3154 1324 3222 „Metilia
1348 3169 1426 3210 evea

293 3233 407 3289 luseiato
425 3235 504 3290 erede
523 3235 550 3288 la
568 3234 666 3290 Cbiesa
683 3237 711 3290 di
730 3237 799 3290 tutti
818 3236 827 3291 i
846 3236 904 3291 suoi
924 3236 985 3291 beni
1005 3235 1160 3290 venatiles
1179 3251 1228 3303 per
1245 3235 1341 3291 diritto
1361 3251 1420 3290 era·

293 3313 395 3368 ditatio
422 3331 438 3369 o
464 3330 512 3383 par
539 3315 669 3382 quelsiasi
687 3316 759 3370 altro
778 3315 885 3371 diritto.
921 3316 963 3370 La
981 3316 1079 3371 chiesa
1097 3316 1371 3384 dunquesuceedeva
1390 3316 1422 3370 in

295 3398 369 3448 tutto
393 3395 448 3448 alia
466 3395 612 3464 Contessa3
639 3396 682 3451 sui
706 3396 768 3450 beni
793 3395 914 3450 allodiuli
942 3411 996 3450 nou
1014 3397 1043 3450 vi
1061 3403 1143 3464 potes
1162 3410 1251 3451 essere
1268 3396 1288 3450 il
1306 3395 1424 3450 minimo

294 3472 408 3528 dubbio„
439 3474 512 3529 Sulla
531 3479 603 3530 terre
621 3475 669 3530 ehe
687 3491 725 3529 un
744 3481 834 3542 tempo
860 3490 942 3530 erano
960 3475 1032 3530 della
1050 3473 1156 3536 chiesa,
1179 3475 1224 3545 poi
1243 3491 1324 3530 erano
1343 3475 1421 3530 dive-

294 3558 360 3607 nnta
387 3553 461 3622 degli
488 3555 650 3610 antecessori
678 3556 706 3610 di
730 3555 844 3611 Matilda
872 3571 888 3610 o
915 3556 942 3610 di
971 3556 1007 3610 lei
1035 3556 1083 3611 ohe
1108 3556 1223 3611 aveanle
1249 3556 1338 3614 ridete
1363 3556 1423 3610 alla

295 3633 391 3688 Cbiese
418 3650 471 3688 nen
490 3635 518 3689 vi
542 3643 623 3703 putea
647 3651 735 3691 essere
760 3635 872 3704 dubbio;
899 3636 968 3691 salle
996 3641 1069 3692 terre
1096 3653 1133 3691 un
1159 3636 1185 3690 oi
1210 3643 1339 3704 usurpate
1363 3635 1425 3690 alla

295 3712 392 3768 Obieas
415 3713 450 3767 ds
473 3714 581 3778 alcuna,
599 3716 653 3784 vpoi
678 3721 779 3772 venato
803 3715 832 3771 in
860 3723 954 3785 potere
987 3716 1015 3770 di
1040 3718 1155 3772 Matilde
1178 3732 1309 3786 nappure;
1341 3723 1425 3771 tutto

294 3799 389 3860 questo
409 3793 520 3848 Matilde
545 3809 560 3848 o
585 3796 732 3850 restituite
756 3796 783 3850 al
802 3811 866 3850 vero
885 3795 1000 3864 Siguese
1018 3813 1034 3851 o
1053 3796 1159 3852 donavs
1177 3798 1204 3852 di
1222 3797 1302 3865 pieno
1320 3795 1423 3852 diritto

295 3890 311 3927 a
330 3871 373 3927 chi
392 3874 503 3940 voleva;
525 3875 544 3928 il
564 3875 663 3930 dubbio
682 3881 783 3945 potera
802 3876 896 3930 venire
915 3876 970 3930 solo
989 3877 1032 3931 sui
1052 3877 1125 3932 teudi
1144 3877 1212 3946 regi,
1232 3876 1315 3947 (degli
1334 3877 1423 3945 impe·

295 3953 356 4008 risli
375 3969 429 4006 non
448 3952 520 4008 v’era
538 3955 585 4010 ebe
604 3955 676 4010 forse
693 3955 872 4024 pochissimo),
900 3955 942 4010 sni
968 3956 1042 4010 teudi
1067 3955 1122 4011 aiae
1147 3956 1195 4011 che
1214 3957 1314 4011 fossero
1332 3957 1422 4012 rivar-

295 4032 369 4086 sibili
387 4033 414 4086 al
433 4048 476 4102 re;
497 4051 540 4088 ma
560 4037 648 4102 questi
661 4036 736 4103 quali
749 4037 854 4091 erano?
873 4035 1007 4103 (Modera,
1025 4037 1142 4106 Boggia,
1161 4037 1267 4104 Parma,
1285 4038 1424 4094 Mentora

295 4113 425 4168 facerano
444 4119 522 4180 parte
541 4115 567 4170 di
587 4117 694 4186 questi;
714 4132 761 4170 ora
780 4119 794 4170 e
813 4117 848 4170 de
866 4117 1013 4173 osservarsi
1033 4117 1080 4172 che
1098 4117 1171 4172 neila
1188 4120 1375 4174 metroversia
1393 4119 1422 4174 la

294 4191 381 4246 Senta
406 4192 544 4248 Sadenon
564 4198 686 4251 cantato
704 4195 759 4250 mai
778 4201 873 4262 queste
892 4194 961 4250 cita
979 4197 1005 4250 al
1025 4200 1132 4267 regno.)
1168 4197 1208 4252 La
1224 4197 1345 4254 Tuscana
1364 4217 1422 4255 non
1483 4267 1484 4270 Ἴ
