2844 4840
265 465 412 522 Conflictm
431 479 491 520 cum
510 463 634 533 Philippo
654 465 684 520 P.
704 471 861 521 renovatus.
1088 467 1123 520 47

32 609 108 674 video
129 610 303 696 specialem
325 611 413 694 regis
437 611 471 674 in
487 609 540 674 his
554 607 665 674 verbis
689 611 860 674 offensam.
893 608 935 674 In
957 629 1020 672 usu
1043 631 1123 674 vero
1143 609 1286 723 fflffl·

30 709 111 770 fuisse
132 707 278 794 scriptori
295 707 572 772 documentorum
588 706 748 772 Bonifatii
771 728 830 771 seu
855 707 926 793 ejus
947 710 1123 772 secretario

30 803 103 869 illum
124 815 247 870 textum
271 805 425 890 allegare,
445 825 489 868 ex
512 825 550 870 co
575 802 750 888 colligitur,
774 804 863 890 quod
888 803 1125 870 cardinalibus

29 923 137 988 quoque
161 903 437 970 Columnemibus
463 901 535 988 jam
564 923 641 966 eum
664 902 901 988 applicaverat,
931 905 966 967 in
997 901 1124 968 Consti-

29 1004 131 1066 tutione
153 1003 190 1066 Ia
212 1001 334 1066 excelso
358 1002 479 1066 tbroao.
527 999 612 1065 Nam
637 1001 737 1064 etiam
767 1001 800 1064 in
825 1022 864 1064 ea
888 1000 1027 1066 dicitur:
1060 1001 1126 1066 Sed

28 1123 69 1161 aec
88 1101 128 1162 sic
145 1101 338 1187 profecimus
362 1099 450 1185 apud
474 1121 545 1178 aas,·
569 1099 672 1162 tracis
687 1099 771 1162 caim
792 1097 866 1162 illos
882 1100 917 1162 ia
931 1100 1124 1186 desperatio·

28 1197 65 1260 ais
84 1197 219 1282 lapsuum
242 1197 339 1262 moles
356 1197 626 1284 praeponderans
648 1207 861 1283 peccatoram,
893 1207 929 1261 at
951 1219 1006 1262 aec
1028 1203 1125 1264 ratio·

27 1294 108 1370 aibns,
131 1296 449 1370 aeccorrectioaibns,
473 1297 610 1374 monitis,
635 1296 699 1359 sive
714 1296 810 1359 minis
832 1295 943 1360 reduci
959 1300 1126 1383 potueriat

27 1390 222 1458 adsalutem:
250 1395 327 1480 qaia
346 1395 457 1480 polias
487 1392 572 1458 volat
595 1395 686 1479 arpis
708 1393 808 1456 surda
839 1417 968 1458 suatava
999 1398 1125 1461 numam

28 1489 225 1556 obstruxerunt
247 1493 402 1570 auditam,
434 1491 582 1576 clipeates
604 1493 697 1576 quasi
713 1513 777 1577 pra
799 1491 905 1577 pluria
928 1494 1124 1580 confusionis

28 1588 207 1672 opprobriam
229 1601 259 1654 et
281 1587 507 1676 irreparabilia
521 1591 637 1654 rainae
655 1588 833 1674 pericolum
850 1611 914 1676 pra
940 1592 1080 1679 aala1)

95 1688 144 1755 50.
185 1687 305 1770 Quoad
329 1687 469 1752 alterum
494 1686 617 1752 dicitur
649 1686 690 1750 de
714 1685 911 1752 consiliariis
943 1692 1046 1774 regis:
1078 1691 1126 1754 Hi

27 1789 182 1871 autquasi
195 1787 286 1874 falsi
301 1787 490 1872 prophetae,
514 1785 656 1850 ridentes
671 1783 730 1849 tibi
744 1784 841 1871 salsa
865 1795 895 1850 at
917 1785 1026 1867 satta,
1049 1790 1125 1874 quia

30 1903 76 1943 aaa
96 1885 237 1948 sidem
260 1909 280 1949 o
304 1885 441 1948 Damiaa
466 1885 626 1949 visionem.
654 1933 662 1947 .
688 1939 693 1948 .
720 1933 728 1948 .
752 1885 791 1947 Ia
814 1885 964 1948 casalata
987 1887 1126 1972 quadam

26 1979 111 2043 braii
131 1982 285 2048 devorant
304 1981 427 2046 incolas
448 1983 540 2066 rapui
556 1983 611 2059 tui,
637 1991 666 2045 et
689 2003 753 2045 aaa
777 1980 845 2061 tibi,
868 1983 924 2046 sad
947 1985 1002 2063 cis,
1025 1983 1125 2049 melli-

27 2075 173 2148 iacemus
203 2103 289 2168 opes.
345 2081 404 2144 Isti
434 2089 508 2144 sant
543 2081 712 2144 remotiora
742 2083 825 2144 ostia
855 2079 925 2158 illa,
954 2104 1014 2167 per
1045 2106 1125 2168 qaae

30 2177 146 2242 maia-i
167 2179 227 2243 Bel
258 2178 426 2263 socr-fficia,
457 2201 537 2264 quaa
558 2175 862 2263 perimpaaebaatur
891 2202 913 2242 a
935 2201 1014 2266 repe,
1040 2181 1123 2244 claa-

25 2273 77 2337 csla
99 2278 315 2363 asportabant.
362 2275 471 2340 Nimis
496 2276 624 2340 minuta
658 2275 740 2338 haec
766 2275 930 2358 videntur,
964 2300 1063 2362 quum
1089 2289 1125 2343 ut

27 2393 70 2435 rex
90 2377 120 2439 in
143 2378 316 2441 nominum
351 2375 568 2440 consonantia
602 2375 717 2438 merito
750 2373 874 2438 offendi
904 2385 1025 2459 posset.
1062 2375 1124 2440 Ne·

27 2491 74 2553 que
94 2496 132 2536 cx
155 2475 305 2560 professo
321 2473 462 2558 scriptor
476 2470 604 2552 Bullae,
628 2473 663 2535 in
688 2472 836 2557 profanis
852 2481 885 2535 ct
898 2474 1000 2536 sacris
1013 2483 1123 2538 aucto·

26 2567 96 2633 ribus
118 2571 290 2636 manifeste
314 2593 419 2657 aequa
445 2580 604 2650 versatus,
629 2592 669 2633 ea
691 2569 796 2634 verba
819 2572 967 2656 posuisse
990 2571 1125 2636 videtur

27 2679 52 2728 ut
70 2680 225 2753 pungeret
246 2691 369 2754 regem,
394 2668 453 2734 sed
477 2689 536 2754 pro
552 2671 650 2753 genio
667 2689 725 2732 suo
742 2667 881 2753 adaptat
896 2669 999 2734 verbs
1013 2681 1123 2736 auoto-

26 2785 80 2828 run
101 2789 269 2832 sacrorum
293 2779 326 2832 et
348 2768 560 2852 profanorum
586 2787 646 2830 suc
669 2787 779 2851 scopo.

92 2865 143 2930 51.
168 2865 268 2946 Quod
284 2865 472 2930 Bonifatius
486 2864 625 2928 Romam
640 2866 876 2929 convocaverit
892 2863 1019 2930 Galliae
1033 2889 1124 2953 prae·

25 2955 97 3042 latos,
119 2975 154 3027 ut
178 2961 338 3028 ecclesiae
362 2987 402 3028 aa
425 2963 511 3028 bono
536 2965 690 3046 regimini
716 2965 808 3047 regni
834 2964 1028 3047 consuleret,
1060 2964 1123 3030 hoc

25 3079 86 3122 saue
106 3061 291 3127 remedium
314 3063 350 3126 in
374 3061 438 3126 illis
462 3083 571 3125 rorum
597 3060 765 3147 adjunctis
784 3060 860 3147 jure
884 3061 1043 3127 adbibere
1069 3067 1144 3149 po-‘

23 3157 78 3234 tuit,
98 3182 204 3246 neque
229 3182 263 3224 se
286 3159 386 3224 rebus
409 3181 498 3223 mere
514 3158 752 3244 temporalibus
765 3161 858 3243 regni
876 3161 1064 3225 immiscuit.
1080 3199 1124 3208 -

24 3251 90 3319 Cum
111 3258 341 3343 indignatione
363 3257 507 3344 quadam
533 3267 620 3320 certe
644 3256 739 3342 plura
762 3257 849 3321 dixit
863 3267 978 3322 contra
994 3258 1123 3324 Galliae

23 3373 112 3434 regem
136 3358 169 3420 in
194 3357 354 3435 oratione,
379 3377 480 3442 quam
504 3355 622 3418 babuit
645 3357 679 3419 in
694 3353 894 3420 Consistorio
921 3377 1032 3420 mense
1057 3357 1123 3421 Au·

24 3465 98 3532 gusto
119 3478 149 3519 a.
176 3455 264 3520 1302
286 3453 412 3518 Romae
436 3453 560 3518 habito.
607 3451 673 3517 Sed
697 3453 804 3538 qualis
828 3453 927 3517 fuerit
948 3454 1123 3541 Philippus

25 3543 153 3637 Pulcher,
179 3552 367 3640 quibusque
392 3553 531 3637 injuriis,
561 3553 723 3615 conviciis
746 3561 780 3616 ct
802 3550 924 3616 dolosis
948 3551 1123 3618 calumniis

23 3643 76 3726 jam
96 3649 290 3716 Pontificem
314 3651 471 3732 affecerit,
497 3651 530 3714 in
549 3659 693 3714 mentem
717 3661 766 3713 est
781 3649 1015 3714 revocandum,
1043 3649 1122 3715 an-

24 3757 109 3811 terum
146 3751 181 3813 in
218 3771 258 3812 ea
292 3751 439 3814 oratione
474 3748 570 3834 plura
605 3769 737 3834 quoque
772 3747 954 3828 habentur,
1001 3747 1122 3834 quibus

26 3843 142 3910 nimium
176 3846 246 3911 fere
279 3848 476 3911 auctoritate
517 3867 576 3910 sua
613 3845 730 3910 cedere
758 3845 891 3910 videtur
924 3846 1121 3928 Bonifatius,

27 3935 86 4004 dum
108 3967 133 4008 e.
156 3967 188 4028 g.
215 3965 248 4008 se
272 3955 425 4031 paratum
449 3943 606 4024 declarat,
638 3953 676 4008 ut
699 3942 894 4008 Cardinales
925 3943 977 4008 vel
1000 3943 1122 4030 probos

28 4031 141 4106 barones
164 4041 296 4106 Galliae
320 4053 478 4128 tanquam
511 4042 653 4106 arbitros
682 4043 827 4128 accipiat
859 4043 894 4106 in
925 4042 981 4107 lite
1013 4045 1121 4129 ipsum

40 4179 212 4196 *m

85 4251 102 4314 ¹)
119 4255 165 4321 sp.
183 4254 271 4320 Tosti,
290 4253 319 4308 P.
339 4255 360 4309 Ι.
380 4254 489 4309 Ducum
508 4270 533 4322 p.
554 4255 614 4309 270.
