2832 4844
279 421 333 478 488
476 419 606 475 XXVIII.
626 420 666 474 De
685 423 763 473 statu
781 418 923 474 societatis
940 419 1033 476 christ.
1053 435 1123 475 saec.
1143 422 1222 476 Xlll.

281 588 320 632 ea
343 565 586 652 praestiterunt,
611 585 696 649 quae
712 562 754 627 ad
773 563 930 627 unionem
945 565 1210 650 componendam
1227 569 1343 654 requiri
1365 579 1394 632 et

195 654 199 662 ’
282 663 433 728 sufficere
464 661 674 726 videbantur.
729 663 914 746 Imperator
937 663 972 726 in
996 660 1113 728 litteris
1144 664 1238 729 lectis
1261 669 1407 754 sessione¹

281 771 398 848 quarta
430 760 484 825 die
521 761 560 825 6ο
589 759 687 842 Jnlii,
728 759 913 824 secundum
942 759 1118 826 formulam
1150 784 1253 848 quam
1282 787 1303 828 a
1333 763 1393 828 Cle·

281 869 391 923 mente
407 858 456 923 IV
480 869 513 923 et
529 859 691 944 Gregorio
704 858 737 922 X
762 867 946 943 acceperat,
971 859 1057 923 inter
1079 857 1146 924 alia
1168 862 1333 946 professus
1354 874 1397 926 est

280 959 460 1043 primatum
484 957 625 1021 Romani
649 955 832 1037 Pontificis‚
857 958 1101 1041 processionem
1126 957 1269 1042 Spiritus
1300 961 1394 1024 sancti

281 1077 324 1118 ex
354 1055 452 1118 Patre
482 1054 635 1141 Filioque
667 1067 699 1118 et
731 1055 912 1140 purgatorii
946 1075 1080 1139 poenas.
1128 1056 1271 1123 Praelati
1295 1061 1408 1142 graecil

280 1155 404 1240 pariter
427 1152 565 1238 epistola
588 1154 689 1216 missa
713 1175 747 1217 se
771 1151 823 1216 his
848 1154 1034 1216 consentire
1058 1152 1275 1222 testabantur.
1324 1154 1396 1220 Con·

283 1273 412 1316 cessum
436 1252 499 1315 fuit
511 1249 660 1335 Graecis,
686 1261 722 1314 ut
736 1252 915 1315 recitarent
927 1249 1125 1334 Symbolum
1149 1253 1220 1316 sine
1234 1253 1397 1318 additione

280 1349 436 1437 Filioque,
470 1350 519 1414 uti
542 1346 625 1414 illud
648 1349 691 1414 ab
716 1350 852 1434 antiquo
878 1349 977 1414 etiam
1007 1359 1083 1413 ante
1117 1350 1262 1416 schisma
1293 1355 1409 1443 recia-p

280 1446 371 1528 bant,
396 1456 498 1532 utque
513 1457 747 1532 permanerent
765 1448 802 1510 in
818 1447 858 1510 iis
874 1446 1004 1526 ritibus,
1029 1445 1151 1532 quibus
1167 1459 1244 1514 ante
1261 1447 1409 1516 schismsl

280 1543 469 1625 utebantur,
508 1546 631 1630 quique
668 1566 731 1608 nec
765 1543 843 1609 fidei
879 1566 941 1608 nec
976 1544 1101 1610 divinis
1138 1549 1329 1634 praeceptis
1351 1535 1409 1611 autl

281 1643 460 1727 Scripturis
475 1641 529 1706 vel
546 1642 717 1707 doctrinae
733 1639 957 1707 conciliorum
981 1643 1186 1727 generalium
1206 1656 1266 1708 aut
1281 1658 1400 1710 sancto-

280 1762 353 1806 rum
370 1740 506 1805 Petrum
530 1741 639 1805 forent
662 1741 828 1806 contrarii.
858 1741 921 1804 His
944 1739 1041 1806 factis
1064 1741 1163 1826 legati
1188 1741 1399 1811 Graecorum.

281 1837 444 1922 Georgius
467 1838 649 1924 acropolita
673 1848 706 1902 et
728 1859 870 1924 magnus
893 1838 1061 1922 logotheta
1083 1838 1259 1905 Michaelis
1278 1841 1400 1906 Palaeo-

280 1937 344 2022 logi
371 1939 505 2000 nomine
528 1936 752 2022 Imperatoris,
778 1945 810 2000 et
825 1936 975 2000 Joannes
997 1936 1109 2018 lector,
1133 1938 1333 2002 scriniarius
1355 1962 1410 2024 pas

279 2034 478 2100 triarchatus
502 2034 627 2100 CPtani
658 2035 792 2097 nomine
817 2032 1007 2118 praesulum
1030 2055 1235 2118 graecorum,
1262 2037 1402 2101 schisma

281 2133 504 2219 ejuraverunt,
529 2142 628 2218 atque
652 2133 700 2195 ita
723 2133 802 2196 unio
820 2132 962 2222 juridice
984 2135 1136 2198 restituta
1159 2133 1233 2198 fuit.

372 2231 444 2296 121.
476 2231 587 2294 Etiam
611 2230 722 2315 plures
743 2228 1011 2312 Constitutiones‚
1036 2251 1180 2296 canones
1204 2241 1237 2296 et
1262 2232 1401 2307 decreta,

279 2351 365 2415 quae
378 2328 477 2392 fidem
502 2339 535 2392 et
549 2327 761 2413 disciplinam
785 2337 945 2413 spectant,
970 2331 1004 2392 in
1019 2326 1168 2393 Concilio
1185 2329 1401 2413 Lugdunensi

280 2426 334 2490 vel
358 2427 549 2492 immediate
573 2437 647 2512 post
663 2425 836 2511 Synodum
860 2425 989 2490 finitam
1005 2426 1139 2491 condita
1155 2436 1246 2506 sunt3
1276 2427 1403 2492 decreta

280 2525 363 2590 hacc
378 2524 534 2589 Pontifex
558 2525 612 2590 die
638 2526 673 2588 1⁰
690 2524 890 2590 Novembris
913 2526 994 2589 anni
1021 2525 1108 2590 1274
1129 2525 1333 2610 publicavit.
1370 2529 1412 2610 ln

280 2622 420 2687 Lihrum
460 2631 591 2686 sextum
625 2621 850 2688 Decretalium
883 2644 998 2688 omnes
1031 2624 1113 2687 istae
1146 2621 1412 2688 Constitutionesl

279 2730 432 2807 receptae
455 2731 542 2804 sunt,
581 2732 719 2807 excepto
744 2743 873 2790 canone
900 2723 939 2784 19
970 2721 1009 2785 de
1029 2719 1237 2807 postulando,
1279 2723 1314 2787 in
1346 2743 1403 2808 quo

279 2820 390 2904 agitur
429 2819 470 2884 de
501 2820 610 2884 causis
652 2821 793 2883 nimium
822 2818 1065 2905 protrahendis.
1119 2818 1276 2885 Sufficiat
1309 2823 1404 2884 citare

281 2919 450 2984 decretum
474 2918 563 3005 quod
585 2917 740 3004 regaliam
764 2929 901 3004 spectat,
926 2927 959 2982 et
982 2915 1261 2983 Constitutionem
1289 2917 1330 2981 de
1353 2917 1405 2980 elr-

280 3018 381 3082 ctione
405 3017 578 3100 Pona‘jicie,
605 3038 643 3081 eo
667 3016 756 3103 quod
790 3019 824 3080 in
848 3017 950 3082 variis
973 3014 1222 3102 quaestionibus
1248 3023 1287 3080 et
1316 3037 1404 3080 cren·

282 3115 370 3180 tibus
395 3114 620 3200 dijudicandis
645 3117 707 3180 ista
732 3114 865 3180 decreta
888 3137 967 3200 prae
984 3114 1089 3180 oculis
1112 3111 1271 3178 habenda
1289 3116 1365 3178 sint

374 3213 448 3278 122.
495 3213 548 3276 De
569 3212 695 3297 regalia
717 3213 872 3278 statuitur
895 3234 1023 3278 canone
1046 3211 1132 3277 XII:
1161 3209 1321 3274 Generali
1343 3234 1404 3274 con·

281 3312 443 3376 stitutione
466 3313 634 3389 sanamus,
667 3313 831 3376 uniuersos
854 3323 884 3376 et
907 3309 1047 3396 aepulas
1070 3311 1125 3396 qui
1146 3308 1284 3393 repulia,
1314 3323 1404 3372 anto·

281 3410 369 3474 diam
391 3412 455 3474 siue
477 3411 650 3496 guardiam
673 3411 892 3475 advocationis
914 3409 964 3473 vel
987 3407 1181 3494 defensionis
1205 3405 1346 3485 titulum,
1376 3410 1404 3468 iu

281 3509 428 3588 ecelesiis,
453 3510 653 3573 monasteriis
677 3510 741 3573 aiae
764 3507 952 3594 quibuslibet
975 3505 1052 3571 aliis
1069 3507 1138 3592 piis
1161 3505 1248 3582 locis,
1274 3505 1317 3568 de
1333 3525 1403 3568 noro

280 3631 436 3693 uestrpare
474 3617 633 3686 conantes,
673 3606 756 3670 bona
793 3605 1005 3684 ecelesiarum,
1044 3605 1322 3680 mortosteriomm,
1356 3611 1406 3664 ant

281 3705 418 3770 locorum
448 3706 590 3791 ipsorum
623 3707 804 3769 vacantium
837 3727 991 3792 occupare
1009 3712 1228 3790 paruerunt,
1256 3711 1404 3786 quantae

280 3825 405 3888 cumque
429 3803 599 3888 dignitatis
621 3804 736 3866 honore
755 3803 995 3890 praefulgeant,
1030 3801 1158 3864 clencan
1190 3799 1288 3862 etiam
1319 3795 1403 3861 eccle·

280 3901 410 3978 siarum,
440 3902 607 3965 morracios
631 3903 902 3980 monaateriorum,
937 3911 966 3964 ot
985 3921 1142 3986 personas
1164 3907 1310 3961 caeteras
1333 3895 1403 3958 loco

264 4021 350 4074 ,rum
373 3999 549 4064 eortrmdem
572 4000 627 4084 qui
650 4001 724 4062 haec
738 3999 818 4083 fieri
834 4009 1026 4085 procurant,
1051 4019 1086 4059 eo
1108 3997 1179 4082 ipso
1203 3993 1404 4058 excommuni-

280 4096 416 4160 cationis
446 4099 618 4160 scrutentiae
651 4096 823 4186 subjacere.
871 4095 950 4162 llloa
974 4118 1046 4158 aero
1072 4093 1200 4158 clericos
1223 4092 1280 4176 qui
1303 4115 1345 4168 ae,
1372 4097 1404 4150 at

281 4193 406 4272 debent,
431 4191 514 4258 talio
528 4195 728 4281 facientibus
751 4219 815 4260 non
840 4203 1014 4283 opponant,
1040 4193 1078 4256 de
1086 4187 1297 4279 proventibus
1320 4187 1404 4250 eccle·
