2832 4844
394 461 451 516 RR.
472 461 632 516 Pontificum
650 461 743 519 series.
800 509 803 512 .
1076 461 1131 516 493

34 607 159 683 merito,
188 605 328 669 modicas
358 617 460 669 tumea
481 606 554 692 fuit
576 607 612 669 ia
638 606 839 687 discretione,
867 626 1024 691 praeceps
1048 605 1132 668 euim

27 705 81 788 fuit
102 706 133 767 io
156 702 243 768 uerbo
267 715 298 767 et
319 704 424 767 minos
447 714 558 768 cautas
581 705 617 767 io
640 702 788 768 mribus.
796 702 821 789 ¹)
868 702 935 769 Sed
965 703 1043 767 fidei
1075 702 1130 767 ad-

34 803 146 867 modum
170 801 290 867 dubiae
315 823 484 866 censerem
508 801 671 886 ejusmodi
696 802 921 866 testimonium
936 799 1129 882 Ptolomaei,

32 906 74 988 qui
104 915 136 966 et
165 905 234 989 ipse
266 921 424 987 praeceps
452 909 484 963 et
515 901 626 963 miuus
659 909 776 964 cautus
799 900 862 963 fuit
885 901 920 963 in
943 899 1131 964 actionibus

32 1003 91 1080 suis,
114 1011 145 1064 et
166 1000 247 1065 forte
271 1021 290 1062 a
314 999 445 1064 Ioanne
468 997 606 1080 alienus,
631 998 721 1084 quod
745 1005 904 1079 censeret,
929 1018 1005 1060 eum
1028 997 1130 1061 fuisse

31 1098 171 1184 religiosis
192 1097 423 1182 oppositum.²)
470 1095 628 1160 Attamen
653 1097 731 1160 inde
755 1095 797 1160 ab
821 1096 916 1159 initio
940 1096 1129 1160 missionem

31 1198 122 1279 magui
146 1197 315 1284 momenti,
336 1195 379 1258 ad
402 1194 596 1280 Philippum
621 1194 752 1260 Galliae
776 1205 809 1258 et
835 1193 1045 1281 Alpheusum
1069 1194 1130 1259 Ca·

31 1294 116 1358 stillae
128 1316 229 1378 reges,
254 1295 420 1357 commisit
436 1293 604 1378 Magistris
626 1292 838 1378 generalibus
853 1291 1018 1358 Ordinum
1034 1292 1131 1355 Prae·

30 1391 192 1456 dicatorum
223 1401 256 1456 et
279 1391 457 1471 Minorem,
488 1413 595 1476 neque
626 1401 805 1455 occurrunt
836 1391 978 1474 vestigia
1008 1388 1131 1453 infensi

30 1493 55 1553 iu
80 1491 242 1576 religiosos
275 1489 389 1553 animi.
444 1487 509 1554 Sed
540 1489 637 1552 facile
673 1487 837 1574 ejusmodi
872 1509 1021 1551 rumores
1052 1496 1131 1550 lunc

30 1589 248 1673 spargebantur
270 1597 303 1651 et
326 1587 595 1672 acceptabantur.

103 1689 173 1752 127.
220 1687 300 1750 Post
328 1685 470 1750 Joanuis
501 1684 589 1748 XXI
628 1693 766 1755 mortem
799 1705 901 1769 quarn
931 1683 1131 1747 Constitutio

30 1785 159 1870 Gregorii
183 1785 218 1848 X
236 1784 308 1869 jam
332 1793 418 1848 esset
441 1805 611 1868 suspensa,
636 1780 751 1846 electio
775 1783 855 1846 novi
879 1781 1050 1846 Pontificis
1073 1802 1133 1866 per

29 1903 72 1943 sex
92 1905 220 1947 menses
244 1891 411 1968 protracta
434 1889 493 1946 est.
539 1880 662 1944 Variae
687 1881 931 1944 controversiae
955 1881 1041 1942 inter
1056 1876 1132 1942 Oar-

30 1977 135 2044 diuales
150 1979 287 2044 Italicae
304 1990 337 2043 et
353 1977 501 2044 Gallicae
525 1979 669 2043 nationis
692 1988 827 2042 exortae
851 1987 937 2058 sunt,
962 1999 1038 2041 cum
1053 1999 1132 2040 suae

29 2080 115 2158 gentis
138 2077 192 2141 vel
210 2076 326 2141 saltem
351 2078 419 2141 suis
434 2078 614 2142 tendentiis
637 2076 810 2141 addietum
825 2075 1023 2140 Pontificem
1048 2085 1133 2138 utra-

30 2195 76 2258 que
97 2197 172 2262 pars
195 2176 237 2238 in
261 2175 381 2240 Sedem
406 2173 632 2260 Apostolioam
657 2174 804 2238 studeret
827 2173 978 2240 evehere.
1026 2173 1132 2236 Viter·

31 2271 138 2336 bieuses
171 2283 247 2358 post
278 2272 418 2337 duorum
452 2274 616 2337 mensium
641 2271 876 2356 intervallum„
896 2293 1006 2335 morae
1030 2272 1133 2355 impa-

29 2369 135 2454 tientes,
161 2369 369 2451 cardinales,
394 2372 450 2455 qui
475 2381 555 2434 tuuc
579 2380 652 2434 octo
677 2379 780 2450 erant,
806 2371 840 2432 in
864 2370 1027 2455 praetorio
1053 2370 1133 2432 civi-

30 2470 88 2530 tatis
122 2467 298 2535 inclusere.
354 2467 537 2554 Collegium
574 2467 803 2533 cardinalium
846 2465 982 2552 quidem
1019 2465 1133 2531 sedulo

30 2569 139 2649 negotia
163 2565 336 2630 Ecclesiae
359 2567 593 2632 administrare
617 2569 727 2630 nisum
752 2575 814 2647 est,
846 2567 1005 2650 variaque
1028 2564 1134 2629 edidit

31 2667 187 2750 uscnpta3
228 2674 374 2729 attamen
413 2667 545 2731 nonnisi
583 2675 657 2750 post
687 2685 817 2728 menses
848 2686 907 2728 sex
939 2662 1133 2727 electionem

30 2757 178 2828 Pontificis
203 2762 422 2848 perfecerunt.
469 2763 603 2828 Electus
635 2763 699 2827 fuit
722 2760 879 2826 videlicet
908 2761 962 2826 die
986 2762 1047 2826 25⁰
1069 2761 1134 2826 No·

31 2860 155 2924 vembris
180 2861 261 2924 anni
281 2861 365 2925 1277
383 2860 530 2926 Joaunes
547 2860 735 2946 cajetanus,
760 2861 929 2924 Romanus
953 2881 996 2922 ex
1012 2859 1134 2924 Ursino

30 2953 121 3040 domo,
145 2960 203 3044 qui
231 2956 388 3022 Nicotaus
411 2960 468 3023 III
484 2959 669 3045 appellatus
692 2968 750 3025 est.
798 2956 983 3043 Singularis
1006 2958 1069 3021 fuit
1099 2959 1134 3022 iu

29 3055 108 3119 rebus
130 3055 287 3142 gerendis
310 3057 507 3142 prudentiae
529 3060 591 3139 vir,
617 3067 650 3121 et
674 3079 795 3140 magna
819 3077 948 3120 morum
970 3057 1134 3140 gravitate

29 3154 198 3236 praeditus3
234 3155 319 3218 iuter
342 3154 408 3218 alia
431 3155 599 3240 praeclare
622 3164 715 3240 gesta
738 3153 833 3219 brevi
858 3164 1005 3240 tempore
1029 3155 1134 3240 ponti-

28 3248 126 3316 ficatus
149 3255 201 3316 sui
227 3253 450 3338 principatum
464 3252 599 3317 civilem
615 3254 893 3317 etauctoritatem
908 3253 1134 3317 Romanorum

30 3343 211 3415 Pontificum
242 3352 373 3436 egregie
400 3350 557 3414 firmavit.
611 3348 765 3415 Adduxit
796 3353 886 3415 sulm
919 3350 1134 3436 Rudolphum

31 3445 257 3530 Imperatorem,
284 3459 319 3512 ut
333 3470 446 3514 omues
471 3448 665 3515 donationes
689 3449 921 3514 antecedentes
945 3450 1134 3534 principum

31 3547 223 3611 mulirmaret
253 3557 286 3610 et
316 3568 450 3612 suerum
482 3550 639 3612 comitum
671 3567 827 3611 excessus
851 3549 886 3612 in
909 3545 1006 3611 Italia
1034 3547 1134 3632 repri-

32 3656 122 3710 meret.
168 3644 261 3709 Inter
284 3644 496 3731 Rudolpbum
535 3654 568 3709 et
607 3643 802 3710 CarolumI
840 3644 973 3710 Siciliae
1010 3666 1132 3730 regem,

1141 1672 1249 1712 Nicotaus
1258 1671 1302 1711 III.

41 3784 222 3797 '’u—§.m—

90 3847 108 3915 ἰ
126 3847 181 3904 err.
201 3847 292 3901 Natat
313 3849 390 3903 Alex.
410 3849 442 3903 Iu
461 3865 531 3903 saec.
551 3847 625 3902 xiv.
645 3847 673 3905 C.
687 3848 721 3904 V.
732 3848 765 3903 de
784 3848 973 3917 Scriptoribua
993 3865 1016 3902 a.
1036 3849 1088 3903 IIL
1107 3866 1133 3903 n.

35 3921 67 3978 ll.
82 3935 139 3980 uota
157 3929 234 3982 Dum
253 3929 350 3986 blansi.
445 3960 455 3968 ,

90 4007 109 4062 'l
128 4009 308 4076 ,Religiosoa
333 4008 440 4072 scribit,
463 4025 557 4076 pamm
581 4009 690 4072 dilexit,
716 4015 745 4066 ct
769 4007 936 4064 indesidem
961 4015 994 4061 ut
1016 4007 1136 4062 creditur

37 4085 88 4139 uste
104 4089 196 4156 sesain
216 4088 287 4143 uude
306 4089 419 4143 tradunt
437 4089 576 4153 historiae,
596 4089 666 4156 quod
685 4104 716 4143 eo
735 4097 926 4157 temporeque
945 4103 1050 4142 camera
1070 4087 1134 4142 reci·

37 4159 152 4298 &liniet
170 4177 253 4237 eaput
272 4168 337 4238 ejus,
362 4168 492 4235 quaedam
516 4168 713 4224 fulminaverat
741 4176 836 4223 contra
859 4169 1025 4238 religiosos.“
1064 4169 1135 4235 Ray·

40 4255 60 4290 rr
119 4265 163 4303 ,a
