2850 4834
435 469 591 538 Suppressio
611 469 728 528 Ordinis.
1105 479 1156 532 115

57 639 101 700 por
121 621 195 682 riom
213 617 409 704 provisionis
433 613 522 679 Ordo
547 612 724 693 tolleretur,
757 615 856 702 idque
881 616 960 681 inde
992 619 1036 684 ab
1060 620 1155 686 initio

58 737 128 778 sucro
149 714 342 802 approbante
362 711 502 779 Concilio
526 711 650 775 fastum
677 733 756 776 esse.
775 713 985 780 —Refertur
1008 717 1154 802 quidem,

58 835 148 878 meuse
169 813 348 878 Februario
372 809 566 896 Philippum
590 831 666 874 oum
691 813 797 896 copiis
822 811 988 878 Viennam
1013 818 1154 900 venisse,

58 911 176 997 dataque
198 909 335 996 epistola
359 909 390 972 d.
413 909 444 974 d.
470 909 508 972 2⁰
523 908 635 972 Martii
660 910 824 974 instanter
848 913 981 995 petiisse
1006 935 1155 1000 suppres-

57 1010 159 1074 sionem
182 1009 327 1089 Ordinis,
352 1028 455 1093 quum
479 1007 579 1070 reitas
602 1005 674 1090 ejus
698 1007 740 1069 sit
764 1008 948 1076 manifesta.
995 1010 1078 1076 Inde
1103 1011 1154 1078 de·

57 1105 206 1172 tacitura
230 1105 445 1193 quibusdam,
484 1105 600 1168 timore
627 1103 808 1169 Clementis
843 1109 992 1172 animum
1026 1111 1059 1174 in
1092 1111 1155 1176 hoo

56 1209 165 1290 negotio
188 1205 403 1270 vehementer
427 1211 551 1266 motum
582 1202 725 1284 luisse.¹)
772 1202 839 1267 Sed
865 1204 936 1289 jam
968 1197 1156 1294 frequenter

56 1303 81 1368 id
100 1327 150 1368 ren
174 1301 409 1389 postulaverat,
443 1322 504 1364 neo
528 1321 587 1385 per
610 1301 723 1386 copias
745 1322 862 1364 revera
893 1304 1043 1370 timorem
1077 1308 1155 1393 inje-

56 1406 122 1468 cisse
143 1403 281 1481 videtur,
306 1422 409 1486 quum
435 1399 566 1463 dicatur
588 1409 718 1464 tantum
735 1402 866 1465 venisse
881 1402 1153 1470 molturamProe-

57 1503 183 1580 lotorum,
216 1499 382 1565 Nobilium
413 1521 450 1560 ao
476 1497 663 1584 disperatum
695 1497 806 1562 doceas
836 1501 962 1584 pariter
986 1525 1023 1566 oo
1042 1515 1156 1588 poteris

54 1599 216 1680 comitiao.²)
264 1597 373 1662 Metus
407 1593 549 1680 alicujus
587 1593 714 1660 nullum
750 1597 927 1679 vestigium
967 1600 1153 1678 invenitur3

54 1702 174 1762 rationes
189 1718 268 1761 vero
292 1695 507 1779 gravissimas
530 1691 720 1757 abolitionis
735 1693 770 1758 in
785 1693 881 1758 Bulla
898 1695 985 1760 clare
998 1697 1153 1765 Pontifex

53 1797 176 1881 exponit.

122 1992 171 2058 30.
205 1985 503 2056 securiosius
528 1986 664 2072 2⁰s1aji
687 1986 753 2050 alia
776 1985 874 2051 Bulla
898 1989 952 2052 Aa
968 1995 1193 2096 vaidam’ra
1208 1995 1275 2035 ³⁰¹¹·

52 2113 101 2174 qua
133 2089 218 2154 bona
250 2085 387 2152 Ordinis
410 2083 588 2170 Templi
580 2107 614 2148 in
651 2084 827 2150 utilitatem
858 2085 980 2152 Terrae
1017 2053 1193 2157 sanotae&
1217 2056 1321 2099 'mm‘

52 2113 254 2274 iquitibuss.
272 2185 414 2250 Joannis
438 2183 675 2249 attribuuntur.
722 2183 796 2248 Hae
820 2183 861 2248 de
884 2205 919 2248 re
943 2185 1153 2270 Raynaldus:

54 2286 129 2350 „ion
160 2305 276 2370 perum
315 2281 438 2346 laboris
469 2291 501 2344 et
532 2280 675 2344 studii
667 2304 700 2344 in
735 2303 773 2345 ea
796 2282 967 2367 pontificia
990 2292 1154 2354 sententis

51 2382 219 2448 mandanda
252 2381 353 2467 operi,
390 2401 428 2444 sc
462 2378 586 2465 praeda
618 2378 821 2464 amplissima
852 2401 895 2442 ex
919 2387 1151 2470 potentiorum,

50 2485 92 2565 qui
125 2481 283 2546 avaritiae
321 2476 463 2542 stimulis
502 2477 630 2541 incitati
663 2475 928 2562 Templariorum
970 2482 1074 2566 spolia
1105 2487 1150 2550 in-

51 2591 194 2660 uaserant,
219 2577 373 2642 faucibus
386 2574 560 2661 eripienda
574 2573 770 2638 collocatum
788 2585 845 2656 est,
861 2597 965 2663 eaque
978 2601 1152 2650 munerum

50 2675 202 2742 lenociniis
216 2675 405 2761 extorqueri
421 2675 575 2759 oportuit,
593 2675 627 2736 in
645 2672 766 2758 quibus
782 2673 959 2740 offerendis
974 2679 1153 2748 exhaustas

50 2773 326 2861 Hospitsluriorum
351 2794 430 2857 opes
453 2771 554 2836 refert
577 2769 736 2856 subjectis
759 2770 870 2835 verbis
894 2797 919 2838 s.
944 2774 1150 2852 Antoninus:

49 2871 120 2951 Quis
137 2875 207 2959 jam
231 2873 364 2936 fuerant
386 2879 548 2954 occupata
571 2892 592 2933 a
616 2868 757 2933 diversis
773 2869 915 2934 dominis
931 2870 1034 2954 laicis,
1060 2900 1151 2964 opor-

48 2971 96 3034 tuit
107 2970 190 3056 quud
206 2968 253 3034 illi
269 2968 311 3032 de
323 2966 488 3053 Hospitali
513 2987 671 3050 magnum
689 2965 881 3048 thesaurum
898 2988 1101 3056 exponerent
1116 2980 1150 3045 in

48 3065 138 3132 dando
152 3069 220 3154 regi
246 3077 278 3130 et
300 3065 384 3147 aliis,
409 3065 465 3151 qui
490 3073 736 3150 occupaverant
752 3064 842 3130 dieta
857 3065 960 3132 bona:
986 3071 1074 3138 unde
1096 3075 1149 3141 de·

50 3179 209 3252 pauperata
234 3176 283 3228 est
307 3164 433 3228 mansio
458 3162 642 3248 Hospitalis
666 3184 751 3248 quse
775 3185 809 3227 se
832 3165 1045 3233 existimabat
1072 3173 1150 3239 inde

51 3263 218 3348 opulentam
237 3262 368 3343 tieri.“³)
407 3260 533 3326 Ultima
549 3259 631 3324 haee
654 3269 766 3325 tamen
783 3264 829 3326 itu
844 3263 1039 3347 accipienda
1063 3283 1149 3353 sunt,

48 3362 118 3446 quod
141 3384 177 3426 eu
194 3373 341 3446 tempore
357 3357 655 3444 Hospitalsriorum
673 3361 706 3422 in
724 3359 927 3424 redimendis
944 3359 1040 3428 bonis
1056 3367 1150 3434 Tem-

48 3457 204 3540 plariorum
228 3457 389 3522 exhauste
420 3459 463 3520 sit
493 3457 635 3540 pecunia
658 3455 808 3542 adeoque
838 3455 925 3521 illius
949 3460 1062 3546 inopis
1085 3467 1149 3552 ipsi

47 3553 267 3638 laboraverint3
300 3568 465 3620 caeterum
499 3575 576 3617 vero
611 3551 698 3619 bona
728 3553 911 3619 immobilia
934 3555 1151 3630 obtinuerunt

48 3653 145 3738 mults,
177 3657 223 3720 ita
255 3665 291 3718 ut
321 3663 434 3740 postea
466 3652 500 3716 in
531 3649 642 3715 Gallia
672 3651 758 3717 duae
789 3675 829 3716 ex
862 3651 968 3718 tribus
999 3661 1150 3742 partibus

51 3831 238 3844 --..-—.

105 3959 122 4024 i
139 3955 193 4013 Cir
212 3953 379 4023 Dsmberger
397 3952 466 4008 XlII
497 3955 548 4008 168
567 3967 623 4020 sqq

47 4052 295 4189 ΠΙἶίίιιιέἰόιιιιιιι.
321 4051 419 4108 curm
448 4051 521 4108 suit
548 4049 660 4120 Nsngii,
691 4049 762 4118 apud
790 4049 932 4119 effectori
963 4053 1147 4128 spicilegium

146 4149 163 4202 1³

104 4229 212 4300 ¹)Hist
222 4223 293 4288 secl.
314 4229 365 4290 Ill,
384 4247 411 4300 p.
431 4230 476 4287 tit.
496 4231 539 4286 21.
559 4233 574 4294 ξ
595 4233 618 4285 l.
637 4257 671 4268 —
692 4227 724 4283 V.
738 4227 872 4297 Reynsld.
892 4229 926 4285 sd
945 4251 970 4294 a.
984 4237 1061 4292 1312.
1081 4253 1108 4296 n.
1123 4239 1146 4295 7.
1202 4241 1208 4251 “

1002 4355 1039 4410 8*
