2844 4840
333 467 372 522 De
390 467 470 522 Bulla
492 468 580 523 Uitam
600 469 741 524 Sanctam.
1080 471 1115 526 67

33 613 132 676 ritatem
146 609 348 698 spiritualem
366 611 511 676 tribunal
537 633 594 676 seu
610 614 800 676 instantiam
814 615 1016 699 superiorem
1042 637 1115 680 eon·

31 713 142 772 stituere.
198 709 427 794 Competentiu
462 711 561 795 hujus
592 713 769 775 instantiae
802 712 836 774 in
869 711 984 776 eadem
1018 712 1114 778 Bulla

31 811 174 893 praecipue
204 807 431 872 consideratur
467 829 525 893 pro
557 808 692 894 speciali
727 831 805 872 casu
837 809 1048 883 deviationis:
1080 811 1113 874 in

31 905 164 970 Decretali
192 908 254 972 Per
290 905 503 970 Venerabilem
532 906 674 991 amplior
705 915 737 970 et
766 905 951 991 generalior
986 921 1113 993 eompa-

30 1005 106 1066 tentia
127 1005 157 1068 in
180 1014 247 1068 tote
270 1026 330 1067 sua
361 1006 571 1087 extensione,
604 1006 758 1090 quamvis
782 1004 893 1068 verbis
925 1005 1111 1071 indetermi-

28 1102 208 1169 uarietatis
231 1123 270 1164 ca
293 1103 408 1178 caucis,
432 1101 615 1178 casualiter,
640 1100 826 1167 exhibetur.
834 1101 858 1186 ¹)

94 1235 138 1299 ll.
178 1235 302 1298 Bodem
328 1233 381 1297 die
408 1233 465 1297 18⁰
489 1232 687 1298 Novembris
711 1256 740 1299 a.
768 1235 862 1314 1302,
892 1259 956 1322 quo
981 1237 1111 1301 Bullam
1133 1265 1284 1306 oseaeun-

29 1331 107 1394 l'uam
128 1345 277 1409 sanctam,
307 1331 493 1395 Bonifatius
524 1331 622 1395 aliam
655 1353 785 1417 quoque
816 1333 921 1398 edidit
950 1331 1111 1410 Constitu·
1154 1329 1261 1369 ‘¹⁸⁰⁸‘¹⁰·

24 1429 130 1511 tionem,
153 1452 218 1516 qua
241 1427 628 1510 excommunicabantur,
654 1431 716 1514 qui
736 1432 797 1493 iter
820 1431 862 1494 ad
888 1431 1112 1517 Apostolicam

25 1525 116 1590 alem
141 1525 338 1613 impedirent
360 1537 392 1590 et
414 1527 543 1591 adeam
565 1527 762 1591 accedentes
780 1529 909 1614 injuriis
933 1529 1112 1594 afficerent.

24 1621 218 1690 Nihilominus
243 1635 350 1688 tamen
370 1625 522 1688 Pontifex
538 1623 730 1711 Philippum
755 1647 866 1710 regem
890 1627 932 1691 ad
950 1629 1113 1692 saniorem

26 1733 149 1804 nentem,
165 1735 198 1788 et
209 1723 251 1787 ud
265 1723 535 1787 satisfaciendum
549 1745 607 1809 pro
623 1723 717 1787 malis
729 1723 897 1788 Ecclesiae
911 1723 1009 1788 illatis
1020 1725 1114 1789 redu-

22 1841 77 1883 cere
88 1834 219 1886 conatus
229 1831 286 1888 est.
312 1821 402 1885 Misit
415 1821 571 1885 videlieet
581 1833 617 1885 ut
629 1821 772 1905 legatum
783 1820 994 1886 Cardinalem
1003 1821 1114 1886 Mona-

22 1915 244 2000 chilLemoine)
258 1917 393 1983 eGallia
404 1919 580 1982 oriundum
598 1919 794 2005 etPhilippo
808 1929 950 2004 gratum,
975 1921 1031 2005 qui
1045 1923 1113 2005 regi

20 2015 129 2080 modum
152 2016 431 2081 reconciliationis
457 2028 663 2102 proponeret.
701 2016 812 2097 Quum
838 2039 915 2082 vero
939 2017 1114 2104 Philippus

20 2111 45 2174 io
68 2117 274 2198 perversitate
305 2136 365 2178 sua
397 2126 632 2199 perseveraret,
666 2114 834 2179 Cardinali
860 2115 1047 2198 mandavit,
1079 2129 1115 2180 ut

19 2233 106 2294 regem
131 2213 341 2277 denuntiaret
370 2214 706 2292 excommunicatum,
736 2211 890 2276 omnibus
913 2223 1022 2277 autem
1049 2217 1112 2300 epi-

18 2312 103 2393 seopis
124 2309 253 2375 Galliae
277 2309 447 2390 indiceret,
482 2319 518 2373 ut
541 2312 627 2374 intra
651 2319 718 2379 tres
742 2333 870 2374 menses
895 2311 1033 2376 Romam
1060 2335 1112 2376 ve·

19 2407 113 2472 uireut.
147 2409 215 2473 Sed
240 2409 377 2472 nuntius
401 2401 600 2493 pontificius,
618 2409 834 2473 Beuefractus
858 2409 1114 2474 archidiaconus

19 2499 254 2571 frustantiensis
270 2505 492 2588 (Caelanum),
500 2506 597 2590 jussu
611 2505 758 2591 Philippi
775 2506 889 2570 Trecis
906 2509 1109 2594 interceptus

19 2613 41 2662 et
65 2603 265 2668 documentis
299 2606 449 2690 privatus
480 2614 541 2682 est,
582 2603 768 2668 Cardinalis
798 2603 925 2690 lagatus
959 2627 1036 2671 vero
1068 2610 1113 2671 ita

20 2695 137 2783 habitus,
167 2715 204 2765 ut
228 2725 269 2766 ex
293 2701 402 2766 Gallia
432 2703 614 2785 aufugeret.
666 2703 739 2766 Rex
764 2705 895 2769 interim
920 2724 995 2767 eum
1020 2705 1113 2768 mini·

19 2799 73 2860 stris
94 2801 158 2864 suis
183 2799 225 2864 de
242 2799 438 2886 deponendo
455 2799 622 2864 Bonifatio
641 2801 788 2882 contulit,
814 2823 853 2865 ac
877 2803 1021 2888 primum
1046 2805 1114 2888 qui·

19 2889 73 2958 hem
87 2897 259 2962 consilium
277 2897 421 2962 solemne
438 2898 556 2962 habuit
573 2901 606 2964 in
621 2900 712 2982 regio
727 2898 847 2984 palatio
864 2899 917 2962 die
934 2899 990 2962 12ο
1003 2899 1112 2964 Martii

19 3013 29 3052 t
49 2995 129 3076 1303,
153 2999 188 3060 in
206 3017 270 3082 quo
284 2994 469 3060 Gulielmus
483 2996 667 3081 Nogaretus
684 2997 941 3078 cancellariuslh,
966 2999 1113 3061 oratione

20 3087 117 3176 habite,
140 3093 324 3180 postulavit
347 3117 366 3158 a
390 3115 477 3178 rege,
502 3104 538 3158 ut
562 3104 676 3158 contra
700 3095 915 3174 Bonifatium,
940 3094 1112 3182 latronem,

20 3185 207 3274 haereticum,
234 3193 461 3274 simoniacum,
487 3189 673 3256 Concilium
695 3191 848 3276 generale
864 3203 1112 3258 convocaretur.

20 3281 81 3350 Dein
103 3289 155 3354 die
183 3289 244 3356 13⁰
266 3289 359 3356 Junii
385 3313 444 3353 rex
469 3291 603 3354 Parisiis
628 3299 831 3354 conventum
856 3289 1029 3375 partialem
1055 3290 1112 3356 Or-

20 3381 134 3466 linumi)
157 3385 353 3467 celebravit,
378 3389 490 3473 inquo
507 3385 694 3452 Gulielmus
712 3387 753 3452 de
769 3387 933 3453 Plessiaco
951 3387 1112 3476 (Plasian)

20 3485 122 3547 romine
145 3483 294 3570 plurium
326 3507 498 3570 procerum
529 3485 744 3550 acerbissime
776 3489 809 3549 in
841 3486 1034 3550 Pontificem
1068 3488 1113 3549 in·

68 3761 86 3825 ¹)
105 3760 161 3814 Hac
180 3759 290 3814 ratione
316 3759 398 3812 triam
418 3759 600 3814 Decretalium
626 3759 699 3814 inter
718 3775 746 3813 se
770 3759 928 3814 relationem
954 3761 1066 3830 egregie
1085 3767 1114 3816 ct

21 3833 80 3891 'usim
97 3841 199 3894 evolvit
221 3838 332 3894 Molitor
350 3838 367 3894 l.
387 3855 408 3892 c
428 3856 453 3908 p.
475 3841 525 3894 109
544 3855 601 3906 sqq.
893 3901 896 3908 1

68 3919 84 3965 ·’·
102 3921 199 3976 Petrus
223 3919 316 3973 Plotta
334 3925 362 3974 et
380 3935 467 3973 comes
487 3920 612 3974 Artesius
631 3936 655 3972 a.
677 3920 746 3974 1302
765 3919 808 3973 die
829 3923 869 3977 lt.
889 3921 967 3976 Junii
986 3921 1015 3976 iu
1034 3936 1113 3989 pree·

21 3995 115 4066 tcaput
134 4001 308 4055 Cortriacum
327 4001 423 4054 intuere
442 4001 588 4068 perierant.
750 4061 752 4066 ¹
918 4060 923 4069 ,
960 4063 961 4068 ¹

67 4079 84 4146 ⁵)
102 4081 141 4135 Ex
167 4081 259 4135 tribus
285 4079 613 4144 Ordinibusconvocavit
640 4096 691 4146 eos,
728 4079 773 4148 qui
801 4079 852 4148 ipsi
871 4081 986 4136 maxime
1012 4082 1113 4135 addicti

22 4169 79 4214 cnut.
95 4171 124 4214 ut
141 4163 206 4216 dein
231 4159 346 4227 reliquos
366 4159 526 4228 singillatim
541 4161 687 4214 adduceret
706 4161 739 4214 ad
759 4159 867 4214 decreta
886 4160 995 4214 condita
1014 4161 1111 4216 admit-

22 4239 84 4294 'erla
118 4241 258 4304 Bautaric,
279 4239 319 4293 La
338 4240 440 4294 France
459 4255 520 4294 sous
540 4240 773 4308 Philippa-lessel,
794 4257 819 4307 p.
838 4242 882 4296 26.
