2858 4834
392 424 432 477 De
450 423 537 478 initiis
557 425 765 479 controversiae.
1090 429 1139 483 163

122 565 165 628 10.
198 563 373 630 Caeterum
408 565 554 632 Thomas
589 567 668 632 dnm
704 568 892 634 cancellarii
927 592 1048 636 munus
1081 594 1140 658 per
1184 580 1282 620 ”wc

61 663 138 746 plnres
163 687 264 728 annos
294 667 404 748 gessit,
440 674 527 729 certe
560 666 734 730 advertere
767 669 882 751 potuit,
907 666 1138 756 abepiscopis

61 761 133 825 nnlta
151 765 213 848 regi
236 765 395 848 permitti,
420 786 505 850 quae
528 785 587 849 pro
612 785 748 828 munere
771 765 916 850 ipsorum
934 789 1085 832 recusare
1109 777 1141 832 et

59 859 172 926 inhibere
194 861 398 945 debuissent3
423 873 458 928 at
477 865 632 949 opinatus
655 874 713 942 est,
739 865 843 949 ipsius
866 885 933 928 non
956 886 1026 929 esse
1049 888 1140 951 prae·

58 957 133 1022 mun
154 971 259 1046 partes
282 983 390 1046 agere,
416 961 474 1026 sed
498 963 608 1047 potius
632 964 718 1047 regis
743 982 936 1047 promovere
952 961 1140 1028 utilitatem.

57 1053 192 1140 Perspexit
213 1081 310 1145 porro
334 1061 472 1124 acrioris
496 1062 621 1145 ingenii
644 1062 696 1124 vir
717 1058 926 1124 currentibus
950 1062 1056 1142 annis,
1082 1064 1140 1126 im·

58 1155 212 1222 mixtionem
237 1158 329 1223 illam
343 1159 430 1243 regis
454 1160 489 1222 in
512 1179 564 1222 res
581 1156 754 1222 Ecclesiae
776 1157 1002 1222 fundamentis
1026 1157 1140 1222 solidis

55 1275 146 1334 urere,
167 1267 291 1320 scatere
316 1255 481 1342 periculis,
511 1255 683 1321 Ecclesiae
708 1255 861 1340 dignitati
886 1266 919 1321 et
941 1255 1045 1322 indoli
1069 1281 1140 1322 esse

56 1354 167 1416 narina
199 1354 389 1420 obnoxiam.
445 1354 535 1418 Hinc
566 1354 699 1439 quando
732 1353 1002 1440 archiepiscopus
1032 1355 1140 1420 factus

54 1459 95 1517 est
113 1473 169 1516 non
192 1475 234 1517 ex
258 1451 450 1532 ambitione,
476 1451 534 1516 sed
558 1474 600 1516 ne
624 1453 862 1516 conscientiam
886 1450 1041 1534 laederet,
1066 1475 1140 1517 oon-

55 1557 147 1612 stanter
166 1548 290 1615 luctam
313 1571 372 1636 pro
396 1548 566 1614 Ecclesiae
585 1549 719 1635 juribus
743 1550 908 1616 sustinuit.
922 1588 965 1598 —
982 1551 1073 1615 Dum
1097 1550 1141 1616 ad

56 1649 231 1712 maturiorem
263 1658 404 1712 aetatem
429 1648 582 1732 pervenit
612 1646 774 1727 Thomas,
807 1649 907 1711 etiam
939 1649 1140 1734 perfectione

54 1761 150 1810 norum
172 1749 342 1832 animique
366 1746 514 1833 profecit,
548 1754 648 1831 atque
680 1747 727 1810 ita
758 1747 890 1831 quando
923 1747 1141 1834 archiepisco·

53 1851 136 1920 patrm
151 1843 295 1910 obtinuit
310 1845 482 1925 dioecesis,
499 1844 593 1930 cnjus
610 1842 768 1908 ecclesiae
784 1843 966 1910 cathedrali
985 1845 1141 1931 junctum

50 1949 101 2002 erat
125 1943 302 2028 capitulum
335 1939 573 2006 monachorum
606 1941 914 2025 Benedictinorum,
947 1965 990 2007 ex
1019 1944 1140 2030 quibus

52 2033 213 2126 plerumque
236 2039 499 2128 archipraesules
523 2039 740 2125 eligebantur,
772 2043 888 2104 merito
912 2043 1051 2125 censuit,
1087 2043 1141 2107 ab·

48 2132 200 2212 jiciendum
232 2139 297 2204 sibi
328 2161 397 2204 esse
421 2141 521 2203 etiam
555 2137 718 2223 quidquid
751 2136 837 2202 ultra
865 2137 1014 2203 debitum
1049 2161 1141 2204 mnn-

52 2230 114 2298 inna
142 2249 285 2323 saperet,
316 2260 358 2302 ne
391 2236 504 2324 dispar
533 2258 552 2300 a
581 2234 725 2320 capitulo
756 2235 926 2300 videretur
956 2239 1140 2324 episcopus.

51 2330 74 2392 lo
93 2331 305 2421 descriptione
329 2345 439 2401 autem
464 2337 553 2400 vitae
578 2335 649 2422 ejus
662 2335 861 2416 mundanae,
877 2343 1024 2420 tempore
1039 2337 1141 2400 officii

49 2433 219 2514 cancellarii,
244 2435 327 2499 forto
351 2433 477 2520 aliquid
502 2435 768 2517 exaggerationis
793 2433 944 2498 habetur.
990 2433 1141 2498 Vividin-

47 2525 117 2593 rihus
137 2530 301 2597 coloribus
331 2531 577 2618 descripserunt
601 2533 664 2596 ista
688 2533 777 2596 vitae
800 2531 948 2595 Thomas
979 2541 1139 2614 auctores,

46 2635 97 2688 tun
117 2629 201 2713 quod
226 2639 353 2694 tantam
369 2630 581 2695 adverterent
598 2630 819 2695 differentiam
844 2631 929 2694 inter
952 2629 1141 2696 cancellarii

44 2721 227 2804 splendorem
244 2726 452 2792 mundanum
476 2737 510 2792 et
524 2728 782 2814 archipraesulis
799 2750 906 2793 mores
922 2730 1140 2812 venerandos,

46 2835 97 2884 tun
117 2825 201 2909 qnod
226 2828 300 2913 ipsi,
326 2827 467 2891 instituti
492 2827 666 2892 monastici
700 2835 886 2905 sectatores,
920 2829 1067 2891 severius
1099 2826 1140 2892 de

44 2923 266 3004 nagnfioentia
298 2924 356 2989 illa
377 2946 418 2988 ac
447 2925 489 2989 de
511 2925 599 2990 fastu
629 2924 789 2989 saeculari
816 2924 1017 3010 judicarent.
1073 2923 1139 2989 Sed

41 3014 93 3094 jam
112 3021 152 3084 ad
174 3031 356 3088 eventuum
379 3025 497 3088 seriem
520 3022 740 3088 enarrandam
764 3031 979 3088 revertamur.

114 3139 160 3204 ll.
192 3139 309 3226 Itaque
340 3161 443 3225 quum
476 3138 611 3204 obiisset
635 3132 847 3204 Theobaldu's
871 3137 1140 3223 archiepiscopus

45 3233 267 3302 tfaumnensis
290 3247 324 3301 et
341 3237 413 3323 jam
432 3236 593 3302 tredecim
609 3237 778 3302 mensibus
795 3237 889 3301 sedes
907 3236 963 3300 illa
980 3247 1138 3318 vacasset,

43 3351 86 3394 rex
111 3337 182 3399 iniit
213 3336 402 3418 consilium,
434 3347 471 3399 ut
494 3335 639 3400 Thomas
670 3333 888 3399 cancellarius
912 3335 1015 3419 ipsius
1039 3333 1140 3397 ecele-

44 3429 94 3491 siae
113 3434 163 3498 isti
187 3443 434 3520 proponeretur.
482 3431 595 3512 Quum
618 3433 719 3516 igitur
733 3431 899 3496 Henricus
923 3454 965 3496 ex
981 3431 1140 3495 Norman-

43 3527 92 3608 uie,
115 3531 169 3596 ubi
195 3531 345 3616 degebat,
370 3529 534 3596 Thomam
558 3532 764 3616 negotiorum
787 3532 895 3615 gratia
923 3532 958 3594 in
981 3529 1140 3612 Angliam

62 3663 232 3678 Ἢ

42 3735 163 3805 ‹anpaign
179 3738 270 3807 might
293 3737 363 3792 bars
381 3736 512 3792 deserved
536 3734 638 3805 praise:
670 3734 720 3789 but
747 3733 771 3787 it
797 3748 910 3788 sarours
936 3731 1010 3788 little
1037 3731 1068 3788 ol
1093 3730 1141 3784 the

44 3814 101 3866 orel
117 3817 167 3872 and
185 3819 306 3886 peacefnl
325 3818 406 3886 spirit
425 3816 454 3871 oi
472 3816 518 3872 the
537 3816 669 3871 christian
695 3814 864 3872 cburchman.
902 3814 1061 3882 Something
1080 3829 1138 3882 per·

44 3887 92 3958 laps
113 3897 205 3952 should
233 3897 266 3953 be
289 3897 421 3967 indulged
446 3902 475 3952 to
494 3897 541 3952 the
560 3911 685 3952 manners
709 3894 740 3950 of
755 3895 802 3949 the
820 3910 880 3964 age.
916 3893 974 3949 'Phe
993 3892 1139 3963 preceding

45 3973 102 4040 ‘tun
119 3976 169 4032 had
187 3979 264 4033 often
281 3977 374 4034 behold
393 3977 489 4044 Henry
507 3977 537 4031 of
553 3976 727 4031 winchester
753 3982 784 4029 at
810 3973 857 4030 the
884 3973 952 4030 head
977 3973 1007 4028 of
1023 3973 1136 4028 armies:

46 4047 124 4109 ledet
140 4058 230 4127 night
253 4059 346 4129 allego,
373 4057 436 4112 that
460 4057 535 4112 what
552 4056 606 4111 bad
624 4057 690 4111 been
710 4054 844 4110 tolerated
870 4055 898 4109 in
924 4070 941 4108 a
965 4054 1060 4124 bishop
1085 4055 1137 4108 and

47 4127 123 4256 ¹5⁸⁸&
148 4155 204 4192 was
229 4139 333 4207 eqmlly
360 4137 502 4193 allowable
532 4137 561 4193 in
589 4155 606 4191 a
634 4135 734 4191 deaoon
761 4137 814 4190 and
842 4135 1018 4191 chaneellor.“
1064 4131 1135 4188 Hist.

983 4304 1031 4357 tl*

1197 643 1265 684 unde.
