2844 4840
304 449 356 503 102
518 447 618 504 XXXI.
637 449 678 504 De
697 448 844 504 abolitione
862 447 971 503 Ordinis
988 447 1210 516 Templsriorum.

17 655 18 660 ,
133 591 540 694 ,affipwapprobarunt
580 594 659 657 Post
681 591 803 678 illaque
827 613 903 656 cum
919 591 1077 675 Magistro
1102 602 1135 656 et
1150 590 1407 678 Praeceptoribn

152 717 278 757 marnam.
303 691 444 776 praefati
459 689 596 755 Ordinis
621 689 829 755 intendentes
853 712 952 774 super
975 690 1164 774 praemissis
1181 690 1351 774 inquirere
1370 711 1407 773 pe

304 810 363 852 noe
395 790 494 874 ipsos,
533 790 642 875 ipsum
667 789 864 872 Magistrum
895 796 928 851 et
958 787 1001 852 N.
1026 788 1201 870 Franciae,
1238 787 1278 855 N.
1306 787 1409 852 Terra

303 884 548 969 ultramarinae,
581 887 620 952 N.
646 887 881 967 Normanniae,
911 886 952 951 N.
977 884 1180 971 Aquitaniae
1204 895 1237 950 et
1259 885 1304 950 N.
1324 887 1409 949 Picta

302 985 378 1048 viae
402 996 630 1071 praeceptores
648 986 799 1071 majores,
824 983 921 1048 nobis
935 985 1083 1048 Pictavie
1100 983 1325 1048 existentibus
1342 1005 1409 1046 man

304 1081 458 1146 davimus
483 1085 695 1170 praesentari.
743 1081 810 1146 Sed
834 1083 991 1168 quoniam
1016 1081 1153 1167 quidam
1177 1103 1219 1146 ex
1244 1083 1286 1145 iis
1311 1083 1360 1146 sic
1383 1085 1409 1144 in

303 1178 530 1263 firmabantur,
570 1191 606 1245 ut
640 1183 787 1266 equitare
822 1201 888 1243 non
923 1189 1066 1265 possent,
1105 1200 1166 1243 nec
1201 1177 1245 1242 ad
1282 1189 1409 1242 nostran

302 1279 523 1362 praesentiam
555 1299 687 1365 quoquo
726 1276 822 1342 modo
855 1277 996 1359 adduci,
1028 1277 1098 1341 Nos
1130 1297 1206 1340 cum
1236 1277 1304 1356 eis,
1346 1280 1409 1340 scin

303 1375 451 1440 volentes
475 1376 516 1441 de
540 1377 729 1462 praemissis
753 1374 907 1439 omnibus
931 1377 1117 1455 veritatem,
1151 1384 1250 1438 etan
1276 1396 1361 1438 vera
1383 1398 1409 1438 es

303 1485 385 1552 sent,
410 1495 495 1560 quae
519 1472 776 1539 continebantur
798 1475 832 1537 in
857 1495 971 1537 eorum
995 1471 1262 1537 confessionibus
1277 1483 1313 1536 et
1335 1472 1409 1557 depo

303 1572 488 1654 sitionibus,
518 1595 601 1660 quas
625 1593 736 1636 coram
761 1566 968 1657 Inquisitore'
982 1571 1157 1657 pravitatis
1180 1569 1372 1635 haereticae
1393 1573 1409 1634 ir

303 1691 404 1754 regno
429 1671 600 1750 Francius,
633 1669 864 1757 praesentibus
888 1669 1089 1756 quibusdam
1112 1669 1259 1733 Notariis
1285 1669 1406 1756 publici

304 1777 336 1831 et
360 1767 472 1832 multis
495 1768 569 1833 aliis
592 1768 688 1833 bonis
708 1769 790 1831 viris
809 1766 1006 1832 dicebantur
1030 1767 1156 1848 fecisse,
1180 1767 1288 1833 Nobis
1314 1780 1348 1832 et
1370 1769 1409 1832 fra

303 1865 409 1929 tribus
433 1868 552 1931 nostris
576 1887 634 1952 per
648 1868 757 1951 ipsum
774 1865 1007 1950 inquisitorem
1032 1864 1094 1929 sub
1113 1865 1268 1930 manibus
1285 1867 1407 1952 publici

304 1963 462 2028 exhibitis
485 1973 518 2029 et
541 1966 694 2047 ostensis,
729 1963 858 2027 dilectis
881 1962 958 2027 filiis
982 1965 1101 2028 nostris
1124 1964 1331 2048 Berengario
1357 2019 1363 2032 .
1387 2018 1391 2028 .

304 2072 337 2125 et
360 2061 529 2148 Stephano
561 2115 568 2129 .
595 2115 602 2129 .
629 2112 636 2127 .
668 2061 870 2148 presbyteris
893 2083 933 2125 ao
956 2061 1123 2126 Landulfo
1148 2061 1291 2126 diacono
1319 2063 1409 2127 Cardi

303 2159 445 2244 nalibus,
470 2160 511 2226 de
535 2182 674 2247 quorum
699 2159 886 2245 prudentia,
911 2162 1118 2244 experientia
1142 2172 1174 2223 et
1198 2159 1361 2225 fidelitate
1383 2164 1409 2224 in

304 2258 490 2324 dubitatam
521 2259 678 2324 fiduciam
701 2256 901 2340 bbtinemns,
934 2259 1160 2322 commisimus
1190 2268 1223 2322 et
1258 2259 1409 2322 mandavi

305 2377 387 2436 mus,
421 2365 456 2420 ut
484 2359 547 2442 ipsi
572 2377 647 2420 cum
672 2355 819 2442 praefato
844 2355 1002 2441 Magistro
1027 2367 1060 2420 et
1081 2356 1361 2441 Praeceptoribus
1384 2357 1409 2418 in

304 2455 482 2539 quirerent,
512 2466 580 2520 tam
613 2465 728 2518 contra
761 2455 849 2540 ipsos
882 2465 914 2518 et
944 2453 1026 2518 alias
1059 2453 1244 2538 singulares
1275 2475 1405 2540 persone

305 2550 384 2616 dicti
414 2550 550 2618 Ordinis
584 2552 791 2637 generaliter,
831 2573 931 2637 quam
967 2561 1082 2617 contra
1115 2553 1226 2638 ipsum
1257 2551 1408 2618 Ordinem

304 2671 402 2736 super
436 2652 624 2735 praemissis
657 2672 732 2715 cum
768 2647 942 2734 diligentia
969 2653 1155 2732 veritatem,
1193 2659 1227 2714 et
1266 2650 1408 2736 quidquia

303 2769 402 2833 super
425 2747 477 2812 his
500 2751 699 2831 invenirent,
724 2749 828 2814 Nobis
850 2749 983 2831 referre,
1007 2770 1047 2814 ao
1070 2771 1184 2814 eorum
1206 2749 1408 2820 confessione

304 2857 336 2911 et
360 2846 581 2932 depositiones
604 2871 663 2933 per
686 2869 822 2913 manum
847 2847 1016 2933 publicam
1048 2850 1083 2912 in
1107 2849 1239 2934 scriptis
1267 2847 1407 2912 redactos

303 2945 421 3009 Nostro
439 2943 649 3029 Apostolatui
673 2946 856 3018 referreac
880 2955 1090 3030 praesentare
1114 2957 1279 3028 curarent,
1306 2945 1407 3008 eisden

303 3041 461 3125 Magistro
485 3052 517 3106 et
540 3042 814 3129 Praeceptoribus
838 3042 1056 3108 absolutionis
1088 3043 1289 3108 beneficium
1316 3066 1334 3106 a
1357 3063 1404 3104 sen

304 3141 408 3204 tentia
448 3142 802 3206 excommunicationis
835 3163 935 3230 quam
969 3164 1027 3228 pro
1061 3142 1253 3228 praemissis
1287 3143 1314 3204 si
1350 3155 1407 3214 ven

304 3247 413 3302 esseut
444 3239 659 3320 incurrerent,
695 3239 722 3303 si
755 3237 997 3304 absolutionem
1027 3238 1197 3303 humiliter
1219 3248 1367 3324 peterent
1388 3239 1407 3296 ri

304 3336 481 3418 debebant,
507 3339 606 3424 juxta
629 3338 769 3401 formam
795 3337 964 3402 Ecclesiae
988 3339 1180 3424 impensuri.
1230 3335 1297 3418 Qui
1317 3333 1406 3399 Cardi

303 3434 395 3500 nales
418 3435 461 3499 ad
485 3435 574 3521 ipsos
597 3435 794 3520 Magistrum
818 3446 850 3500 et
873 3435 1107 3521 Praeceptores
1136 3433 1352 3520 personaliter
1372 3455 1406 3494 ao

304 3532 469 3615 cedentes,
494 3535 541 3597 eis
564 3535 615 3598 sui
639 3534 803 3598 adventus
816 3555 949 3598 caueam
966 3545 1200 3620 exposuerunt,
1218 3544 1252 3596 et
1268 3532 1406 3620 quonian

303 3651 463 3717 personae
487 3632 633 3716 ipsorum
657 3639 690 3695 et
713 3631 851 3696 aliorum
868 3631 1133 3718 Templariorum
1157 3632 1192 3695 in
1209 3652 1311 3716 regno
1326 3629 1351 3692 F
1353 3639 1406 3690 ran<

305 3731 376 3793 ciac
400 3729 651 3793 consistentium
665 3729 770 3795 Nobis
794 3729 935 3794 traditae
958 3730 1099 3810 fuerant,
1124 3729 1213 3816 qnod
1228 3727 1331 3794 libere
1353 3725 1405 3788 abe

305 3848 369 3913 que
394 3835 484 3891 metu
515 3827 677 3914 cujusque
700 3827 798 3913 plene
821 3849 861 3892 ao
885 3849 967 3914 pure
990 3849 1090 3914 super
1112 3827 1303 3913 praemissis
1325 3821 1405 3888 omni

304 3924 367 3989 bus
397 3926 478 4010 ipsis
502 3923 737 3991 Cardinalibus
770 3925 918 3990 dicerent
946 3927 1130 4006 veritatem,
1162 3926 1211 3990 eis
1233 3923 1405 3988 auctoritare

304 4021 497 4109 Apostolica
514 4024 740 4110 injunxerunt.
772 4023 838 4105 Qui
855 4023 1013 4109 Magister
1030 4033 1062 4088 et
1077 4023 1309 4108 Praeceptores
1324 4019 1405 4119 Fraup

305 4122 390 4204 cine,
427 4121 548 4186 Terrae
583 4121 835 4204 ultramarinae,
873 4123 1113 4202 Normanniae‚
1152 4119 1347 4208 Aquitaniae
1375 4131 1404 4174 ³⁰

304 4219 476 4284 Pictaviae
515 4241 626 4284 coram
662 4222 743 4305 ipsis
778 4221 884 4286 tribus
916 4219 1161 4303 Cardinalibus,
1199 4211 1404 4300 praesentibus·
