2850 4834
286 1507 652 1632 Dissertatio
691 1510 1025 1658 trigesima
1063 1515 1362 1637 secunda.

333 1761 396 1841 lte
425 1757 719 1842 Pontificibus
747 1761 976 1843 Avenlone
1006 1765 1308 1874 commonitis,

743 1995 903 2003 ——.

108 2166 186 2238 Brut
199 2161 251 2202 car.
356 2157 381 2218 l.
424 2135 463 2216 in
488 2149 625 2237 epistola
650 2151 715 2233 illa,
741 2173 807 2238 qua
824 2149 1019 2218 Cardinales
1036 2151 1242 2218 Clementem
1259 2155 1292 2218 V
1318 2169 1389 2240 post

113 2229 237 2268 mmmm·
264 2248 458 2314 electionem
491 2251 562 2334 ejus
594 2261 629 2313 ut
652 2249 791 2314 Romam
820 2253 950 2314 veniret
973 2251 1180 2337 supplicibus
1205 2251 1321 2316 verbis
1344 2257 1388 2317 in·

262 2348 426 2431 vitabant,
459 2351 544 2412 inter
572 2348 663 2430 alias,
694 2349 742 2411 uti
771 2348 930 2431 vidimus,
965 2349 1025 2413 has
1058 2349 1202 2414 afferunt
1232 2351 1388 2416 rationes.

266 2448 340 2510 Non
365 2447 494 2510 datricem
518 2451 642 2532 quippo,
676 2445 836 2527 scribunt,
868 2447 951 2532 quod
974 2450 1008 2511 ia
1032 2447 1104 2510 aede
1127 2448 1217 2512 Petri
1238 2450 1389 2514 sedebitis

254 2545 390 2631 fortior,
416 2545 559 2608 iacebitis
583 2545 770 2622 clariorsio
787 2556 873 2608 terra
897 2550 964 2636 ejas
986 2547 1096 2608 vicetia
1119 2548 1265 2629 quietior,
1293 2561 1324 2612 et
1348 2573 1388 2611 re-

263 2645 356 2706 motis
379 2643 516 2730 repibas,
544 2643 747 2730 principibus
770 2655 863 2728 atque
881 2643 1014 2730 populis
1039 2643 1264 2708 admirabilior
1290 2648 1389 2712 ettae.

263 2755 294 2807 ct
316 2745 457 2830 ipsoram
481 2744 675 2807 devotionem
698 2757 728 2806 et
750 2743 962 2806 obedientiam
978 2741 1112 2828 plenius
1135 2745 1319 2828 acquiretis.
1354 2745 1388 2807 ln

263 2864 323 2904 aaa
346 2865 478 2926 namque
502 2842 593 2905 domo
618 2853 663 2904 cst
685 2842 895 2926 uuusquisque
913 2839 1050 2926 planeta
1069 2843 1242 2926 potentior.
1282 2843 1327 2905 Ia
1350 2867 1389 2905 cr-

263 2937 360 3003 cleeia
388 2941 525 3026 propria
557 2940 687 3024 quiescit
719 2939 788 3023 qais
818 2937 965 3011 dulcias;
1003 2938 1087 3002 eosic
1110 2942 1210 3027 juxta
1240 2939 1387 3024 capulam

263 3038 377 3114 micae,
403 3041 526 3124 ejusque
540 3060 620 3122 parc
637 3060 716 3122 quae
731 3037 832 3122 acopis
857 3035 958 3099 distat
980 3060 999 3098 a
1024 3035 1138 3120 capulo
1156 3035 1237 3123 plus
1254 3037 1388 3103 incidit:

263 3135 333 3196 oica
349 3134 537 3220 frequenter
557 3134 633 3220 plus
656 3144 849 3220 aperituntur
866 3134 1080 3219 persaepius,
1096 3134 1283 3220 aesaciiiaa
1300 3135 1386 3198 adito

264 3231 313 3296 oei
343 3235 487 3317 quaesite
517 3233 710 3312 vilescunt.¹)
759 3230 1051 3311 Quemadmodum
1085 3229 1137 3294 his
1165 3229 1278 3295 verbis
1312 3234 1386 3296 scite

264 3329 457 3394 indicantur
482 3330 655 3394 commoda
678 3339 712 3392 et
735 3327 903 3409 utilitates⁷
933 3339 1112 3415 quactum
1137 3351 1196 3414 pro
1221 3329 1385 3394 Pontifici·

264 3427 328 3491 bus
365 3437 435 3491 tum
476 3451 533 3514 pro
558 3427 710 3492 Ecclesia
741 3429 898 3491 universa
933 3428 1184 3491 commorationi
1216 3449 1334 3492 eornm
1357 3429 1384 3490 in

265 3525 357 3592 Urbe
382 3548 553 3590 connexae
577 3535 680 3610 erant,
706 3527 752 3590 ita
769 3527 869 3588 etiam
893 3523 1055 3610 implicite
1080 3525 1323 3610 praevidentur
1345 3527 1385 3588 in·

265 3625 440 3688 commoda
464 3634 496 3688 et
519 3625 652 3707 damna,
677 3646 761 3711 quae
777 3646 819 3687 ex
836 3627 1093 3688 commoratione
1118 3621 1248 3686 illorum
1273 3625 1312 3688 in
1327 3622 1385 3686 alia

264 3724 398 3806 regione
423 3722 690 3787 dimanaverunt.
720 3721 926 3787 Resedcrunt
940 3720 1098 3786 videlicet
1109 3720 1290 3786 Pontifices
1315 3720 1384 3784 inde

265 3843 285 3884 a
319 3819 543 3884 ClementeV
575 3843 679 3906 usque
710 3821 752 3884 ed
787 3819 986 3905 Gregorium
1011 3821 1062 3884 XI
1094 3821 1127 3883 in
1163 3817 1275 3882 Gallia
1308 3818 1383 3881 ultre

264 3921 475 4004 septuaginta
491 3941 606 3999 annos,
631 3940 811 4003 eorumque
824 3917 1083 4003 independentia
1095 3927 1196 4004 atquc
1211 3919 1383 3980 auctoritas

340 4116 359 4182 ¹)
379 4117 430 4184 Ap.
449 4113 584 4182 Reyneld.
605 4114 639 4168 ad
658 4130 682 4170 a.
705 4113 781 4168 loco.
801 4131 827 4168 n.
847 4113 871 4166 6.
