2964 4838
520 463 675 518 Alexander
692 461 741 517 VI.
1138 459 1194 513 453

64 607 144 671 data
167 617 217 671 est
239 606 349 694 quoad
366 607 500 672 Africae
524 605 673 692 populea.
712 607 752 670 In
772 606 847 691 ipsa
861 603 1040 669 adhibetur
1056 601 1190 688 quidem

64 705 180 770 eedem
205 704 362 787 formula,
388 705 487 770 libere
507 706 679 782 donamus,
711 704 906 768 concedimus
929 713 959 766 et
981 703 1190 788 aasiqncmae,

63 802 122 867 sed
146 801 303 888 explicite
327 802 463 870 additur
478 802 636 885 conditio,
661 823 746 889 quae
763 800 1023 886 subintelligitur
1038 803 1071 865 in
1089 799 1192 864 altera

66 899 160 964 Bulla
190 900 232 964 de
261 921 329 988 qua
358 900 460 965 locuti
491 921 622 964 sumus:
653 901 852 964 Auctor-itate
883 901 1106 986 omnipotentia
1129 900 1193 963 Dei

64 998 153 1062 nodie
175 1001 212 1062 in
227 999 266 1062 B.
283 1000 377 1062 Petro
400 1019 546 1062 concesso
570 998 608 1062 dc
623 995 812 1076 ciuitatibus,
838 999 962 1077 caete-ia,
986 996 1073 1076 locis,
1098 999 1192 1062 terrie

61 1106 93 1159 ct
115 1097 266 1161 dominiis
295 1095 489 1180 infidelium,
520 1117 600 1182 quoe
624 1095 683 1160 tibi
705 1096 880 1181 ditionique
904 1105 976 1159 tuae
999 1094 1130 1185 subjici,
1162 1105 1191 1158 ct

63 1217 141 1279 quac
172 1205 200 1258 tc
232 1196 268 1260 io
298 1194 457 1260 minum
487 1213 667 1281 coqneecere
699 1215 753 1258 eeu
782 1193 932 1258 tddutum
960 1192 1083 1256 solvere
1112 1191 1190 1258 velle

59 1292 238 1378 coatiqcrit,
373 1304 479 1357 tenore
499 1291 717 1378 praecentiam
751 1293 944 1371 investimus,
978 1289 1098 1376 illeque
1133 1289 1192 1354 tibi

62 1389 159 1453 libem
182 1391 346 1472 detramur,
370 1389 568 1454 concedimus
579 1399 610 1454 st
624 1390 833 1474 aaaiqaamus,
857 1413 896 1454 ce
910 1387 971 1452 itta
984 1389 1192 1474 conquirendi

56 1488 189 1573 plenum
212 1499 242 1553 et
265 1489 397 1553 liberam
419 1485 613 1574 fucultatem
636 1487 848 1574 elorqimur.¹)
896 1485 961 1550 llic
993 1487 1094 1570 igitur
1116 1507 1191 1572 sup·

63 1585 319 1671 ponitur,'‘quod
333 1584 387 1652 vel
406 1586 484 1671 jure
507 1584 586 1650 belli
609 1584 759 1669 legitimi,
784 1584 838 1649 vel
860 1584 1049 1664 deditionis,
1073 1583 1190 1648 velex

60 1681 126 1747 alio
151 1684 244 1768 justo
267 1683 362 1748 titulo
394 1683 579 1749 dominium
613 1684 648 1748 in
672 1680 728 1748 illa
751 1705 853 1768 regna
887 1681 1025 1768 illosque
1049 1681 1188 1768 populos

60 1783 263 1866 acquiratur.
691 1823 695 1834 «

149 1878 204 1944 56.
240 1879 310 1944 Nec
334 1878 412 1944 inde
437 1877 574 1959 inieras,
609 1877 761 1942 inutilem
785 1879 885 1942 fuisse
915 1877 1014 1942 talem
1039 1876 1185 1942 donatio·
1245 1876 1272 1904 ⁰⁰
1290 1877 1316 1905 ¹⁸¹

62 1997 148 2058 nem,
174 1978 342 2063 quaejam
359 1977 610 2062 acquisitionem
629 1998 671 2041 ex
686 1976 752 2042 alio
768 1976 863 2041 titulo
878 1977 1043 2061 supponit
1083 1975 1185 2040 Inter·

61 2077 218 2140 veniente
249 2073 407 2140 videlicet
435 2073 492 2138 tali
516 2075 688 2140 Pontificis
717 2074 956 2160 approbatione
991 2084 1024 2138 et
1055 2093 1186 2137 concea-

58 2173 171 2253 sione,
202 2183 271 2237 tota
294 2174 437 2238 societas
460 2171 643 2236 christiana
668 2171 750 2237 illud
774 2171 959 2237 dominium
984 2169 1130 2236 habebat
1152 2181 1189 2234 ut

61 2269 222 2350 validum,
237 2271 308 2355 jam
322 2269 379 2335 elii
393 2271 559 2356 principes
571 2291 628 2333 eas
640 2279 743 2334 terras
753 2291 916 2356 occupare
929 2289 1000 2334 nou
1023 2279 1188 2354 poterant,

57 2377 92 2428 et
115 2369 279 2453 possessio
303 2369 500 2432 anctoritate
525 2367 697 2452 pontilicis
721 2377 837 2432 centra
860 2366 970 2431 hostes
985 2368 1133 2430 internos
1156 2375 1189 2430 et

57 2477 214 2529 externos
240 2464 484 2532 vindicabatur.
533 2464 589 2530 Sic
619 2485 651 2532 v,
675 2487 707 2549 g.
740 2485 842 2551 quum
873 2464 1052 2551 aliquande
1084 2484 1188 2528 naves

59 2561 247 2647 Anglorum
281 2562 409 2650 aliquot
439 2563 483 2628 ad
517 2586 592 2630 oras
624 2566 760 2630 Africae
792 2564 1012 2650 appellerent,
1047 2583 1187 2648 quarum

58 2659 247 2725 dominium
260 2662 431 2726 Lusitania
447 2685 468 2726 a
481 2663 617 2728 Nicolao
631 2664 662 2728 V
680 2683 873 2728 concessum
889 2671 970 2742 eret,
994 2663 1142 2727 loannes
1153 2661 1187 2726 11

58 2757 255 2826 Lusitaniae
287 2781 346 2824 rex
375 2757 493 2825 litteris
526 2765 655 2828 monuit
683 2762 880 2828 Eduardum
905 2761 953 2826 IV
992 2760 1033 2825 de
1064 2759 1187 2825 violato

57 2855 220 2941 dominio,
246 2857 346 2943 idque
363 2861 442 2923 eatis
458 2870 538 2941 erat,
555 2870 591 2924 ut
608 2859 708 2944 Angli
723 2861 883 2946 acceptis
899 2859 1186 2941 desisterent.¹)-

60 2952 180 3018 Merito
211 2975 307 3040 porro
332 2956 529 3022 Pontificem
553 2959 721 3044 principes
745 2956 904 3023 Cantiliae
935 2967 969 3020 et
991 2957 1188 3021 Lusitaniae

61 3052 94 3114 in
118 3051 281 3118 arbitrum
307 3053 483 3138 elegerant,
508 3067 542 3120 et
564 3055 644 3120 dnm
668 3055 757 3121 linei
771 3055 871 3120 ducti
887 3059 1045 3120 terminos
1060 3054 1186 3139 figeret,

56 3152 116 3234 qni
141 3153 321 3236 praecipue
343 3173 479 3218 cursum
496 3155 633 3219 navium
659 3153 841 3239 dirigerent
855 3152 898 3218 ad
916 3173 1021 3218 noves
1035 3154 1186 3236 regiones

60 3247 297 3328 inveniendas,
331 3253 491 3316 rationem
518 3250 720 3337 sequebatur
742 3251 933 3338 aequitatis,
969 3252 1104 3315 attentis
1131 3273 1186 3314 cx-

59 3347 172 3430 pensis
195 3369 280 3432 quae
304 3370 324 3410 a
343 3348 553 3434 principibus
570 3348 633 3414 illis
657 3350 764 3414 factae
786 3359 890 3416 erant.
929 3348 1058 3414 Titulos
1073 3359 1185 3414 autem

57 3463 100 3506 ex
133 3444 255 3529 quibus
280 3445 488 3534 principibus
518 3446 634 3512 liceret
658 3455 762 3512 terras
785 3448 939 3512 iuventas
969 3446 1021 3511 vel
1046 3446 1185 3532 populos

58 3541 122 3604 sibi
148 3540 312 3626 subjicere
336 3562 403 3608 non
427 3544 672 3610 determinabat
686 3545 850 3626 Pontifex,
874 3544 932 3608 sed
952 3545 1020 3629 juri
1042 3543 1185 3609 naturali

58 3649 93 3702 et
123 3639 258 3724 publico
296 3642 357 3706 istu
390 3643 537 3730 quaestio
568 3653 737 3707 reservata
766 3652 845 3708 erut.
881 3641 1005 3706 Variae
1035 3651 1123 3708 certa
1153 3655 1186 3706 et

61 3735 259 3822 multiplices
283 3741 436 3822 rationes,
461 3743 508 3804 uti
535 3743 660 3825 primae
684 3741 921 3825 occupationis,
940 3740 1052 3825 justae
1074 3739 1185 3804 dafen-

59 3836 171 3916 sionin,
194 3835 319 3901 liberae
343 3837 569 3924 subjectionis,
593 3839 709 3904 adesse
730 3849 890 3924 poterant,
916 3861 958 3902 ex
974 3837 1097 3924 quibus
1112 3861 1184 3925 poa·

60 3932 160 3997 sessio
184 3932 297 4020 aliqua
319 3936 564 4022 acquirebatur.
611 3936 674 4002 Vel
697 3938 790 4022 ipsae
812 3935 901 4020 leges
919 3936 1101 4022 Hispaniae
1125 3959 1185 4023 per

144 4079 273 4088 ..e———a-

135 4167 155 4233 Ι)
174 4167 223 4234 ap.
243 4165 376 4234 Rayneld.
397 4181 422 4222 a
443 4168 512 4222 rtet
531 4181 558 4224 n.
578 4167 627 4222 ⁸3:

133 4244 155 4316 ¹)
173 4246 206 4303 V.
227 4245 330 4300 eivilta
349 4253 416 4302 cett.
437 4263 461 4301 u.
484 4247 552 4303 1865
571 4263 597 4301 r.
618 4250 641 4301 l.
661 4263 686 4316 p.
706 4247 766 4301 673.
