2964 4838
534 469 663 524 Nicolans
682 467 716 525 V.
1145 474 1197 527 411

65 610 292 676 occidendum
309 612 498 678 Pracsulem
523 635 565 678 ex
589 635 651 679 nsu
676 635 748 678 esse
771 613 914 696 dicebat,
940 615 999 679 sed
1023 614 1199 680 observan-

65 707 160 791 dum,
186 709 293 774 donec
316 731 427 775 arcem
451 733 475 777 s.
493 711 613 796 Angeli
639 733 698 797 per
721 733 797 776 eum
821 725 1074 798 recuperarent3
1099 726 1199 800 atque

66 817 104 871 ut
129 817 202 871 erat
224 805 323 872 homo
346 808 512 872 facundus
544 807 642 874 facile
666 811 700 874 in
725 831 819 874 susm
843 812 1040 875 sententiam
1065 833 1199 896 congre·

63 915 164 988 gatos
188 908 308 986 traxit,
343 917 444 992 atque
468 927 506 970 eo
531 906 679 988 facilius,
712 907 801 994 quod
826 910 959 994 inopes,
991 931 1067 973 aere
1090 907 1198 974 alieno

63 1013 228 1086 gravatos
260 1014 293 1066 et
322 1003 364 1069 ob
389 1013 520 1090 patrate
544 1004 668 1068 scelera
695 1005 826 1090 judicia
858 1006 1074 1072 formidantes
1098 1006 1140 1071 ad
1164 1028 1199 1071 se

66 1112 335 1177 convocaverat,
360 1102 482 1188 quibus
506 1100 589 1166 nihil
615 1113 685 1166 erat
709 1104 743 1167 in
767 1125 850 1188 pace
874 1105 1086 1190 sperandum.
1133 1103 1199 1170 Sed

66 1199 256 1282 praesensit
278 1199 418 1264 insidias
441 1199 613 1283 Nicotaus,
647 1202 822 1287 missisque
845 1201 1006 1266 militibus
1029 1201 1199 1268 hominem

65 1295 310 1382 comprehendi
338 1298 450 1384 jussit.
497 1297 550 1363 Illi
580 1319 655 1364 enm
685 1299 757 1383 jam
790 1300 903 1364 auimo
934 1300 1076 1364 fractum
1109 1301 1198 1387 apud

66 1415 216 1458 sororem
248 1397 283 1459 in
307 1418 385 1460 arca
410 1396 566 1460 latentem
592 1398 801 1463 invenerunt.
850 1395 1037 1483 Complices
1069 1397 1140 1484 ejus
1165 1401 1199 1462 in

63 1490 169 1556 domo
186 1513 252 1578 qua
269 1504 496 1560 convenerant
511 1496 695 1580 expugnati
715 1496 869 1580 captique
884 1504 970 1560 sunt.
1010 1495 1063 1560 Ex
1078 1495 1200 1584 quibus

68 1611 158 1655 unus
171 1589 323 1676 Baptista
333 1591 466 1656 Sciarra
483 1613 584 1656 manu
598 1601 770 1677 promptus
786 1602 819 1656 et
834 1593 946 1656 animo
960 1594 1125 1679 intrepido
1142 1615 1201 1678 per

66 1686 200 1752 medias
214 1689 386 1755 Pontificis
410 1687 561 1754 cohortes
583 1689 695 1774 gladio
717 1689 781 1754 sibi
799 1690 887 1753 viam
905 1691 1057 1775 aperiens
1072 1691 1199 1775 effugit.

64 1783 261 1866 Stephanus
294 1789 329 1852 in
361 1811 438 1853 arce
472 1811 496 1853 s.
522 1787 662 1874 Angeli,
699 1788 757 1852 ulii
791 1790 825 1852 in
851 1777 1014 1874 Capitolio
1048 1792 1200 1875 suspensi

66 1884 176 1948 vitam
207 1884 340 1969 finiere,
376 1897 476 1972 atque
507 1888 552 1950 ita
585 1885 740 1950 Pontifex
772 1886 861 1952 Max.
895 1888 1022 1971 ingenti
1053 1887 1200 1973 periculo

65 1980 230 2047 liberatus
246 1983 417 2048 Romanae
433 1983 529 2049 Sedis
546 1984 743 2069 dignitatem
759 1985 1004 2070 imperiumque
1021 1988 1198 2052 servavit.“

66 2079 155 2144 Rem
187 2081 305 2146 eadem
329 2083 458 2146 ratione
482 2091 619 2146 narrent
642 2080 775 2146 Plotina
799 2083 834 2145 in
859 2080 937 2146 Vita
960 2081 1090 2148 Nicolai
1114 2084 1145 2147 V
1170 2094 1203 2147 et

66 2177 241 2244 Infessura
265 2180 307 2244 ad
331 2201 361 2246 a.
389 2179 507 2266 14531)
531 2179 656 2265 aliique
680 2182 866 2265 scriptores.

163 2277 191 2342 i.
216 2278 388 2342 Immerito
413 2288 524 2342 autem
542 2287 792 2364 conqueruntur
807 2278 959 2342 Potterue
976 2288 1009 2343 et
1022 2275 1201 2358 Sismondi,

67 2377 322 2461 inquisitionem
342 2377 525 2462 juridicam
541 2378 665 2442 factam
682 2397 749 2440 non
767 2399 847 2440 esse.
887 2377 1020 2442 Etenim
1038 2378 1203 2462 imprimis

63 2493 188 2538 ornnes
220 2474 265 2540 illi
291 2477 325 2540 in
359 2475 514 2560 flagranti
544 2475 783 2560 conjurationis
815 2474 936 2540 delicto
970 2475 1202 2560 comprehensi

66 2580 165 2648 sunt;
197 2570 405 2659 Stephanum
429 2574 541 2638 aerim
564 2573 795 2663 eouyhrntiouis
810 2571 958 2658 sermm,
990 2574 1038 2635 ait
1060 2571 1202 2654 Pletina,

61 2691 255 2756 susspectum
269 2671 398 2757 fuisss;
421 2693 461 2736 ao
476 2671 646 2736 quessura
670 2670 780 2751 refert,
804 2669 941 2756 reliquis
964 2669 1077 2734 lectum
1092 2672 1201 2759 fnisse

64 2770 260 2832 amentiam
281 2793 336 2834 seu
359 2771 524 2848 rationem,
549 2793 605 2832 cur
628 2768 911 2854 suspenderentur.
938 2790 999 2834 nec
1023 2769 1095 2855 ipse
1119 2771 1203 2833 veri·

66 2876 173 2930 tatem
198 2868 439 2953 conjurationis
462 2877 578 2951 negat,
615 2868 769 2953 quamvis
794 2867 939 2930 Porcarii
974 2867 1113 2932 consilia
1137 2866 1201 2932 sibi

70 2997 99 3008 -,

1213 2255 1290 2294 Poena
1297 2253 1369 2302 justa.

148 3057 167 3116 ¹)
187 3055 319 3124 Stephani
336 3053 493 3109 Infessurae
511 3055 627 3110 Senatus
646 3053 798 3122 Populiqne
816 3053 930 3108 Romani
956 3052 1061 3107 scribae
1079 3053 1204 3107 Diarium

68 3133 157 3190 Urbis
171 3135 275 3189 Rornae
293 3151 336 3204 sp.
356 3133 468 3188 Eeosrd.
488 3139 509 3189 t.
528 3133 562 3186 ΙΙΔ
584 3151 607 3202 p.
631 3133 700 3188 1863
718 3150 767 3200 sqq
797 3166 826 3173 —
850 3131 939 3200 Quum
957 3133 1031 3187 istud
1050 3131 1204 3188 Infessurse

66 3215 144 3282 quod
172 3213 333 3268 inscribitur
356 3213 480 3269 Diariurn
510 3229 599 3268 rernm
617 3213 800 3268 Romanarum
828 3213 890 3267 fons
919 3213 956 3268 sit
983 3207 1017 3268 tx
1045 3228 1097 3280 quo
1124 3213 1204 3268 multi

65 3297 211 3358 hauriunt
231 3309 318 3362 paura
337 3295 369 3350 sle
388 3309 419 3348 eo
439 3301 536 3348 notare
551 3293 670 3362 jurabit.
708 3295 740 3347 In
768 3293 817 3347 illo
838 3293 933 3348 Diario
958 3307 1000 3346 ras
1024 3299 1120 3362 gestas
1143 3309 1204 3347 uar-

66 3383 170 3430 rantur
188 3374 222 3430 ab
241 3391 312 3430 suno
332 3375 402 3430 1294
420 3389 505 3442 nsque
523 3375 558 3430 ad
577 3391 601 3429 a.
623 3375 704 3439 1304,
729 3389 816 3441 pauca
834 3375 867 3428 ds
890 3372 1068 3428 Pontificibus
1087 3373 1204 3428 Avenie-

65 3455 212 3520 nensibus‚
231 3455 335 3510 sodein
353 3455 433 3510 varia
451 3470 521 3522 qnae
539 3455 697 3510 acciderunt
715 3470 732 3508 a
750 3454 842 3508 reditu
853 3455 930 3510 Rom.
943 3452 1102 3507 Pontificum
1121 3469 1206 3520 usque

66 3537 105 3592 ad
125 3552 150 3594 a
172 3536 248 3590 1494.
284 3534 425 3589 Infessure
452 3541 597 3590 tantuma
627 3533 809 3589 lanatarius
833 3532 923 3588 faetus
949 3549 1006 3588 esse
1033 3532 1150 3597 videtur,
1176 3541 1205 3588 et

66 3623 147 3672 certe
166 3633 220 3670 non
240 3616 401 3684 suscripsit
420 3631 489 3682 quae
509 3615 623 3669 multum
644 3619 764 3668 aetatem
783 3629 860 3668 snam
879 3613 1050 3683 praecedunt,
1078 3615 1102 3666 A
1121 3613 1205 3668 variis

65 3699 162 3767 igitur
181 3695 305 3750 Diarinm
323 3695 392 3750 illud
421 3695 575 3750 confectum
603 3700 653 3760 est,
682 3695 755 3749 iuter
783 3710 849 3760 quos
877 3709 910 3748 er
929 3693 1072 3747 enutritus
1100 3694 1207 3761 aliquot

67 3783 248 3834 recensentur
266 3777 377 3830 Laelius
396 3775 543 3829 Petronius
562 3779 591 3828 et
610 3773 711 3828 Paulus
730 3775 763 3828 de
781 3773 926 3842 Magistris
946 3771 1102 3828 Infessuras
1129 3779 1206 3828 ente·

62 3873 199 3913 cessores.
243 3856 297 3911 Ros
325 3862 455 3910 externae
483 3871 538 3910 uon
567 3854 714 3908 secuudum
739 3854 898 3908 historicam
923 3853 1079 3917 veritatem,
1106 3853 1207 3907 sodex

66 3936 225 3992 rumoribus
244 3943 274 3991 et
291 3935 497 3991 narrationibus
516 3934 691 4003 popularibus
711 3934 801 4002 potius
821 3941 976 3997 narrantur,
1001 3933 1054 3986 irno
1074 3932 1158 3987 etiam
1176 3932 1207 3988 in

67 4020 103 4075 iis
134 4033 205 4085 quas
229 4017 330 4071 Romae
355 4015 513 4071 acciderunt
539 4014 689 4070 referendis
708 4016 790 4083 plena
808 4014 873 4069 fides
898 4014 1086 4069 sanatoribus
1111 4013 1206 4068 haberi

67 4116 124 4154 uon
144 4103 243 4166 potest.
281 4099 414 4152 auctores
433 4097 505 4152 enim
525 4095 757 4162 Columnensibus,
777 4095 837 4150 Sedi
852 4095 1090 4162 Romanaesaepe
1109 4094 1204 4148 adrer-

63 4178 197 4234 santibus
210 4175 348 4241 favebant,
368 4176 583 4243 auctoritatique
594 4173 756 4230 Pontificum
771 4191 802 4229 aa
812 4175 955 4243 temporali
966 4189 1058 4228 eorum
1068 4174 1202 4244 gubernio

64 4277 98 4315 ss
119 4257 241 4312 infensos
261 4257 416 4316 ostendunt.
