2832 4844
311 476 351 530 De
370 475 524 530 conditione
543 492 631 530 rerum
650 477 678 530 in
697 477 798 532 Sicilia.
1060 479 1112 532 461

28 641 102 705 siquo
123 620 194 684 dein
219 642 240 682 a
264 617 383 684 Carolo
417 621 535 706 capitis
558 623 721 685 sententia
755 620 940 702 damnatus,
973 621 1112 707 Neapoli

28 717 61 779 die
79 719 132 780 29⁰
153 717 305 784 Octobris
329 719 408 781 anni
435 719 519 783 1268
552 718 668 782 ultimo
692 717 854 804 supplicio
878 719 1017 783 affectus
1040 719 1111 783 fuit.
1141 728 1153 767 t
1153 731 1215 768 ''''''
1217 729 1266 768 ‹¹¹¹st

26 817 107 900 lique
128 819 172 880 ita
195 817 295 880 dcsiit
317 815 479 880 Friderici
513 817 681 902 quondam
706 817 852 903 Imperat
854 819 919 881 oris
944 819 1042 903 stirps
1066 819 1112 881 in·
1167 801 1237 831 Μ’

25 915 112 978 lausto
156 915 322 979 chricus
346 925 521 980 exsenator
536 916 706 980 Romanus
730 925 888 1002 perpetuo
905 918 1029 980 carceri
1050 925 1112 979 tra-

25 1011 87 1075 ditus
100 1023 153 1094 est,
170 1011 308 1078 Carolus
323 1034 402 1078 vero
419 1011 588 1078 Senatorio
605 1024 765 1099 potestate
782 1015 959 1098 insignitus
972 1015 1111 1078 Romam

24 1109 181 1196 uiumphali
204 1131 328 1196 pompa
353 1133 387 1174 se
410 1111 558 1194 contulit,
583 1110 721 1176 collatae
741 1113 981 1198 possessionem
1006 1113 1113 1175 iniens

23 1205 172 1290 dignitatis.
218 1208 408 1292 Profligatis
433 1209 521 1288 dein,
555 1210 677 1274 ducum
702 1233 835 1274 suorum
860 1231 970 1295 opera,
1003 1208 1112 1274 Gibel-

21 1303 131 1372 luorum
163 1310 195 1372 in
231 1305 346 1372 Sicilia
382 1310 596 1392 superstitum
627 1307 792 1395 reliquiis,
833 1308 961 1374 Siculos
992 1309 1026 1371 in
1059 1307 1112 1372 de·

21 1401 147 1469 ditionem
181 1407 327 1489 suscepit
362 1427 568 1491 regnumque
601 1429 697 1471 siriam
733 1408 889 1471 firmavit.
947 1406 987 1471 In
1021 1405 1112 1470 hisce

21 1503 165 1566 eventibus
189 1501 343 1567 Clemens
362 1502 410 1566 IV
434 1503 567 1589 quidem
595 1505 710 1568 merito
735 1504 843 1569 Caroli
869 1513 978 1591 partes
1003 1504 1112 1568 defen-

22 1595 60 1675 dit,
79 1622 113 1663 ac
126 1603 276 1665 censuris
292 1600 525 1665 ecclesiasticis
542 1600 724 1666 Conradini
748 1615 780 1665 et
800 1605 991 1688 sequacium
1016 1625 1112 1668 cona-

20 1713 55 1757 tu»
73 1709 212 1763 evertere
237 1700 329 1764 nisus
352 1709 411 1778 est,
436 1699 493 1763 sed
511 1698 620 1764 Caroli
645 1721 800 1764 excessus
816 1701 1004 1765 nullatenus
1024 1723 1112 1766 com·

20 1793 151 1880 probavit,
177 1799 245 1862 imo
269 1799 371 1862 variis
394 1795 511 1861 litteris
536 1820 592 1862 eos
615 1800 761 1882 graviter
785 1797 1023 1884 constrinxit.¹)
1046 1799 1112 1862 Die

19 1893 60 1952 :td
78 1893 275 1959 Novembris
297 1895 376 1958 anni
404 1893 489 1959 1268
514 1895 655 1959 Viterbii
680 1896 822 1960 decessit
844 1897 1009 1962 Pontifex.

82 1991 129 2058 90.
178 1991 317 2057 Carolus
346 2015 405 2056 rex
437 1991 519 2058 duro
551 1993 714 2079 subjugo
740 1996 817 2059 dein
841 1993 971 2059 Siculos
995 1996 1110 2076 tenuit,

19 2107 149 2176 suumque
174 2093 321 2176 regimen
347 2091 388 2154 iis
414 2090 561 2155 reddidit
586 2091 684 2156 valde
707 2093 883 2177 ingratum.
933 2092 1044 2173 Quum
1069 2093 1111 2157 ad

18 2179 160 2254 licolaum
184 2189 240 2253 ΙΙΙ
269 2187 464 2252 Pontificem
489 2186 593 2252 Siculi
625 2192 851 2273 recurrissent,
887 2201 924 2253 ut
953 2192 1024 2276 ipse
1055 2192 1112 2276 qui

22 2301 176 2366 upremum
212 2286 299 2351 illius
333 2289 428 2370 regni
464 2285 649 2351 dominium
686 2287 841 2370 habebat,
880 2311 900 2352 a
935 2288 1113 2372 tyrannide

18 2384 77 2462 treis
103 2407 158 2448 eos
189 2393 346 2463 tueretur,
379 2384 535 2449 Pontifex
561 2383 716 2450 Carolum
744 2385 862 2450 litteris
886 2387 929 2450 ad
955 2386 1111 2472 majorem

17 2483 186 2564 aequitatem
219 2492 252 2546 et
283 2481 453 2546 lenitatem
484 2481 634 2547 hortatus
663 2493 721 2566 est,
753 2485 809 2549 sed
834 2485 977 2571 superba
1000 2484 1113 2548 retulit

16 2573 77 2641 illius
98 2603 266 2667 responsa.
313 2579 447 2644 Exinde
471 2579 585 2662 Siculi,
609 2591 743 2652 auctore
767 2584 960 2668 praesertim
984 2584 1112 2648 Joaouc

18 2673 134 2756 ltocidc,
166 2681 241 2743 viro
266 2677 380 2758 nobili,
410 2699 508 2763 quem
542 2677 639 2743 bonis
670 2682 862 2767 privaverat
886 2679 1033 2763 Carolus,
1067 2681 1110 2745 ad

15 2767 78 2837 lunc
100 2799 212 2862 regem
235 2776 435 2864 ejiciendum
454 2779 686 2862 conspirarunt
700 2801 775 2842 cum
791 2779 887 2843 Petro
903 2777 1110 2863 Arragoniae

14 2875 144 2978 principe,
170 2879 228 2962 qui
247 2875 487 2956 Constantiam,
512 2875 677 2940 Manfredi
703 2877 871 2963 quondam
895 2879 988 2961 regni
1005 2875 1108 2940 Siculi

14 2965 148 3038 invasoris
172 2974 288 3056 filiam,
313 2973 455 3038 duxerat
478 2994 626 3040 uxorem.
672 2976 705 3039 Is
729 2977 830 3060 igitur
854 2975 914 3040 sub
934 2983 1109 3061 praetextu
1152 2984 1184 3020 '⁰³
1202 2993 1254 3022 ⁰⁸⁸⁰

13 3069 79 3150 qnod
99 3069 313 3136 Saracenos'
304 3094 339 3135 rn
356 3069 472 3135 Africa
495 3092 710 3155 aggressurus
734 3084 827 3156 esset,
852 3096 944 3138 arma
966 3075 1108 3159 paravit
1150 3067 1160 3084 ”
1175 3056 1248 3084 “m

11 3157 59 3228 Sed
89 3165 212 3234 bellurn
244 3179 396 3255 apertum
429 3169 492 3253 ipsi
516 3167 619 3233 Siculi
655 3179 791 3234 cruenta
824 3173 924 3235 etiam
948 3172 1110 3236 seditione

12 3277 241 3342 praevenerunt.
295 3267 429 3332 Etenim
462 3288 549 3330 anno
585 3268 670 3333 1282
701 3270 859 3354 postridie
889 3271 963 3334 festi
994 3271 1111 3334 Resur-

12 3365 140 3429 rectionis
164 3366 303 3431 Domini
329 3366 397 3450 (die
422 3365 482 3430 30⁰
506 3365 642 3448 Martii),
668 3367 746 3432 dum
771 3369 912 3454 populus
937 3391 1111 3454 campana·

13 3475 65 3521 mm
86 3465 194 3526 sonitu
219 3465 261 3528 ad
286 3486 441 3550 vesperas
465 3465 723 3547 convocabatur,
748 3468 975 3531 Panormitani
1001 3467 1041 3530 de
1064 3487 1111 3529 re-

14 3570 87 3636 pente
117 3563 150 3625 in
177 3563 321 3626 inermes
345 3561 496 3648 nihilque
521 3563 598 3627 mali
623 3567 829 3649 suspicantes
852 3566 999 3630 Francos
1030 3566 1110 3629 irru-

14 3667 100 3738 tmnt3
123 3668 155 3723 et
171 3680 287 3724 omnes
303 3663 374 3725 siue
390 3683 498 3741 sexus,
523 3663 641 3726 aetatis
655 3673 688 3726 et
704 3663 902 3728 conditionis
919 3663 1110 3728 discrimine

14 3747 236 3822 interemerunt.
282 3757 463 3822 Excidium
487 3759 577 3824 istud
600 3771 774 3825 cruentum
804 3761 959 3848 Vesperae
984 3760 1110 3825 Siculae

15 3851 146 4008 tpbpellari
171 3858 357 3922 consuevit.
405 3855 499 3921 Idem
531 3856 693 3922 deinde
684 3881 718 3923 rn
743 3858 816 3924 aliis
839 3857 972 3923 Siciliae
997 3859 1110 3922 civita-

15 3945 80 4012 tibus
100 3963 326 4039 perpetratum
350 3963 469 4019 est.—
485 3953 587 4020 Siculi
612 3957 704 4040 regni
730 3978 884 4022 coronam
900 3955 1043 4020 Mortino
1060 3956 1110 4018 IV

16 4037 140 4114 Pontifici
174 4051 377 4134 obtulerunt,
417 4053 474 4117 sed
503 4054 667 4118 Martinus
694 4054 743 4118 IV
776 4053 885 4120 Caroli
916 4057 1013 4139 regis,
1052 4057 1109 4140 qui

21 4185 200 4204 ‘’Q——

70 4257 153 4326 ¹)otr.
173 4261 308 4330 Rsynald.
327 4277 352 4316 a.
372 4265 450 4346 126,8.
469 4281 496 4321 n.
515 4265 559 4332 42,
576 4266 619 4332 43,
639 4267 681 4323 54.
