2836 4848
278 419 332 474 368
440 418 556 472 XXVII.
575 419 615 476 De
633 420 736 476 haeres.
756 420 922 490 repressione
940 437 972 476 ac
990 421 1023 476 de
1041 421 1238 476 Decretalibns.

156 585 163 612 ¹
278 585 338 649 per
361 583 500 648 quorum
525 564 697 628 scientiam
721 565 934 630 seducentem
959 566 1104 630 mundus
1134 565 1281 630 inficitur
1304 577 1333 630 et
1356 569 1383 629 in

277 681 411 746 gregem
440 660 588 726 fidelium
611 683 672 746 per
694 664 773 726 oves'
797 662 858 726 has
881 661 1051 728 morbidas
1082 665 1218 748 gravior
1242 662 1385 748 infligitur

278 758 496 844 corruptela.“
551 759 640 824 Dein
670 760 826 825 undecim
857 759 1007 824 articulis
1044 760 1163 824 modus
1200 761 1384 846 procedendi

278 867 393 922 contra
431 857 615 922 haereticos
653 867 685 920 et
721 879 847 943 poenae
879 867 995 922 contra
1018 860 1106 943 ipsos
1131 857 1386 926 determinantur.

278 956 457 1041 mortisque
480 977 588 1040 poena
611 957 646 1020 in
670 956 852 1021 obstinatos
876 965 909 1020 et
930 957 1098 1021 recidivus
1123 957 1338 1037 constituitur,
1360 959 1386 1019 in

278 1075 333 1118 cos
356 1062 468 1117 autern
491 1054 702 1140 quitantum
734 1063 824 1118 metu
857 1055 971 1117 mortis
1001 1054 1167 1118 haeresim
1197 1053 1386 1139 reliquerint.

277 1151 428 1237 perpetui
454 1152 595 1216 carceris
618 1152 768 1237 poena.¹)
815 1149 959 1216 Severae
990 1150 1153 1237 ejusmodi
1177 1151 1268 1236 leges
1290 1175 1309 1216 a
1331 1153 1355 1216 F
1358 1153 1388 1214 ri-

278 1250 389 1314 derico
413 1248 448 1314 II
471 1250 613 1314 iteratim
639 1250 747 1314 editae
771 1250 872 1330 luere,
902 1260 974 1313 tum
997 1271 1056 1335 pro
1080 1251 1226 1336 Imperio
1250 1261 1318 1314 tum
1341 1271 1388 1334 pro

278 1347 411 1412 Siciliae
434 1369 546 1432 regno.
578 1347 617 1411 In
642 1346 750 1413 edicto
774 1369 835 1432 pro
850 1345 966 1412 Sicilia
989 1348 1076 1432 ignis
1101 1347 1255 1412 ultimum
1279 1347 1389 1432 suppli·

277 1448 367 1510 cium
398 1447 570 1531 speciatim
605 1446 795 1510 decernitur
826 1448 860 1509 in
893 1444 1098 1510 haereticum
1122 1443 1323 1510 obstinatum
1346 1443 1390 1508 ad·

278 1542 472 1624 hibendum,
497 1543 654 1609 facultate
678 1554 808 1608 tautum
827 1542 1001 1629 judicibus
1024 1542 1112 1622 data,
1142 1553 1197 1624 „ut
1221 1543 1247 1607 si
1272 1545 1391 1607 misera·

279 1641 337 1706 bili
364 1643 451 1706 vitae
475 1641 518 1706 ad
544 1643 777 1706 coercitionem
801 1641 941 1706 aliorum
971 1641 1132 1726 elegerint
1153 1639 1391 1704 reservandum.

279 1761 354 1802 eum
393 1739 527 1824 linguae
567 1739 691 1826 plectro
724 1739 969 1826 deprivent.“²)
1015 1740 1127 1825 Atque
1157 1737 1236 1802 inde
1269 1738 1311 1802 ab
1339 1737 1391 1800 hor

278 1849 427 1921 tempore
462 1836 578 1902 ultimo
603 1836 764 1922 supplicio
799 1839 868 1922 rogi
906 1837 1064 1901 haeretici
1099 1837 1258 1901 obstinati
1293 1837 1391 1922 puniri

280 1946 535 2000 consueverunt.

371 2032 424 2097 53.
473 2031 584 2113 Quum
610 2035 696 2097 inter
711 2032 919 2096 Fridericnm
936 2029 970 2096 lI
994 2043 1027 2096 et
1041 2030 1240 2116 Gregorium
1255 2031 1307 2095 IX
1322 2029 1393 2092 Pon·

238 2116 244 2126 ’
278 2131 401 2195 tificem
431 2132 680 2212 (tent-1241)
709 2130 957 2196 vehementiora
985 2130 1124 2195 dissidia
1155 2130 1329 2206 orirentur,
1363 2149 1392 2189 eo

279 2239 426 2315 tempore
449 2229 603 2294 haereses
626 2231 821 2314 praesertim
853 2231 888 2292 in
912 2227 1095 2293 Germania
1128 2226 1309 2292 admodum
1333 2245 1392 2310 pro·

279 2335 420 2413 pagatae
449 2336 536 2392 sunt.
583 2326 681 2392 Unde
705 2325 886 2412 Gregorius
917 2327 969 2392 IX
1000 2328 1095 2390 varia
1127 2325 1259 2390 decreta
1292 2333 1391 2388 contra

279 2425 463 2490 haereticos
487 2427 605 2507 emisit,
631 2424 752 2511 quibus
765 2426 906 2506 curavit,
931 2435 968 2488 ut
991 2446 1068 2490 cum
1085 2426 1201 2508 vigore
1218 2433 1392 2486 contraeas

280 2523 522 2609 procederetur.
570 2524 693 2589 Statuit
722 2533 755 2586 et
785 2524 865 2608 ipse,
895 2533 932 2587 ut
962 2522 1131 2604 haeretici,
1164 2523 1219 2606 pai
1235 2532 1392 2606 postquam

271 2623 400 2710 fierint
430 2623 615 2709 deprehensi
644 2622 750 2686 redire
782 2621 939 2685 calmunt
972 2621 1016 2684 ad
1040 2620 1195 2708 apendam
1218 2618 1392 2703 condignam

276 2721 515 2806 poeaitentiam,
553 2721 588 2783 in
621 2729 775 2805 perpetuo
814 2739 938 2782 earcere
969 2717 1180 2782 detineantur.
1229 2713 1393 2780 Caeterum

281 2816 388 2881 ultimi
421 2817 575 2903 supplicii
606 2839 713 2903 poena
747 2819 778 2880 in
814 2817 885 2902 ejus
916 2815 1148 2896 decretalibus,
1177 2815 1224 2878 uti
1249 2823 1284 2877 et
1307 2815 1339 2875 in
1362 2811 1394 2873 iis

254 2905 421 2980 'aliorum
445 2916 655 2997 Pontificum,
688 2925 802 2979 contra
826 2914 1010 2980 haereticos
1034 2913 1126 2978 haud
1150 2913 1274 2977 diserte
1298 2911 1395 2974 decer·

280 3015 381 3096 nitur,
406 3013 463 3078 sed
487 3015 670 3099 generatim
688 3011 841 3099 jubetur:
869 3013 1039 3094 „damnati
1054 3033 1132 3075 vero
1147 3033 1207 3096 per
1220 3009 1393 3074 Ecclesiam

281 3111 441 3176 saeculari
461 3112 590 3198 judicio
614 3111 854 3198 relinquantur,
886 3111 1160 3175 animaduersione
1185 3107 1295 3172 debita
1311 3106 1393 3193 paur'·

281 3209 365 3288 endi,
390 3209 519 3275 clericis
542 3211 634 3296 prins
658 3211 765 3274 asuis
789 3208 962 3273 ordinibus
986 3207 1244 3292 degradatis.“³)
1283 3207 1395 3269 Romae

281 3328 378 3392 porro
410 3319 543 3372 senatus
573 3307 781 3394 populusque
805 3306 986 3387 Romanus,
1019 3305 1139 3369 imitati
1163 3304 1335 3369 Pontificio
1356 3321 1395 3362 ze·

281 3404 362 3487 lum,
395 3406 519 3491 pariter
549 3427 681 3470 severas
713 3405 803 3490 leges
827 3415 942 3470 contra
966 3404 1151 3468 haereticos
1175 3401 1395 3466 condiderunt.

282 3504 404 3588 quibus
428 3505 514 3567 inter
537 3503 601 3568 alia
625 3503 878 3590 praescribitur:
907 3503 1121 3584 „Haereticos
1146 3501 1201 3586 qui
1226 3499 1348 3563 fuerint
1369 3497 1395 3556 in

283 3599 374 3666 Urbe
397 3603 528 3687 reperti,
552 3603 746 3688 praesertim
769 3624 830 3688 per
841 3603 1052 3687 inquisitores
1077 3598 1119 3663 ab
1136 3597 1290 3663 Ecclesia
1304 3595 1395 3659 datos.

283 3699 336 3764 vel
361 3699 443 3764 alios
460 3701 548 3764 viros
565 3699 754 3782 catholicos,
779 3709 910 3764 senator
926 3720 1044 3784 capere
1060 3705 1222 3778 teneatur,
1248 3705 1282 3758 ct
1297 3701 1395 3778 captos

283 3799 384 3862 etiam
398 3797 555 3881 detinere,
579 3807 754 3884 postquam
768 3796 892 3862 fuerint
906 3817 965 3882 per
982 3796 1168 3861 Ecclesiam
1186 3790 1394 3858 condemnati.

482 4055 590 4111 .G..

483 4133 540 4190 ..L

558 4133 593 4188 11.
616 4093 726 4190 2d2.

423 4213 508 4268 .V.
527 4213 561 4269 de
579 4212 772 4268 haereticisL.
793 4213 825 4268 l.
846 4213 890 4268 tit
910 4213 971 4266 Vll.
