3000 4838
310 459 346 513 32
507 457 612 512 XXIII.
630 457 671 512 De
689 464 765 512 stetu
784 456 885 512 Eccles.
904 456 988 524 priori
1006 457 1092 512 modio
1110 473 1179 512 saec
1198 459 1260 512 XII.

309 599 410 686 hujus
434 579 557 667 saeculi
583 597 792 666 Constantini
816 601 1035 680 domationem,
1071 602 1171 666 etiam
1204 623 1306 688 quum
1339 624 1434 666 occa-

310 701 419 764 siones
442 701 588 764 maxime
611 709 816 785 opportunae
833 721 903 762 sese
920 699 1084 780 offerrent,
1109 699 1200 764 haud
1224 702 1258 766 in
1284 701 1433 765 medium

309 797 430 863 afferri.
476 795 591 861 Restat
614 807 758 878 tantum,
784 806 820 860 ut
843 749 1091 860 consideremuis
1114 795 1185 880 illa,
1211 821 1296 884 quae
1320 800 1354 862 in
1377 820 1431 883 ep.

149 896 287 1010 flffifl
309 895 368 960 61
390 895 584 960 Hadrianus
606 894 676 960 Ia.
703 847 765 960 777
790 897 938 980 scripsit:
961 895 1004 958 Et
1026 896 1106 959 siem
1129 895 1320 982 temporibus
1347 895 1435 960 beati

310 991 457 1058 Silvestri
480 995 620 1058 Romami
642 994 804 1079 Pomtiyieis
835 1019 854 1057 a
880 1005 1009 1058 sanctae
1031 993 1263 1058 recordationis
1280 995 1431 1080 piissimo

313 1087 519 1156 Comstomtimo
550 1115 663 1179 mepao
686 1093 880 1178 Imperatore
907 1113 968 1177 per
998 1095 1065 1179 ejas
1094 1091 1276 1176 lerpitntem
1302 1101 1434 1156 semotae

308 1188 373 1252 Dei
404 1188 559 1252 catholica
590 1202 620 1254 at
649 1190 827 1276 apostolica
851 1191 1000 1262 Romame
1023 1187 1155 1252 ecclesie
1179 1188 1303 1253 eleuata
1327 1200 1356 1252 at
1378 1211 1432 1253 ee:-

309 1285 414 1350 cltata
444 1299 498 1366 est,
530 1299 559 1352 et
585 1298 774 1373 potestatem
805 1290 841 1352 im
866 1287 914 1351 his
938 1287 1114 1373 Hesperiae
1140 1285 1288 1372 partibas
1316 1287 1436 1372 lus-piri

308 1384 457 1468 dipmctes
481 1395 535 1464 est,
566 1387 614 1448 ite
637 1396 666 1449 et
688 1387 724 1449 im
746 1387 795 1450 leis
817 1387 929 1450 vestris
945 1382 1146 1471 felicissimis
1171 1383 1361 1470 temporibus
1385 1395 1434 1448 ct

307 1504 364 1567 que
396 1485 512 1547 rostris
540 1493 652 1547 semota
674 1484 739 1547 Dei
764 1484 910 1562 ecclesie,
943 1485 965 1546 i.
990 1505 1016 1548 e.
1040 1483 1136 1546 Beati
1157 1482 1247 1546 Petri
1269 1479 1431 1568 Apostoli,

305 1581 458 1665 permittet
493 1591 586 1666 utque
622 1581 741 1645 comitet
774 1592 805 1646 et
839 1579 977 1668 amplius
1005 1590 1097 1666 atque
1121 1579 1259 1666 amplias
1283 1579 1435 1646 emoltata

301 1687 498 1762 permoneat.
522 1679 612 1742 —In
635 1679 687 1744 his
711 1679 821 1743 verbis
845 1701 904 1764 per
927 1701 961 1742 se
985 1677 1069 1742 nihil
1091 1676 1242 1760 habetur,
1267 1699 1331 1764 quo
1347 1675 1433 1742 Con-

306 1776 442 1838 stantini
479 1777 610 1841 domama
645 1777 845 1861 designetur.
897 1777 1031 1840 Etenim
1069 1774 1262 1840 Hadrianus
1300 1784 1434 1839 tantum

306 1875 489 1956 generatim
513 1877 668 1960 proponit
690 1875 881 1960 exemplum
907 1873 1127 1957 Constantini,
1152 1876 1209 1960 qui
1233 1872 1437 1938 exaltaverit

306 1969 503 2036 Ecclesiam.
550 1971 597 2036 Ut
634 1971 842 2058 principibus
872 1971 1128 2037 Constantinum
1167 1973 1201 2036 in
1241 1970 1435 2056 exemplum

305 2079 505 2154 proponeret
527 2071 665 2156 piosque
689 2072 857 2155 principes
880 2072 910 2135 ei
938 2079 1153 2154 compararet,
1182 2067 1261 2133 huic
1276 2069 1435 2133 Pontifici

307 2179 500 2232 consuetum
525 2178 612 2251 erat:
637 2169 671 2233 id
696 2193 723 2234 e.
748 2191 780 2254 g.
805 2171 906 2233 etiam
930 2170 965 2232 in
989 2169 1108 2232 litteris
1129 2167 1215 2232 datis
1239 2167 1282 2231 ad
1297 2166 1434 2231 Ironem

305 2264 555 2350 Imperatricem
580 2265 744 2353 Cptanam
769 2268 907 2354 ejusque
930 2266 1036 2332 filium
1060 2266 1316 2330 Constantinum
1339 2265 1434 2349 facit,

305 2362 431 2450 hosque
455 2384 532 2428 cum
555 2364 685 2430 Helena
709 2375 741 2429 et
757 2363 976 2430 Constantino
1000 2366 1107 2450 primo
1123 2363 1327 2448 Imperatore
1346 2361 1436 2427 chri-

306 2463 412 2526 stiano
437 2473 616 2548 comparat.
645 2462 758 2528 Verba
782 2472 903 2545 autem,
929 2473 959 2528 et
975 2473 1167 2549 potestatem
1188 2463 1224 2525 im
1246 2462 1295 2525 his
1311 2461 1435 2547 Hespe-

304 2561 375 2624 riae
391 2560 673 2648 partibusleryiri
696 2562 847 2648 dipeatos
870 2572 926 2640 est,
950 2559 1096 2645 profecto
1120 2579 1188 2622 non
1211 2558 1328 2623 eadem
1352 2571 1437 2625 sunt

305 2668 404 2744 atque
437 2681 477 2722 ea
508 2681 592 2744 quae
621 2660 657 2722 in
680 2660 852 2723 domatione
877 2656 1085 2722 Constantini
1110 2655 1292 2720 habentur:
1321 2657 1435 2723 urbem

304 2757 438 2821 Romam
455 2768 485 2822 et
499 2779 605 2821 ommes
621 2758 717 2821 totius
733 2756 850 2820 Italiae
866 2779 921 2820 seu
937 2753 996 2841 (et)
1012 2751 1255 2818 occidentalium
1267 2755 1437 2839 reqionum

300 2843 486 2940 provincias
509 2865 539 2920 et
561 2854 632 2918 loce
655 2864 685 2918 et
698 2855 851 2918 civitates.
882 2851 949 2918 Sed
964 2852 1021 2917 illa
1035 2851 1139 2916 verba
1162 2873 1306 2935 congrue
1330 2873 1435 2918 sensu

302 2955 449 3037 generali
477 2954 688 3038 accipiuntur
720 2951 761 3016 de
784 2951 898 3016 favore
922 2973 986 3038 quo
1011 2952 1046 3015 in
1068 2948 1167 3014 Italia
1190 2949 1435 3016 Constantinus

304 3050 478 3116 ecclesiam
511 3060 703 3136 prosecutus
734 3060 792 3115 est
839 3050 916 3116 Jam
947 3059 1028 3114 tunc
1058 3046 1198 3112 ecclesia
1220 3049 1435 3132 patrimoniis

303 3152 406 3214 variis
436 3151 541 3215 ditata
574 3159 631 3230 est,
664 3157 905 3233 externumque
936 3143 1144 3232 splendorem
1174 3151 1207 3207 et
1230 3155 1434 3274 potestatem

304 3248 491 3334 acquisivit

392 3344 548 3410 40.1m0
573 3366 658 3431 quae
681 3343 1055 3428 inep1stolaHadr1an1
1079 3350 1263 3428 sequuntur
1285 3343 1436 3426 positive

303 3443 491 3524 ostendunt,
508 3441 705 3507 Pontificem
719 3442 866 3528 diploma
880 3440 1090 3507 Constantini
1106 3437 1294 3506 nullatenus
1308 3462 1436 3524 cogno·

303 3542 401 3606 visse.
450 3539 562 3620 Quum
587 3541 676 3605 enim
699 3539 764 3604 hac
787 3540 958 3604 donatum
977 3540 1049 3626 jam
1073 3550 1142 3606 tota
1165 3537 1264 3605 Italia
1286 3546 1319 3602 et
1343 3540 1436 3602 occi·

304 3637 452 3702 dentalcs
475 3640 670 3723 provinciae
685 3637 839 3703 Pontifici
864 3637 1098 3720 concedantur,
1124 3648 1211 3704 certe
1234 3635 1437 3702 Hadrianus

303 3737 330 3798 si
356 3735 517 3822 ejusmodi
542 3735 777 3800 documentum
802 3757 882 3820 prae
906 3735 1060 3800 manibus
1076 3735 1247 3801 habuisset
1269 3733 1361 3798 haud
1383 3735 1437 3798 ita

302 3843 569 3920 prosequeretur:
596 3833 683 3917 „Sed
697 3843 730 3897 et
746 3842 866 3898 cuncta
889 3831 955 3896 alia
978 3854 1063 3918 quae
1082 3857 1143 3920 per
1167 3836 1307 3898 ‹li-uersos
1329 3833 1435 3918 impe·

301 3943 436 4011 ratores,
455 3932 614 4020 patricios
639 3934 743 4010 etiam,
778 3942 807 3994 et
831 3929 915 3995 alios
937 3932 1040 3995 Deam
1064 3934 1206 3997 timentes
1229 3952 1287 4016 pro
1312 3950 1436 3994 eorum

302 4033 434 4094 animae
459 4029 610 4093 mercede
635 4039 668 4093 et
690 4030 789 4094 venia
814 4028 1009 4093 delictorum
1040 4031 1075 4094 in
1098 4028 1249 4116 partibus
1272 4028 1434 4110 Tusciae,

303 4127 434 4214 Spoleto
464 4150 523 4192 seu
546 4127 737 4191 Benevento
770 4135 869 4212 atque
895 4125 1038 4208 Corsica,
1070 4127 1168 4192 simul
1192 4136 1225 4190 et
1248 4124 1435 4192 Sabinensi

301 4227 501 4313 patrimonio
517 4224 614 4290 beato
628 4227 724 4290 Petro
739 4223 898 4311 Apostolo
923 4233 1123 4310 sanctaeque
1136 4225 1201 4289 Dei
1225 4223 1437 4311 apostolicae
