2964 4838
299 427 352 480 412
478 426 606 481 XXXVI.
626 427 666 482 De
685 431 760 480 statu
781 427 917 482 Ecclesiae
937 435 1069 496 vergente
1088 429 1161 482 Saec.
1181 427 1240 482 XV.

294 568 502 656 comprobari
537 571 617 636 satis
650 569 778 655 prodat.
826 569 929 634 Plane
966 569 1087 635 falsum
1120 593 1218 658 porro
1250 585 1297 636 est
1325 571 1412 658 quod

294 666 445 730 Potterus
470 677 502 730 ct
525 666 693 733 Sismondi
718 669 889 748 effutiunt,
925 677 1038 754 captos
1062 671 1192 750 statim,
1225 669 1335 734 eodem
1359 669 1413 733 die

292 786 400 850 poena
423 764 598 830 mulctatos
619 765 739 846 fuisse3
765 765 887 830 etenim
908 767 1007 851 juxta
1023 777 1175 832 auctores
1199 769 1312 832 citatos
1327 769 1409 853 capti

292 873 370 926 sunt
394 863 556 948 conjurati
587 863 641 928 die
666 865 783 948 quinta
799 863 964 944 ianuarii,
990 863 1203 950 Epiphaniae
1226 863 1413 950 pervigiliae

292 967 407 1040 nocte3
433 961 597 1046 supplicio
615 983 692 1026 vero
718 961 828 1025 affecti
854 963 908 1026 die
932 963 971 1027 9⁰
985 961 1151 1041 ianuarii,
1176 963 1223 1026 ita
1239 971 1276 1026 ut
1290 971 1412 1046 tempus

291 1058 519 1124 instructionis
542 1058 716 1124 faciendae
741 1061 776 1124 in
800 1081 834 1124 re
851 1070 966 1146 aperta
981 1059 1151 1124 sufficiens
1167 1060 1277 1125 fuerit.
1313 1059 1412 1124 Nemo

292 1168 403 1221 autem
428 1160 552 1221 nimiae
576 1158 762 1222 severitatis
785 1168 921 1243 propter
944 1156 1145 1244 supplicium
1169 1159 1349 1244 conjuratis
1372 1159 1411 1220 in·

291 1253 419 1318 flictum
444 1253 619 1318 Nicolaum
643 1255 832 1338 accusabit,
858 1258 915 1342 qui
940 1254 1171 1342 perpenderit,
1197 1258 1344 1320 maxima
1366 1277 1413 1340 pe·

291 1351 396 1417 ricula
421 1353 639 1417 Pontilicibus
669 1375 711 1417 ex
736 1354 818 1416 viris
849 1353 1013 1438 ejusmodi
1046 1352 1213 1418 seditiosis
1247 1365 1279 1417 et
1309 1351 1412 1417 turbu-

291 1450 389 1516 lentis
420 1451 475 1516 ilia
499 1459 605 1515 aetate
638 1451 856 1516 imminuisse.
902 1451 1075 1536 Eugenius
1099 1449 1148 1516 IV
1178 1453 1311 1516 nonnisi
1343 1451 1417 1535 fuga

290 1560 423 1634 arrepta
447 1549 511 1614 sibi
536 1547 712 1634 providere
736 1549 862 1633 potuit,
887 1571 928 1612 ac
952 1547 1028 1614 dein
1054 1551 1194 1618 nonnisi,
1212 1551 1344 1632 magnis
1367 1547 1413 1610 ad·

290 1646 406 1712 hibitis
431 1645 606 1711 conatibus
630 1654 663 1710 et
677 1648 833 1732 expensis
856 1668 915 1732 pro
938 1645 1152 1732 expeditione
1168 1659 1298 1711 armata
1314 1657 1413 1711 aucto-

290 1745 371 1809 ritas
410 1743 582 1829 pcntifioia
612 1745 764 1808 restituta
795 1754 852 1809 est.
900 1743 983 1808 Erat
1014 1745 1116 1827 igitur
1145 1743 1244 1831 piane
1275 1766 1415 1810 necessa

290 1844 394 1923 rium,
436 1852 471 1905 ut
505 1862 594 1905 nova
630 1843 880 1906 temerariorum
918 1843 1096 1906 conamina
1131 1863 1207 1908 cum
1245 1842 1414 1908 severitate

291 1941 450 2006 Nicolsus
474 1942 679 2026 reprimeret.

382 2040 412 2104 8.
445 2037 613 2105 Sismoudi
643 2037 782 2123 loquens
812 2037 853 2101 de
877 2037 1026 2102 Porcarii
1052 2037 1301 2124 conjuratione,
1338 2036 1413 2101 affir-

140 2121 190 2149 Μ
216 2121 262 2150 m'
293 2146 377 2217 mat,
410 2136 640 2200 condemnatis
664 2137 888 2220 poenitentiae
912 2147 945 2200 et
969 2133 1189 2199 eucharistiae
1214 2147 1415 2198 sacramenta

290 2235 391 2299 fuisse
415 2235 594 2318 denegata,
631 2234 785 2319 quamvis
810 2251 848 2297 ea
873 2232 1088 2297 vehementer
1111 2232 1353 2319 postulassent,
1386 2236 1414 2296 in

289 2355 356 2418 qua
385 2354 438 2414 re,
475 2330 607 2412 subdit,
643 2330 722 2396 licet
745 2332 845 2396 etiam
877 2332 1014 2396 fortasse
1038 2331 1194 2394 Pontifex
1225 2332 1413 2417 putavisset

289 2430 373 2496 nihil
405 2430 482 2496 mali
514 2453 547 2493 se
573 2430 755 2515 conjuratis
780 2430 942 2514 irrogare,
979 2439 1050 2493 erat
1079 2439 1191 2493 tamen
1224 2429 1259 2492 id
1296 2431 1416 2493 miseris

290 2550 410 2612 magno
443 2527 564 2610 dolori,
595 2527 684 2615 quod
708 2528 862 2593 Pontifici
895 2526 938 2591 ad
963 2525 1145 2613 pleniorem
1178 2525 1340 2592 ultionem
1372 2550 1413 2590 ca-

289 2627 446 2712 piendam
472 2629 550 2690 satis
579 2636 660 2692 erat.
693 2665 735 2673 —
766 2627 841 2690 Non
866 2627 978 2690 minus
1001 2626 1117 2710 iniqua
1149 2625 1298 2714 profecto
1324 2649 1415 2714 quam

289 2726 407 2790 insana
439 2738 488 2788 est
516 2724 573 2788 illa
604 2725 801 2804 insinuatio,
837 2745 904 2808 qua
927 2721 1057 2786 Nicoiai
1090 2722 1189 2788 fidem
1222 2725 1414 2788 catholicam

290 2834 406 2887 auctor
435 2824 537 2906 impie
571 2824 605 2886 in
639 2820 778 2886 dubium
819 2830 970 2902 revocat,
1007 2843 1070 2886 nec
1102 2823 1135 2885 in
1170 2843 1210 2886 ea
1240 2821 1416 2886 refellenda

289 2922 514 2999 immoramur,
539 2939 641 3005 quum
659 2919 855 2983 Pontificem
878 2921 971 3005 pium
996 2941 1035 2983 ac
1053 2918 1235 2984 virtutibus
1257 2921 1412 3004 insignem

289 3018 391 3083 fuisse
415 3039 530 3082 omnes
553 3019 730 3102 scriptores
758 3018 856 3102 aequi
882 3019 1094 3082 conveniant.
1144 3015 1245 3096 Quod
1271 3039 1351 3082 vero
1377 3015 1413 3080 ad

290 3115 541 3200 denegationem
567 3114 658 3179 iliam
681 3125 963 3179 sacramentorum
989 3115 1117 3199 attinet,
1142 3135 1181 3178 ea
1197 3111 1299 3199 plane
1316 3114 1412 3180 aliens

289 3223 360 3277 erat
382 3235 402 3276 a
425 3212 574 3277 moribus
597 3212 770 3278 Ecclesiae
792 3211 973 3292 Romanae,
999 3221 1099 3300 atque
1122 3222 1277 3277 auctores
1301 3215 1356 3300 qui
1380 3209 1413 3272 dc

289 3311 518 3396 conjuratione
542 3311 687 3375 Porcarii
713 3311 926 3396 scripserunt,
952 3319 1041 3374 certe
1063 3329 1134 3373 rem
1159 3319 1226 3374 tam
1253 3309 1411 3376 insolitam

288 3419 458 3474 notassent
481 3420 514 3472 et
536 3410 643 3474 fusius
666 3409 867 3475 retulissent.
905 3408 1050 3472 Tantum
1074 3418 1190 3472 auctor
1204 3407 1317 3474 Diarii
1334 3405 1411 3494 apud

287 3507 492 3572 Infessuram
526 3507 624 3572 dicit:
657 3509 720 3570 Dic
743 3505 805 3571 iiia
837 3507 882 3589 (9.
906 3505 1000 3578 Jantl
1031 3504 1142 3592 laqueo
1173 3509 1324 3594 srssperrsi
1352 3516 1411 3569 auru

288 3607 322 3669 irs
337 3605 489 3691 capitolio
505 3607 572 3669 doc
588 3605 784 3689 confessione
802 3615 832 3667 ct
846 3605 1058 3668 communione
1072 3603 1290 3690 infrascripti.
1322 3604 1342 3669 J
1347 3625 1410 3666 ussu

286 3701 459 3766 Pontificis
481 3713 690 3767 sacramenta
711 3701 874 3780 denegata
891 3725 961 3767 esse
985 3721 1051 3767 nou
1077 3701 1169 3782 dicit,
1194 3723 1258 3765 nec
1276 3701 1409 3766 advertit

287 3802 378 3886 ipsos
401 3811 608 3865 sacramenta
632 3801 777 3886 petiisse.
825 3799 891 3864 Sed
921 3801 1038 3864 merito
1062 3797 1127 3863 hoc
1151 3798 1349 3882 adjunctum
1371 3819 1409 3861 rc·

287 3895 471 3984 putandum
506 3909 555 3962 est
578 3897 715 3978 falsum,
753 3907 785 3962 et
814 3897 857 3962 ab
882 3906 1017 3961 auctore
1042 3897 1167 3979 Diarii,
1204 3895 1341 3963 homine
1362 3895 1408 3982 qni

287 3996 452 4060 seditiosis
476 3995 611 4061 favebat
635 4006 668 4060 et
691 3998 726 4059 in
744 3994 922 4059 Pontifices
945 3993 1043 4059 facile
1060 3994 1248 4060 calumnias
1273 3993 1408 4080 conjicit,

286 4094 406 4158 acerbo
442 4096 553 4158 auimo
589 4093 774 4179 adjectum,
811 4095 892 4179 quin
928 4094 974 4157 rei
1010 4093 1186 4156 veritatem
1221 4093 1405 4179 inquisierit.

286 4191 401 4254 Potuit
423 4191 512 4273 fieri,
549 4201 586 4254 ut
608 4190 656 4256 illi
682 4192 845 4277 conjurati
875 4211 941 4255 non
966 4189 1021 4255 illo
1045 4191 1111 4255 ritu
1143 4189 1187 4254 ad
1212 4199 1407 4255 sacramenta
