2828 4842
340 431 485 500 Expeditio
504 431 625 486 cruciats
644 439 751 498 quarta.
1073 434 1127 488 299

44 573 188 638 Februario
197 597 225 638 a.
235 573 320 640 1203
330 573 353 661 ¹)
363 575 407 640 ad
419 576 664 660 crucesignatos
673 574 799 640 litteras
808 574 910 658 dedit,
923 576 1046 662 quibus
1054 599 1126 663 pro·

42 671 199 737 bibitionem
213 681 311 737 antea
328 675 368 738 iis
383 673 506 738 factam
524 683 769 755 commemorat,
788 673 830 738 ob
844 676 1125 760 expugnationem

39 769 150 834 iaderae
172 771 383 836 vehementer
406 792 462 835 eos
485 772 686 856 perstringit,
712 780 745 835 et
759 781 922 856 postremo
939 771 1124 839 concludit:

39 869 72 930 l'e
90 871 178 954 ipitur
199 869 339 933 addatur
358 878 488 955 peccato
506 861 682 954 peceatum,
707 881 737 932 et
759 869 893 934 inoobis
917 867 1126 956 qnodleqitur

36 965 190 1050 impleatur:
211 968 384 1044 „Peccator
407 969 588 1045 contemnit,
613 991 707 1052 quum
729 969 764 1032 in
782 967 983 1054 profundum
1005 971 1126 1033 uenerit

36 1065 180 1144 rbeum‘ss
202 1066 439 1129 universitatem
461 1076 598 1129 oestrum
620 1089 777 1130 monemus
801 1077 830 1130 et
853 1067 1054 1130 exhortamur
1077 1076 1124 1130 ot·

34 1163 130 1240 rasa,
157 1173 186 1226 et
206 1162 261 1227 sub
285 1165 543 1228 interminatione
567 1166 779 1229 anathematis
801 1164 944 1229 districte
965 1167 1125 1252 proecipi-

34 1281 88 1334 nus,
115 1272 262 1344 quaetenus
285 1261 443 1326 luderem
466 1285 522 1325 nec
544 1262 717 1326 destruatis
740 1262 878 1349 amplius
910 1287 1004 1349 quam
1026 1264 1126 1327 locte-

33 1381 74 1418 uus
92 1369 132 1420 est
153 1359 322 1437 destructa,
345 1383 401 1422 nec
426 1359 548 1424 destrui
563 1359 714 1446 famatis,
739 1372 796 1424 out
816 1371 966 1445 quantum
989 1363 1024 1424 in
1040 1361 1128 1425 eolis

31 1465 63 1514 et
80 1456 192 1521 desani
210 1460 414 1544 permittatis,
439 1459 495 1522 scd
509 1461 633 1522 nuntiis
652 1461 735 1545 reqis
751 1459 889 1547 ejusdem
907 1458 1127 1542 (Huugariae)

31 1549 116 1616 allato
148 1557 254 1619 omnio
277 1559 445 1621 restituere
463 1559 655 1644 procuretis.
703 1557 856 1644 Alioquin
879 1581 933 1621 eos
957 1580 1127 1622 ercamma-

31 1640 172 1716 n'colionis
195 1656 370 1720 sententiae
394 1654 554 1744 subjacere
577 1656 739 1732 noveritis,
763 1665 794 1719 et
817 1679 837 1718 a
854 1657 1018 1742 promisso
1040 1655 1128 1719 uobis

29 1749 97 1808 renio
118 1750 311 1815 remissionis
334 1755 497 1842 immunes.
528 1791 572 1800 -
603 1753 749 1817 Permoti
773 1753 892 1818 litteris
924 1753 1013 1817 hisce
1038 1751 1127 1818 Galli

28 1847 191 1933 episcopum
209 1847 492 1935 suessionensem,
518 1851 698 1915 Martinam
721 1850 888 1933 abbatem,
913 1859 946 1914 et
960 1850 1127 1915 loannem

28 1941 221 2011 Parisiensem
245 1951 365 2012 misere
390 1950 432 2014 ad
457 1950 701 2030 Innocentium,
727 1971 824 2034 quem
851 1949 974 2038 flencre
997 1948 1040 2013 ad
1065 1947 1126 2012 cle-

27 2043 169 2125 nentiam,
196 2044 352 2133 illiusque
371 2047 467 2132 jussu
491 2071 511 2112 a
535 2050 683 2112 censuris
708 2047 804 2112 soluti
821 2056 907 2128 sunt,
933 2067 1127 2110 cumsacra-

26 2151 114 2202 mento
135 2143 228 2228 prius
252 2165 288 2209 se
312 2145 557 2226 devinxissent,
582 2145 762 2231 pontificiis
792 2143 947 2210 omnibus
979 2145 1128 2230 imperiis

24 2235 55 2298 ad
70 2243 241 2322 praeterita
255 2242 425 2328 expianda
441 2265 476 2306 sc
492 2242 712 2328 obsequentes
736 2243 874 2323 futuros,
898 2263 1003 2328 eaque
1028 2242 1068 2306 de
1092 2265 1127 2306 re

26 2333 173 2416 publicum
205 2340 435 2426 syngraphum
468 2340 691 2405 tradidissent.
742 2340 882 2421 „Veneti
913 2361 1002 2421 vero,
1033 2339 1128 2425 ajunt

27 2429 113 2512 Gens,
136 2447 297 2523 tanquam
322 2441 379 2524 qui
402 2437 582 2522 gloriantes
605 2461 708 2524 quum
733 2438 991 2521 malefecerint,
1016 2448 1048 2502 ct
1072 2461 1127 2502 ex·

25 2527 107 2594 ultant
134 2534 168 2598 in
202 2535 302 2600 rebus
332 2538 495 2623 pessimis,
534 2558 595 2600 nec
629 2537 672 2601 ad
696 2537 933 2622 poenitentiam
957 2536 1122 2618 agendam

25 2647 67 2692 nce
93 2631 132 2694 ad
156 2632 400 2720 indulgentiam
430 2633 672 2719 implorandam
705 2633 880 2698 voluerunt
909 2633 1119 2719 aliquatenus

25 2723 181 2795 inclinari.“
219 2731 378 2796 Pontifex
401 2732 548 2819 quidem,
574 2731 653 2797 dum
678 2730 841 2796 militibus
865 2729 969 2796 Gallis
992 2733 1126 2796 veniam

24 2836 46 2882 tt
76 2829 373 2894 reconciliationem
410 2832 588 2911 concessit,
628 2851 687 2914 per
716 2831 872 2894 nuntium
906 2828 1004 2893 simul
1037 2831 1128 2892 misit

25 2917 133 3006 litteras,
161 2927 287 3013 quibus
312 2927 432 2992 Veneti
457 2927 670 2991 anathemate
693 2926 894 3010 ligabantur,
925 2929 989 2991 nisi
1014 2928 1126 3012 resipi-

24 3033 135 3089 scerent.
165 3025 371 3088 Prudentiae
394 3035 507 3088 tamen
532 3027 660 3089 censuit
682 3025 876 3089 Bonifacius
900 3024 1058 3105 marchio,
1083 3023 1127 3088 ad

23 3128 127 3202 tempus
156 3144 214 3186 eas
245 3121 371 3187 litteras
403 3124 620 3208 supprimere,
654 3145 694 3186 nc
727 3123 864 3186 Venetis
894 3121 1127 3186 recedentibus

23 3225 88 3278 totus
118 3222 422 3305 crucesignatorum
455 3221 622 3284 exercitus
653 3219 898 3284 dissolveretur.
944 3220 994 3284 Ea
1026 3220 1068 3283 de
1092 3242 1127 3284 re

24 3313 128 3398 scripsit
150 3317 194 3380 ad
220 3317 426 3400 Pontificem,
451 3319 509 3404 qui
533 3320 703 3404 acquievit
727 3317 815 3382 illius
839 3316 995 3400 consili03
1028 3317 1126 3382 simul

23 3407 168 3497 disposuit,
206 3437 272 3501 qua
295 3418 422 3480 ratione
446 3417 627 3501 crucigeris
656 3416 766 3502 quoad
790 3415 935 3480 Venetos
959 3416 1126 3500 agendum

23 3521 95 3590 essct,
117 3523 217 3598 atque
240 3514 401 3600 permisit,
434 3523 472 3577 ut
493 3513 639 3578 navibus
663 3535 787 3596 eorum,
818 3515 972 3599 quamvis
996 3535 1126 3578 excom·

24 3611 156 3675 nunicati
186 3622 314 3693 essent,
351 3625 455 3697 usque
488 3611 531 3676 ad
568 3622 689 3678 terram
720 3625 870 3676 sanctam
902 3614 949 3675 uti
982 3621 1125 3698 possent

24 3703 170 3786 significat
193 3710 306 3792 etiam,
331 3731 365 3774 se
389 3709 432 3774 ad
447 3708 607 3774 Alexium
623 3710 675 3775 III
698 3711 936 3796 Imperatorem
953 3709 1125 3774 OPtennm

23 3824 73 3864 essa
93 3809 302 3893 scripturum,
327 3816 364 3871 ut
387 3806 548 3872 victualia
573 3809 653 3894 ipsis
678 3808 942 3893 praebeantur.²)

78 4045 94 4108 ¹]
111 4047 141 4101 V.
159 4047 310 4111 Pottbsst‚
328 4047 452 4116 Regesne
469 4063 515 4102 nn.
538 4047 724 4103 lats-1849.

28 4211 30 4216 Ι
60 4135 94 4264 ς’)
111 4136 162 4191 on.
176 4136 315 4271 Pot7tbast
334 4137 403 4205 Reg.
422 4154 447 4191 n.
462 4136 537 4194 1947.
558 4153 598 4204 ep.
621 4138 653 4192 Si
671 4151 732 4191 acre
752 4153 807 4204 oos,
827 4137 891 4192 dd.
911 4139 946 4192 20
958 4136 1035 4192 lunii
1048 4137 1125 4200 1203,

27 4225 45 4262 tu
69 4220 137 4271 satis
155 4236 180 4272 n.
199 4221 218 4274 8
238 4258 245 4271 .

1167 971 1265 1010 Severus

1156 1032 1274 1073 Pontificio

1166 1095 1264 1136 litteras.
