2964 4838
319 427 374 480 out
446 425 557 482 XXXV.
577 427 617 480 De
636 425 736 480 concil.
755 425 904 482 Basileeusi
924 443 955 480 ao
973 427 1006 481 de
1024 427 1130 495 syuodo
1148 427 1311 484 Florentius.

321 568 471 634 Amadeo
496 568 583 634 illius
608 569 739 636 concilii
757 572 908 657 principe
932 581 1040 634 errato
1064 593 1123 634 aaa
1145 583 1371 658 recopoosceatc
1392 596 1425 634 oc

320 667 494 752 confitente,
522 678 552 730 et
568 667 762 754 poenitente,
791 679 824 731 et
847 667 1023 734 sanctitati
1046 690 1127 732 auae
1151 679 1188 732 ut
1210 691 1271 754 par
1293 681 1357 733 erat
1378 670 1425 732 ad·
1464 739 1465 750 ,

321 763 489 848 haerente,
515 763 710 829 dissolveret
734 763 932 851 deleretque.
966 765 1079 850 Ipsum
1105 767 1194 830 enim
1211 765 1372 831 Romanae
1393 791 1426 830 ac

321 863 505 928 catholicae
527 864 712 948 Ecclesiae,
743 865 798 928 ubi
827 873 944 930 veteres
961 863 1120 951 perfidiae
1144 887 1220 928 ettae
1253 887 1368 929 errores
1387 890 1427 928 re·

320 963 472 1046 copoovit,
491 961 701 1027 Cardinalem
714 971 831 1048 sponte
847 974 1033 1026 creaverat:
1059 961 1148 1048 quod
1162 962 1279 1046 solum,
1296 965 1427 1029 unicum.
1464 963 1465 1016 l

320 1067 502 1125 etcertum
527 1059 730 1126 dissolvendi
756 1059 844 1124 illius
867 1058 1000 1124 concilii
1024 1061 1210 1125 remedium
1226 1063 1428 1125 conveniens·

320 1180 385 1244 que
420 1167 452 1222 et
487 1158 643 1223 idoneum
679 1156 842 1244 ejusmodi
879 1157 1104 1223 dissolutionis
1139 1158 1326 1224 antidotum
1359 1157 1428 1236 fore,

320 1278 380 1320 sua
417 1258 581 1341 sapientia
620 1257 901 1320 existimaverat.“
916 1258 940 1334 ¹)
1000 1256 1054 1321 Ita
1091 1259 1191 1322 etiam
1230 1256 1428 1321 Ludovicum

321 1352 549 1417 Arelatensem
586 1356 802 1438 praecipuum
834 1353 977 1418 Amadei
1017 1376 1208 1441 sequacem,
1242 1365 1350 1419 errata
1380 1377 1430 1418 sua

320 1453 495 1536 agnovisse
519 1473 698 1538 eorumque
723 1453 832 1537 ipsum
857 1453 1071 1537 poenituisse,
1103 1474 1169 1517 nou
1193 1461 1243 1516 est
1267 1475 1327 1516 cur
1349 1452 1430 1517 dubi·

320 1559 437 1616 temus.
485 1548 619 1614 Sincere
651 1559 739 1613 certe
770 1570 804 1612 se
836 1546 973 1613 Nicolao
997 1550 1028 1613 V
1064 1549 1216 1636 subjecit,
1257 1551 1430 1636 multosque

321 1647 444 1712 dicitur
466 1645 641 1732 pertulisse
663 1646 792 1711 labores
822 1645 865 1710 ad
899 1647 1044 1711 schisma
1067 1650 1199 1733 penitus
1231 1652 1431 1734 exstinguen-

151 1759 205 1800 vra
224 1744 412 1808 reuredum.
458 1744 529 1809 Nec
552 1743 763 1808 Arelatenses
796 1766 872 1808 eum
897 1746 932 1808 in
956 1755 1049 1808 tanta
1073 1749 1288 1811 veneratione
1312 1746 1429 1812 habuis-

321 1852 403 1923 sent,
434 1843 498 1922 nisi
522 1843 696 1928 opiniones
719 1844 900 1930 anteriores
923 1842 1108 1928 abjecisset.
1156 1844 1322 1930 Tempore
1346 1846 1430 1909 schis-

322 1943 420 2007 matis
452 1939 610 2004 videlicet
638 1937 849 2004 Arelatenses
880 1939 1103 2005 adhaeserunt
1133 1941 1285 2026 Eugenio
1317 1943 1377 2024 IV,
1406 1961 1429 2005 et

321 2061 424 2126 quum
454 2037 647 2103 Ludovicus
685 2049 764 2101 tunc
803 2037 977 2102 ecclesiam
1018 2059 1111 2102 suam
1152 2041 1296 2106 invisere
1337 2042 1427 2107 vellet

322 2138 463 2222 pessime
487 2146 639 2221 receptus
662 2146 720 2199 est.
769 2134 834 2200 Sed
859 2146 933 2221 poet
957 2136 1262 2203 reconciliationem
1286 2163 1366 2204 cum
1388 2139 1427 2204 lii·

323 2234 415 2300 colao
439 2235 470 2298 V
501 2256 576 2298 eum
608 2236 642 2299 in
673 2233 813 2298 ecclesia
845 2256 906 2298 sua
936 2256 1057 2318 magno
1083 2257 1159 2300 cum
1183 2236 1309 2302 honore
1335 2239 1428 2307 fuisse,

322 2335 440 2418 ingens
455 2354 635 2397 concursus
651 2333 750 2396 totius
767 2333 960 2417 provinciae
975 2332 1018 2397 ad
1031 2336 1189 2420 exequias
1202 2335 1274 2421 ejus
1290 2337 1427 2400 ostendit

323 2433 363 2496 In
388 2431 556 2518 epitaphio
582 2453 659 2495 vero
685 2430 851 2516 sepulchri
876 2433 1025 2515 apposite
1042 2433 1238 2518 inscriptum
1255 2433 1335 2498 fuit:
1363 2435 1429 2516 ,De

324 2540 400 2595 vote
438 2532 529 2594 viam
568 2538 618 2593 est
655 2530 831 2592 universae
870 2531 979 2594 carnis
1010 2538 1043 2592 et
1071 2528 1221 2594 catholice
1245 2533 1428 2617 ingressus.“

325 2629 536 2714 Quapropter
551 2625 771 2706 Arelatenses,
796 2628 854 2712 qui
871 2641 1018 2711 tempore
1042 2627 1232 2692 schismatis
1246 2629 1431 2694 aversaban-

324 2738 378 2791 tur
401 2725 623 2807 Ludovicum,
655 2725 780 2810 quique
809 2746 886 2789 eum
917 2726 951 2788 in
982 2727 1133 2812 exequiis
1166 2728 1250 2792 miro
1282 2749 1428 2793 concursu

324 2825 538 2906 honorarunt,
573 2823 652 2887 dum
677 2823 856 2887 observant
886 2822 1035 2887 catholice
1067 2822 1262 2889 defunctum
1287 2849 1368 2905 esse,
1393 2839 1432 2889 sat

325 2923 412 2989 clare
443 2924 624 3000 insinuant,
664 2920 858 2984 defunctum
892 2943 958 2984 non
988 2943 1059 2985 esse
1090 2923 1125 2985 in
1149 2923 1189 2987 iis
1220 2923 1431 3008 opinionibus.

324 3044 407 3109 quas
431 3032 578 3106 tempore
602 3019 770 3083 shismatis
794 3019 997 3084 defenderat.

416 3120 468 3184 ta.
515 3118 593 3183 Post
616 3127 754 3182 mortem
779 3138 875 3202 porro
900 3137 978 3180 mox
1003 3116 1114 3181 multis
1145 3117 1316 3183 miraculis
1340 3117 1431 3182 Ludo·

325 3221 421 3282 vicus
461 3216 625 3281 inclaruit.
673 3214 857 3299 Dionysius
895 3213 1159 3280 Sanmarthanus
1196 3215 1277 3281 Τ.Ῑ
1317 3215 1431 3282 Galliae

325 3317 526 3383 christianae
558 3311 691 3378 scribit:
729 3313 823 3377 Auno
854 3309 1013 3389 MGDLI,
1044 3312 1125 3376 XIX
1144 3311 1307 3378 Jaauarii
1337 3339 1372 3377 oc
1397 3336 1430 3375 se·

324 3413 491 3502 quenlibet
515 3411 633 3490 dicbus,
657 3411 841 3497 inquisitam
865 3419 912 3472 eet
934 3410 970 3472 in
992 3407 1158 3489 miracala,
1186 3433 1267 3496 quae
1291 3413 1388 3476 variis
1406 3413 1429 3470 ir

325 3511 405 3576 locis
422 3520 624 3599 patraverat.
660 3509 765 3598 Hujus
790 3518 894 3572 autem
917 3508 1134 3593 inquisitionis
1149 3508 1231 3572 Acta
1254 3511 1291 3573 in
1314 3510 1431 3574 orcit'rit

325 3609 474 3674 ecclesiae
499 3605 692 3672 cathedralis
715 3605 961 3688 asservantur.²)
1009 3605 1119 3691 Atque
1143 3607 1277 3671 Aeneas
1300 3607 1429 3692 Sylvius.

327 3730 386 3774 seu
401 3707 481 3771 Pius
497 3705 540 3788 lI,
566 3708 600 3769 in
623 3727 683 3769 sua
700 3705 833 3790 Europa
856 3703 1076 3786 (c.a.1458):
1100 3705 1140 3768 In
1156 3705 1298 3784 Arelate,
1322 3709 1376 3785 ait,
1396 3700 1430 3766 od

404 3967 422 4033 Ι)
441 3965 474 4020 V.
495 3962 628 4018 Muratori
647 3961 702 4016 Ser.
721 3961 757 4018 It.
777 3961 808 4016 T.
826 3959 878 4016 ΙΙΙ.
897 3959 927 4015 P.
947 3960 984 4014 H.
1004 3977 1029 4029 p.
1048 3961 1101 4015 922

401 4045 425 4114 ²)
445 4043 534 4098 Gallia
558 4041 650 4097 christ.
669 4041 700 4098 Τ.
717 4039 742 4098 1.
761 4040 955 4104 Instrumenta,
981 4057 1005 4109 p.
1028 4041 1086 4095 103.
1117 4069 1148 4080 -
1177 4040 1260 4095 Forte
1284 4039 1380 4107 epoche
1400 4037 1429 4089 iu·

326 4125 484 4193 qulsitionis
502 4138 629 4190 expressa
648 4127 691 4176 est
709 4120 785 4174 modo
804 4121 900 4184 veteri,
919 4136 971 4188 quo
989 4135 1077 4175 annus
1089 4119 1429 4174 inchoabatursPaeshstr.

326 4213 358 4260 et
376 4206 415 4260 sic
433 4203 575 4271 inquisitio
594 4203 669 4257 facta
688 4201 750 4255 inde
769 4217 785 4255 s
804 4201 847 4255 die
868 4203 915 4255 19⁰
933 4201 1059 4256 Januarii
1078 4217 1101 4256 a
1123 4202 1199 4255 1452.
