2844 4840
367 461 406 514 De
426 459 556 514 electione
575 459 720 513 Clementis
740 458 771 512 V.
1093 461 1128 512 89

30 605 203 689 promiscua,
234 605 332 668 ruina
356 603 505 668 cadentis
530 604 625 683 muri,
658 602 737 666 dum
762 601 899 667 solemni
926 623 1046 688 pompa
1070 625 1129 688 per

29 702 126 766 urbem
149 701 301 766 Pontifex
334 702 536 787 procederet,
568 702 715 787 oppressi
740 711 773 764 et
797 700 899 765 collisi
925 710 1010 764 sunt.
1059 699 1128 766 Ole-

29 823 209 886 menseque
241 799 407 886 delapsuS,
446 821 586 864 excussa
615 801 709 878 tiara,
749 799 987 864 carbunculum
1019 801 1130 864 amisit

27 901 152 982 ingentis
175 901 282 984 pretii.
298 937 342 946 —
358 898 420 963 His
443 898 601 983 auspiciis
624 897 795 984 pontificia
812 896 915 962 Sedes
938 899 971 961 in
986 897 1129 962 Galliam

26 995 165 1060 nanslata
188 1008 247 1076 est,
272 1017 348 1060 cum
374 1017 493 1080 magno
517 995 721 1080 reipublicae
746 994 945 1058 christianae
969 1007 1001 1059 et
1024 995 1130 1081 publi·

26 1117 73 1157 cae
93 1097 182 1180 pacis
206 1093 360 1158 initalia
383 1093 591 1174 detrimento,
617 1093 729 1179 ibique
753 1093 896 1179 amplius
920 1096 1130 1190 septuaginta

25 1194 108 1256 annis
130 1193 321 1279 permansit,
346 1213 445 1277 quarn
470 1213 596 1256 moram
621 1203 794 1277 propterea
817 1193 1045 1277 captivitatem
1070 1191 1130 1256 Ba-

25 1289 199 1372 bylonicam
223 1289 299 1354 Itali
324 1299 570 1375 nuncuparunt.

103 1398 151 1462 12.
188 1397 328 1461 Peracta
352 1397 558 1460 solemnitate
582 1417 690 1461 novus
715 1396 870 1460 Pontifex
894 1395 1131 1461 Columucnses

24 1498 169 1576 pristinae
190 1497 336 1560 restituit
359 1496 524 1579 dignitati,
549 1517 669 1559 novam
694 1492 776 1558 alios
801 1492 994 1559 Cardinalcs
1018 1495 1132 1560 Gallos

23 1608 48 1654 et
74 1615 172 1657 uncam
199 1593 345 1677 Anglum
370 1595 506 1672 creavit,
547 1604 579 1656 et
617 1593 764 1658 decimas
799 1595 832 1656 in
866 1595 1130 1678 quinquennium

22 1693 80 1774 regi
103 1691 297 1772 attribuit.¹)
333 1729 376 1738 —
410 1689 688 1756 Constitutionem
713 1689 791 1754 dein
814 1691 973 1755 Bonifatii
1002 1689 1132 1755 Clerioie

23 1789 110 1852 laicos
133 1788 318 1875 abrogavit,
353 1789 404 1854 vel
431 1791 539 1876 potius
563 1812 601 1853 eo
626 1787 734 1870 modo,
769 1811 833 1874 quo
857 1789 1058 1854 Benedictus
1082 1790 1132 1856 XI

17 1889 76 1970 jam
91 1887 223 1969 fecerat,
248 1890 457 1974 temperarit,
482 1889 528 1952 ita
546 1897 584 1974 ut
599 1889 737 1973 antiqua
752 1885 975 1952 Conciliorum
1001 1887 1132 1952 decreta

21 1985 118 2069 quoad
143 1985 342 2050 tributorum
367 1987 610 2072 impositionem
635 1983 800 2049 servanda
824 1985 1021 2067 declararet,
1045 2007 1134 2050 nova

20 2093 117 2146 eutem
145 2105 232 2170 quae
255 2084 444 2148 Bonifatius
467 2083 642 2148 addiderat
670 2085 962 2169 supprimerentur.
1010 2083 1134 2169 Philip·

20 2203 72 2264 pus
93 2203 155 2244 rex
180 2181 370 2247 omnimodo
394 2204 413 2246 a
439 2180 609 2246 Clemente
640 2182 740 2245 etiam
769 2179 958 2265 postulavit,
991 2192 1027 2245 ut
1051 2179 1133 2246 Con·
1180 2248 1248 2275 „rm

20 2281 216 2343 stitutionem
250 2281 407 2345 Bonifatii
434 2280 518 2344 VlII
555 2279 657 2344 Unam
685 2289 826 2342 sanctam
858 2279 1041 2364 abrogaret,
1077 2280 1135 2345 sed

20 2375 91 2440 nihil
115 2377 162 2441 ab
187 2400 225 2442 eo
249 2380 450 2462 impetravit,
475 2379 538 2442 nisi
555 2377 751 2441 benevolam
770 2377 879 2463 quoad
903 2376 1135 2442 hancBullam

19 2474 282 2559 declarationem,
307 2498 405 2561 quam
431 2476 587 2540 Pontifex
613 2475 667 2539 die
695 2476 730 2538 l⁰
754 2475 928 2540 Februarii
952 2479 1030 2539 anni
1050 2476 1136 2540 1306

19 2575 128 2656 emisit,
172 2595 323 2660 quaeque
357 2576 443 2638 inter
472 2573 664 2638 Decretales
697 2572 799 2636 relata
831 2583 889 2638 est.
937 2573 997 2637 Est
1025 2586 1135 2638 autem

18 2669 89 2735 baec
114 2671 298 2736 declaratio
322 2672 505 2758 ejusmodi:
531 2673 651 2736 oleata
673 2673 851 2735 charissimi
864 2669 934 2754 filii
947 2673 1049 2735 aorici
1064 2673 1136 2735 Pai-

20 2767 103 2856 b'ppi,
128 2773 217 2855 repis
234 2771 426 2834 Francorum
440 2769 588 2848 illaesis,
610 2771 750 2834 sittcerue
774 2767 951 2855 affectionis
973 2769 1086 2833 adesos
1109 2780 1139 2833 et

18 2865 187 2932 Ecclesiam
203 2871 379 2932 Bouianum
403 2870 578 2954 integritas,
604 2879 633 2930 et
643 2869 882 2954 progenitorum
897 2889 1023 2931 sciolum
1040 2891 1136 2954 proe-

16 2967 97 3030 ciara
123 2970 240 3031 rue-rita
264 2978 460 3046 maumam
483 2968 742 3051 maestitiamque
759 2963 988 3050 aepisicolarum
1007 2966 1139 3051 prioritas

17 3089 48 3126 oc
69 3067 251 3130 denotionis
275 3067 451 3147 sirica-icas,
483 3075 518 3128 ut
542 3075 607 3132 tuat
629 3085 729 3148 repam
753 3085 846 3148 φιαηι
868 3087 996 3148 capuam
1019 3062 1138 3148 fauore

16 3161 158 3230 beneseto
168 3187 408 3251 prosequamur.
448 3164 533 3226 Hiac
557 3172 612 3240 eat,
636 3160 720 3246 qaod
742 3181 799 3224 aas
823 3162 890 3246 cepi
913 3172 942 3222 et
964 3183 1058 3246 reptio
1080 3187 1139 3247 per

17 3263 229 3344 dqiaitionem
271 3273 300 3325 et
341 3261 589 3325 declarationem
628 3259 728 3340 boaae
770 3261 937 3321 memoriae
976 3259 1139 3345 Bonifatii

13 3362 265 3444 praedecessoris
288 3361 391 3422 riustri
417 3359 537 3423 Uitam
563 3369 759 3432 sanctam,
783 3354 904 3420 tirellum
928 3355 1068 3419 volrluura
1091 3355 1140 3420 vel

16 3460 207 3522 intendimus
236 3457 469 3546 praejudicium
500 3457 656 3540 peracturi,
687 3479 743 3518 aec
766 3453 850 3539 qaod
871 3479 934 3539 per
957 3452 1047 3518 illam
1070 3478 1138 3532 rece,

16 3581 148 3642 requam,
173 3567 203 3620 ct
217 3555 395 3642 regnicolas
406 3554 586 3641 praelibati
600 3553 739 3639 amplias
753 3551 912 3616 Ecclesiae
929 3552 992 3615 sint
1008 3551 1140 3642 coabjecti

18 3657 189 3732 lienteriae,
222 3675 314 3738 quam
344 3665 440 3717 antea
470 3651 664 3730 eccistebaatg
703 3651 759 3713 sed
790 3651 897 3712 amaia
919 3647 1140 3733 intelligantur·

16 3752 42 3809 in
66 3753 176 3815 eodem
201 3773 266 3816 ease
290 3761 385 3830 states,
414 3775 473 3837 qao
498 3762 590 3814 eraut
615 3761 688 3814 aule
712 3747 922 3831 deflrtiliouem
941 3747 1139 3833 proqfatam,

36 3917 87 3922 -..
106 3915 229 3923 ...—-

83 4002 104 4064 ¹l
126 4001 274 4068 Philippus
284 3999 399 4054 Pulcher
420 4007 538 4065 tempore
559 3996 637 4065 regui
657 3995 698 4050 sui
719 3997 751 4049 st
774 3994 876 4049 vicibus
896 3993 1012 4048 decimes
1032 3995 1140 4050 aClero

16 4083 119 4149 accepit,
141 4089 170 4136 et
191 4095 296 4134 summa
316 4079 427 4148 integra
446 4094 526 4145 quarn
542 4091 575 4131 ex
588 4077 629 4130 his
648 4075 760 4144 collegit
774 4074 865 4128 calore
884 4074 1011 4128 hodierno
1031 4077 1140 4144 argenti

14 4163 111 4218 excedit
130 4161 189 4216 400
210 4159 344 4214 milliones
362 4159 523 4214 francorum.
545 4155 747 4218 Cir.Boutaric‚
768 4155 807 4209 La
821 4155 992 4208 Francesous
1005 4155 1141 4224 Philippe-

17 4243 103 4308 lessel,
123 4243 157 4298 L.
178 4241 215 4295 X.
236 4239 283 4296 Ch.
304 4239 354 4294 ΙΙΙ.
375 4256 399 4308 p.
418 4239 481 4294 ⁶297.
