<?xml version="1.0" encoding="UTF-8"?>
<!DOCTYPE html PUBLIC "-//W3C//DTD XHTML 1.0 Transitional//EN"
    "http://www.w3.org/TR/xhtml1/DTD/xhtml1-transitional.dtd">
<html xmlns="http://www.w3.org/1999/xhtml" xml:lang="en" lang="en">
 <head>
  <title>
</title>
<meta http-equiv="Content-Type" content="text/html;charset=utf-8" />
  <meta name='ocr-system' content='tesseract 3.04.00' />
  <meta name='ocr-capabilities' content='ocr_page ocr_carea ocr_par ocr_line ocrx_word'/>
</head>
<body>
  <div class='ocr_page' id='page_1' title='image "./dissertationess00junggoog_0751.png"; bbox 0 0 2868 4844; ppageno 0'>
   <div class='ocr_carea' id='block_1_1' title="bbox 293 404 1214 464">
    <p class='ocr_par' dir='ltr' id='par_1_1' title="bbox 293 404 1214 464">
     <span class='ocr_line' id='line_1_1' title="bbox 293 404 1214 464; baseline 0.003 -7"><span class='ocrx_word' id='word_1_1' title='bbox 293 405 346 458; x_wconf 83' lang='grc'><strong>218</strong></span> <span class='ocrx_word' id='word_1_2' title='bbox 491 404 606 461; x_wconf 83' lang='lat' dir='ltr'>XXXII.</span> <span class='ocrx_word' id='word_1_3' title='bbox 626 405 665 458; x_wconf 93' lang='lat' dir='ltr'><strong>De</strong></span> <span class='ocrx_word' id='word_1_4' title='bbox 684 406 861 462; x_wconf 86' lang='lat' dir='ltr'><strong>Pontificibus</strong></span> <span class='ocrx_word' id='word_1_5' title='bbox 881 409 1020 464; x_wconf 82' lang='lat' dir='ltr'><strong>Aveuione</strong></span> <span class='ocrx_word' id='word_1_6' title='bbox 1039 411 1214 464; x_wconf 85' lang='lat' dir='ltr'><strong>commoratis.</strong></span> 
     </span>
    </p>
   </div>
   <div class='ocr_carea' id='block_1_2' title="bbox 230 550 1421 1323">
    <p class='ocr_par' dir='ltr' id='par_1_2' title="bbox 230 550 1421 1323">
     <span class='ocr_line' id='line_1_2' title="bbox 294 550 1395 634; baseline 0.005 -23"><span class='ocrx_word' id='word_1_7' title='bbox 294 551 462 612; x_wconf 88' lang='lat' dir='ltr'><strong>variorum</strong></span> <span class='ocrx_word' id='word_1_8' title='bbox 493 559 666 613; x_wconf 90' lang='lat' dir='ltr'><strong>auctorum</strong></span> <span class='ocrx_word' id='word_1_9' title='bbox 699 550 741 614; x_wconf 93' lang='lat' dir='ltr'><strong>de</strong></span> <span class='ocrx_word' id='word_1_10' title='bbox 774 552 1063 634; x_wconf 88' lang='lat' dir='ltr'><strong>reservationibus,</strong></span> <span class='ocrx_word' id='word_1_11' title='bbox 1104 558 1232 618; x_wconf 85' lang='lat' dir='ltr'><strong>annatia</strong></span> <span class='ocrx_word' id='word_1_12' title='bbox 1259 569 1290 617; x_wconf 86' lang='lat' dir='ltr'><strong>et</strong></span> <span class='ocrx_word' id='word_1_13' title='bbox 1320 577 1395 617; x_wconf 87' lang='lat' dir='ltr'><strong>com-</strong></span> 
     </span>
     <span class='ocr_line' id='line_1_3' title="bbox 293 646 1395 735; baseline 0.005 -26"><span class='ocrx_word' id='word_1_14' title='bbox 293 647 433 711; x_wconf 91' lang='lat' dir='ltr'><strong>mendis.</strong></span> <span class='ocrx_word' id='word_1_15' title='bbox 480 646 547 710; x_wconf 87' lang='lat' dir='ltr'><strong>Eas</strong></span> <span class='ocrx_word' id='word_1_16' title='bbox 571 647 605 711; x_wconf 92' lang='lat' dir='ltr'><strong>in</strong></span> <span class='ocrx_word' id='word_1_17' title='bbox 631 647 781 712; x_wconf 80' lang='lat' dir='ltr'><strong>Ecclesia</strong></span> <span class='ocrx_word' id='word_1_18' title='bbox 811 651 949 735; x_wconf 89' lang='lat' dir='ltr'><strong>antiqua</strong></span> <span class='ocrx_word' id='word_1_19' title='bbox 973 653 1161 733; x_wconf 84' lang='lat' dir='ltr'><strong>incognitas</strong></span> <span class='ocrx_word' id='word_1_20' title='bbox 1183 663 1215 715; x_wconf 89' lang='lat' dir='ltr'><strong>et</strong></span> <span class='ocrx_word' id='word_1_21' title='bbox 1236 675 1254 715; x_wconf 89' lang='lat' dir='ltr'><strong>a</strong></span> <span class='ocrx_word' id='word_1_22' title='bbox 1275 652 1395 715; x_wconf 90' lang='lat' dir='ltr'><strong>Pontiti-</strong></span> 
     </span>
     <span class='ocr_line' id='line_1_4' title="bbox 293 743 1396 833; baseline 0.004 -26"><span class='ocrx_word' id='word_1_23' title='bbox 293 743 388 808; x_wconf 87' lang='lat' dir='ltr'><strong>cibus</strong></span> <span class='ocrx_word' id='word_1_24' title='bbox 411 745 703 809; x_wconf 81' lang='lat' dir='ltr'><strong>Avenionensibus</strong></span> <span class='ocrx_word' id='word_1_25' title='bbox 727 746 942 828; x_wconf 87' lang='lat' dir='ltr'><strong>introductas,</strong></span> <span class='ocrx_word' id='word_1_26' title='bbox 977 748 1127 833; x_wconf 87' lang='lat' dir='ltr'><strong>injustas,</strong></span> <span class='ocrx_word' id='word_1_27' title='bbox 1162 747 1396 814; x_wconf 92' lang='lat' dir='ltr'><strong>Ordinariorum</strong></span> 
     </span>
     <span class='ocr_line' id='line_1_5' title="bbox 230 841 1397 931; baseline 0.003 -26"><span class='ocrx_word' id='word_1_28' title='bbox 230 861 233 871; x_wconf 82' lang='grc'><em>“</em></span> <span class='ocrx_word' id='word_1_29' title='bbox 287 841 421 928; x_wconf 89' lang='lat' dir='ltr'><strong>juribus</strong></span> <span class='ocrx_word' id='word_1_30' title='bbox 445 845 612 928; x_wconf 86' lang='lat' dir='ltr'><strong>oppositas</strong></span> <span class='ocrx_word' id='word_1_31' title='bbox 635 853 668 906; x_wconf 88' lang='lat' dir='ltr'><strong>et</strong></span> <span class='ocrx_word' id='word_1_32' title='bbox 682 842 830 909; x_wconf 86' lang='lat' dir='ltr'><strong>ecclesiis</strong></span> <span class='ocrx_word' id='word_1_33' title='bbox 842 844 1091 911; x_wconf 86' lang='lat' dir='ltr'><strong>molestissimas</strong></span> <span class='ocrx_word' id='word_1_34' title='bbox 1107 845 1264 911; x_wconf 85' lang='lat' dir='ltr'><strong>dixerunt</strong></span> <span class='ocrx_word' id='word_1_35' title='bbox 1275 849 1397 931; x_wconf 89' lang='lat' dir='ltr'><strong>scripto·</strong></span> 
     </span>
     <span class='ocr_line' id='line_1_6' title="bbox 292 942 1398 1028; baseline 0.002 -24"><span class='ocrx_word' id='word_1_36' title='bbox 292 963 345 1005; x_wconf 90' lang='lat' dir='ltr'><strong>res</strong></span> <span class='ocrx_word' id='word_1_37' title='bbox 378 963 442 1005; x_wconf 92' lang='lat' dir='ltr'><strong>non</strong></span> <span class='ocrx_word' id='word_1_38' title='bbox 479 942 577 1025; x_wconf 89' lang='lat' dir='ltr'><strong>pauci</strong></span> <span class='ocrx_word' id='word_1_39' title='bbox 613 963 690 1025; x_wconf 85' lang='lat' dir='ltr'><strong>erga</strong></span> <span class='ocrx_word' id='word_1_40' title='bbox 726 943 951 1028; x_wconf 84' lang='lat' dir='ltr'><strong>Apostolicam</strong></span> <span class='ocrx_word' id='word_1_41' title='bbox 985 943 1105 1010; x_wconf 85' lang='lat' dir='ltr'><strong>Sedem</strong></span> <span class='ocrx_word' id='word_1_42' title='bbox 1146 944 1231 1009; x_wconf 91' lang='lat' dir='ltr'><strong>male</strong></span> <span class='ocrx_word' id='word_1_43' title='bbox 1264 946 1398 1009; x_wconf 88' lang='lat' dir='ltr'><strong>animati.</strong></span> 
     </span>
     <span class='ocr_line' id='line_1_7' title="bbox 295 1038 1421 1123; baseline 0.002 -21"><span class='ocrx_word' id='word_1_44' title='bbox 295 1038 531 1119; x_wconf 80' lang='lat' dir='ltr'><strong>Quaestionem</strong></span> <span class='ocrx_word' id='word_1_45' title='bbox 564 1041 664 1123; x_wconf 85' lang='lat' dir='ltr'><strong>igitur</strong></span> <span class='ocrx_word' id='word_1_46' title='bbox 698 1040 784 1105; x_wconf 89' lang='lat' dir='ltr'><strong>hanc</strong></span> <span class='ocrx_word' id='word_1_47' title='bbox 815 1045 1007 1106; x_wconf 89' lang='lat' dir='ltr'><strong>examinare</strong></span> <span class='ocrx_word' id='word_1_48' title='bbox 1038 1043 1206 1122; x_wconf 90' lang='lat' dir='ltr'><strong>convenit,</strong></span> <span class='ocrx_word' id='word_1_49' title='bbox 1234 1043 1277 1105; x_wconf 86' lang='lat' dir='ltr'><strong>ita</strong></span> <span class='ocrx_word' id='word_1_50' title='bbox 1300 1053 1421 1105; x_wconf 50' lang='lat' dir='ltr'><strong>tament</strong></span> 
     </span>
     <span class='ocr_line' id='line_1_8' title="bbox 292 1138 1400 1225; baseline -0.001 -24"><span class='ocrx_word' id='word_1_51' title='bbox 292 1149 330 1201; x_wconf 88' lang='lat' dir='ltr'><strong>ut</strong></span> <span class='ocrx_word' id='word_1_52' title='bbox 353 1159 438 1223; x_wconf 92' lang='lat' dir='ltr'><strong>quae</strong></span> <span class='ocrx_word' id='word_1_53' title='bbox 458 1138 544 1223; x_wconf 92' lang='lat' dir='ltr'><strong>juris</strong></span> <span class='ocrx_word' id='word_1_54' title='bbox 559 1140 711 1202; x_wconf 89' lang='lat' dir='ltr'><strong>canonici</strong></span> <span class='ocrx_word' id='word_1_55' title='bbox 730 1138 941 1224; x_wconf 78' lang='lat' dir='ltr'><strong>disciplinam</strong></span> <span class='ocrx_word' id='word_1_56' title='bbox 958 1151 1110 1225; x_wconf 86' lang='lat' dir='ltr'><strong>spectant</strong></span> <span class='ocrx_word' id='word_1_57' title='bbox 1124 1149 1251 1204; x_wconf 86' lang='lat' dir='ltr'><strong>tantum</strong></span> <span class='ocrx_word' id='word_1_58' title='bbox 1270 1140 1400 1204; x_wconf 84' lang='lat' dir='ltr'><strong>breviter</strong></span> 
     </span>
     <span class='ocr_line' id='line_1_9' title="bbox 293 1235 1400 1323; baseline 0.002 -25"><span class='ocrx_word' id='word_1_59' title='bbox 293 1237 481 1314; x_wconf 84' lang='lat' dir='ltr'><strong>innuamus,</strong></span> <span class='ocrx_word' id='word_1_60' title='bbox 520 1258 605 1320; x_wconf 88' lang='lat' dir='ltr'><strong>quac</strong></span> <span class='ocrx_word' id='word_1_61' title='bbox 650 1258 727 1299; x_wconf 88' lang='lat' dir='ltr'><strong>vero</strong></span> <span class='ocrx_word' id='word_1_62' title='bbox 763 1235 805 1301; x_wconf 90' lang='lat' dir='ltr'><strong>ad</strong></span> <span class='ocrx_word' id='word_1_63' title='bbox 838 1236 1011 1302; x_wconf 82' lang='lat' dir='ltr'><strong>historiam</strong></span> <span class='ocrx_word' id='word_1_64' title='bbox 1046 1240 1155 1323; x_wconf 84' lang='lat' dir='ltr'><strong>potius</strong></span> <span class='ocrx_word' id='word_1_65' title='bbox 1183 1240 1323 1302; x_wconf 82' lang='lat' dir='ltr'><strong>attinent</strong></span> <span class='ocrx_word' id='word_1_66' title='bbox 1357 1259 1400 1301; x_wconf 82' lang='lat' dir='ltr'><strong>ex·</strong></span> 
     </span>
    </p>
   </div>
   <div class='ocr_carea' id='block_1_3' title="bbox 294 1332 1401 1422">
    <p class='ocr_par' dir='ltr' id='par_1_3' title="bbox 294 1332 1401 1422">
     <span class='ocr_line' id='line_1_10' title="bbox 294 1332 1401 1422; baseline 0 -26"><span class='ocrx_word' id='word_1_67' title='bbox 294 1355 466 1418; x_wconf 90' lang='lat' dir='ltr'><strong>ponamus,</strong></span> <span class='ocrx_word' id='word_1_68' title='bbox 493 1344 525 1396; x_wconf 85' lang='lat' dir='ltr'><strong>ot</strong></span> <span class='ocrx_word' id='word_1_69' title='bbox 549 1332 699 1419; x_wconf 85' lang='lat' dir='ltr'><strong>querelas</strong></span> <span class='ocrx_word' id='word_1_70' title='bbox 723 1335 863 1420; x_wconf 87' lang='lat' dir='ltr'><strong>injustas</strong></span> <span class='ocrx_word' id='word_1_71' title='bbox 888 1334 941 1398; x_wconf 93' lang='lat' dir='ltr'><strong>vel</strong></span> <span class='ocrx_word' id='word_1_72' title='bbox 965 1345 1183 1420; x_wconf 84' lang='lat' dir='ltr'><strong>exaggeratas</strong></span> <span class='ocrx_word' id='word_1_73' title='bbox 1207 1336 1401 1422; x_wconf 76' lang='lat' dir='ltr'><strong>repellamus.</strong></span> 
     </span>
    </p>
   </div>
   <div class='ocr_carea' id='block_1_4' title="bbox 222 1467 1421 2144">
    <p class='ocr_par' dir='ltr' id='par_1_4' title="bbox 384 1467 1421 1556">
     <span class='ocr_line' id='line_1_11' title="bbox 384 1467 1421 1556; baseline 0 -26"><span class='ocrx_word' id='word_1_74' title='bbox 384 1468 437 1531; x_wconf 86' lang='lat'><strong>69.</strong></span> <span class='ocrx_word' id='word_1_75' title='bbox 476 1467 788 1534; x_wconf 87' lang='lat' dir='ltr'><strong>Reservationes.</strong></span> <span class='ocrx_word' id='word_1_76' title='bbox 822 1505 864 1515; x_wconf 91' lang='lat'>-</span> <span class='ocrx_word' id='word_1_77' title='bbox 897 1469 1072 1556; x_wconf 83' lang='lat' dir='ltr'><strong>Episcopis</strong></span> <span class='ocrx_word' id='word_1_78' title='bbox 1091 1469 1166 1556; x_wconf 91' lang='lat' dir='ltr'><strong>jure</strong></span> <span class='ocrx_word' id='word_1_79' title='bbox 1191 1469 1354 1533; x_wconf 90' lang='lat' dir='ltr'><strong>ordinario</strong></span> <span class='ocrx_word' id='word_1_80' title='bbox 1376 1471 1421 1554; x_wconf 48' lang='lat' dir='ltr'><strong>in¹</strong></span> 
     </span>
    </p>

    <p class='ocr_par' dir='ltr' id='par_1_5' title="bbox 222 1566 1403 2045">
     <span class='ocr_line' id='line_1_12' title="bbox 222 1566 1401 1653; baseline 0.001 -24"><span class='ocrx_word' id='word_1_81' title='bbox 222 1569 228 1582; x_wconf 86' lang='lat'><strong>‘</strong></span> <span class='ocrx_word' id='word_1_82' title='bbox 294 1567 362 1629; x_wconf 89' lang='lat' dir='ltr'><strong>suis</strong></span> <span class='ocrx_word' id='word_1_83' title='bbox 387 1569 570 1652; x_wconf 85' lang='lat' dir='ltr'><strong>respective</strong></span> <span class='ocrx_word' id='word_1_84' title='bbox 594 1566 801 1631; x_wconf 83' lang='lat' dir='ltr'><strong>dioecesibus</strong></span> <span class='ocrx_word' id='word_1_85' title='bbox 826 1578 1018 1653; x_wconf 90' lang='lat' dir='ltr'><strong>competunt</strong></span> <span class='ocrx_word' id='word_1_86' title='bbox 1041 1569 1204 1632; x_wconf 87' lang='lat' dir='ltr'><strong>institutio</strong></span> <span class='ocrx_word' id='word_1_87' title='bbox 1221 1567 1401 1631; x_wconf 89' lang='lat' dir='ltr'><strong>clericorum</strong></span> 
     </span>
     <span class='ocr_line' id='line_1_13' title="bbox 293 1664 1402 1732; baseline -0.001 -3"><span class='ocrx_word' id='word_1_88' title='bbox 293 1673 326 1729; x_wconf 89' lang='lat' dir='ltr'><strong>et</strong></span> <span class='ocrx_word' id='word_1_89' title='bbox 349 1664 478 1730; x_wconf 91' lang='lat' dir='ltr'><strong>collatio</strong></span> <span class='ocrx_word' id='word_1_90' title='bbox 503 1665 740 1730; x_wconf 88' lang='lat' dir='ltr'><strong>beneficiorum</strong></span> <span class='ocrx_word' id='word_1_91' title='bbox 764 1666 1072 1731; x_wconf 88' lang='lat' dir='ltr'><strong>ecclesiasticorum.</strong></span> <span class='ocrx_word' id='word_1_92' title='bbox 1112 1667 1175 1732; x_wconf 89' lang='lat' dir='ltr'><strong>Jus</strong></span> <span class='ocrx_word' id='word_1_93' title='bbox 1199 1678 1310 1731; x_wconf 88' lang='lat' dir='ltr'><strong>tamen</strong></span> <span class='ocrx_word' id='word_1_94' title='bbox 1335 1665 1402 1729; x_wconf 92' lang='lat' dir='ltr'><strong>illud</strong></span> 
     </span>
     <span class='ocr_line' id='line_1_14' title="bbox 293 1764 1403 1851; baseline -0.002 -24"><span class='ocrx_word' id='word_1_95' title='bbox 293 1765 524 1849; x_wconf 88' lang='lat' dir='ltr'><strong>episcoporum</strong></span> <span class='ocrx_word' id='word_1_96' title='bbox 558 1785 623 1826; x_wconf 94' lang='lat' dir='ltr'><strong>non</strong></span> <span class='ocrx_word' id='word_1_97' title='bbox 655 1775 703 1827; x_wconf 86' lang='lat' dir='ltr'><strong>est</strong></span> <span class='ocrx_word' id='word_1_98' title='bbox 731 1764 941 1828; x_wconf 86' lang='lat' dir='ltr'><strong>exclusivum</strong></span> <span class='ocrx_word' id='word_1_99' title='bbox 966 1775 1117 1851; x_wconf 88' lang='lat' dir='ltr'><strong>respectu</strong></span> <span class='ocrx_word' id='word_1_100' title='bbox 1142 1765 1283 1828; x_wconf 90' lang='lat' dir='ltr'><strong>Romani</strong></span> <span class='ocrx_word' id='word_1_101' title='bbox 1309 1765 1403 1828; x_wconf 88' lang='lat' dir='ltr'><strong>Ponti·</strong></span> 
     </span>
     <span class='ocr_line' id='line_1_15' title="bbox 293 1861 1403 1947; baseline -0.003 -22"><span class='ocrx_word' id='word_1_102' title='bbox 293 1861 375 1942; x_wconf 87' lang='lat' dir='ltr'><strong>ficis,</strong></span> <span class='ocrx_word' id='word_1_103' title='bbox 401 1863 457 1947; x_wconf 91' lang='lat' dir='ltr'><strong>qui</strong></span> <span class='ocrx_word' id='word_1_104' title='bbox 482 1874 531 1925; x_wconf 89' lang='lat' dir='ltr'><strong>est</strong></span> <span class='ocrx_word' id='word_1_105' title='bbox 554 1863 729 1947; x_wconf 88' lang='lat' dir='ltr'><strong>episcopus</strong></span> <span class='ocrx_word' id='word_1_106' title='bbox 755 1862 952 1927; x_wconf 88' lang='lat' dir='ltr'><strong>universalis</strong></span> <span class='ocrx_word' id='word_1_107' title='bbox 968 1863 1148 1942; x_wconf 86' lang='lat' dir='ltr'><strong>Ecclesiae,</strong></span> <span class='ocrx_word' id='word_1_108' title='bbox 1174 1865 1227 1926; x_wconf 92' lang='lat' dir='ltr'><strong>cui</strong></span> <span class='ocrx_word' id='word_1_109' title='bbox 1254 1865 1288 1926; x_wconf 94' lang='lat' dir='ltr'><strong>in</strong></span> <span class='ocrx_word' id='word_1_110' title='bbox 1305 1863 1341 1926; x_wconf 92' lang='lat' dir='ltr'><strong>B.</strong></span> <span class='ocrx_word' id='word_1_111' title='bbox 1357 1861 1403 1924; x_wconf 84' lang='lat' dir='ltr'><strong>Pe-</strong></span> 
     </span>
     <span class='ocr_line' id='line_1_16' title="bbox 293 1960 1403 2045; baseline -0.002 -22"><span class='ocrx_word' id='word_1_112' title='bbox 293 1970 343 2023; x_wconf 90' lang='lat' dir='ltr'><strong>tro</strong></span> <span class='ocrx_word' id='word_1_113' title='bbox 361 1960 528 2044; x_wconf 90' lang='lat' dir='ltr'><strong>pascendi,</strong></span> <span class='ocrx_word' id='word_1_114' title='bbox 553 1961 688 2043; x_wconf 85' lang='lat' dir='ltr'><strong>regendi</strong></span> <span class='ocrx_word' id='word_1_115' title='bbox 714 1972 746 2024; x_wconf 93' lang='lat' dir='ltr'><strong>et</strong></span> <span class='ocrx_word' id='word_1_116' title='bbox 769 1961 979 2045; x_wconf 91' lang='lat' dir='ltr'><strong>gubernandi</strong></span> <span class='ocrx_word' id='word_1_117' title='bbox 996 1961 1220 2026; x_wconf 87' lang='lat' dir='ltr'><strong>universalem</strong></span> <span class='ocrx_word' id='word_1_118' title='bbox 1232 1960 1403 2024; x_wconf 82' lang='lat' dir='ltr'><strong>Ecclesiam</strong></span> 
     </span>
    </p>

    <p class='ocr_par' dir='ltr' id='par_1_6' title="bbox 293 2057 1404 2144">
     <span class='ocr_line' id='line_1_17' title="bbox 293 2057 1404 2144; baseline -0.003 -22"><span class='ocrx_word' id='word_1_119' title='bbox 293 2082 312 2123; x_wconf 90' lang='lat' dir='ltr'><strong>a</strong></span> <span class='ocrx_word' id='word_1_120' title='bbox 337 2059 379 2124; x_wconf 89' lang='lat' dir='ltr'><strong>D.</strong></span> <span class='ocrx_word' id='word_1_121' title='bbox 397 2059 437 2122; x_wconf 94' lang='lat' dir='ltr'><strong>N.</strong></span> <span class='ocrx_word' id='word_1_122' title='bbox 454 2058 485 2123; x_wconf 89' lang='lat' dir='ltr'><strong>J.</strong></span> <span class='ocrx_word' id='word_1_123' title='bbox 501 2057 537 2122; x_wconf 84' lang='lat' dir='ltr'><strong>C.</strong></span> <span class='ocrx_word' id='word_1_124' title='bbox 562 2057 660 2142; x_wconf 86' lang='lat' dir='ltr'><strong>plena</strong></span> <span class='ocrx_word' id='word_1_125' title='bbox 684 2068 827 2143; x_wconf 87' lang='lat' dir='ltr'><strong>potestas</strong></span> <span class='ocrx_word' id='word_1_126' title='bbox 850 2059 972 2123; x_wconf 89' lang='lat' dir='ltr'><strong>tradita</strong></span> <span class='ocrx_word' id='word_1_127' title='bbox 996 2061 1086 2140; x_wconf 83' lang='lat' dir='ltr'><strong>est¹)</strong></span> <span class='ocrx_word' id='word_1_128' title='bbox 1125 2059 1201 2139; x_wconf 82' lang='lat' dir='ltr'><strong>Qua</strong></span> <span class='ocrx_word' id='word_1_129' title='bbox 1218 2058 1404 2144; x_wconf 77' lang='lat' dir='ltr'><strong>principales</strong></span> 
     </span>
    </p>
   </div>
   <div class='ocr_carea' id='block_1_5' title="bbox 293 2155 1404 2440">
    <p class='ocr_par' dir='ltr' id='par_1_7' title="bbox 293 2155 1404 2440">
     <span class='ocr_line' id='line_1_18' title="bbox 293 2155 1403 2242; baseline 0.005 -24"><span class='ocrx_word' id='word_1_130' title='bbox 293 2158 395 2240; x_wconf 85' lang='lat' dir='ltr'><strong>igitur</strong></span> <span class='ocrx_word' id='word_1_131' title='bbox 419 2155 588 2220; x_wconf 88' lang='lat' dir='ltr'><strong>Ecclesiae</strong></span> <span class='ocrx_word' id='word_1_132' title='bbox 620 2156 913 2238; x_wconf 83' lang='lat' dir='ltr'><strong>administratores,</strong></span> <span class='ocrx_word' id='word_1_133' title='bbox 939 2169 1082 2222; x_wconf 88' lang='lat' dir='ltr'><strong>rectores</strong></span> <span class='ocrx_word' id='word_1_134' title='bbox 1105 2170 1139 2222; x_wconf 89' lang='lat' dir='ltr'><strong>et</strong></span> <span class='ocrx_word' id='word_1_135' title='bbox 1162 2158 1403 2242; x_wconf 80' lang='lat' dir='ltr'><strong>dispensatores.</strong></span> 
     </span>
     <span class='ocr_line' id='line_1_19' title="bbox 293 2253 1402 2341; baseline -0.002 -23"><span class='ocrx_word' id='word_1_136' title='bbox 293 2253 433 2319; x_wconf 90' lang='lat' dir='ltr'><strong>Romani</strong></span> <span class='ocrx_word' id='word_1_137' title='bbox 467 2255 644 2318; x_wconf 88' lang='lat' dir='ltr'><strong>Pontifices</strong></span> <span class='ocrx_word' id='word_1_138' title='bbox 675 2257 881 2341; x_wconf 89' lang='lat' dir='ltr'><strong>provisiones</strong></span> <span class='ocrx_word' id='word_1_139' title='bbox 912 2267 945 2320; x_wconf 87' lang='lat' dir='ltr'><strong>et</strong></span> <span class='ocrx_word' id='word_1_140' title='bbox 978 2255 1168 2320; x_wconf 89' lang='lat' dir='ltr'><strong>collationes</strong></span> <span class='ocrx_word' id='word_1_141' title='bbox 1200 2254 1402 2319; x_wconf 87' lang='lat' dir='ltr'><strong>ecclesiarum</strong></span> 
     </span>
     <span class='ocr_line' id='line_1_20' title="bbox 293 2350 1404 2440; baseline 0 -24"><span class='ocrx_word' id='word_1_142' title='bbox 293 2375 332 2416; x_wconf 88' lang='lat' dir='ltr'><strong>ac</strong></span> <span class='ocrx_word' id='word_1_143' title='bbox 356 2350 594 2417; x_wconf 89' lang='lat' dir='ltr'><strong>beneficiorum</strong></span> <span class='ocrx_word' id='word_1_144' title='bbox 619 2354 916 2418; x_wconf 86' lang='lat' dir='ltr'><strong>ecclesiasticorum</strong></span> <span class='ocrx_word' id='word_1_145' title='bbox 946 2355 1008 2418; x_wconf 89' lang='lat' dir='ltr'><strong>sibi</strong></span> <span class='ocrx_word' id='word_1_146' title='bbox 1034 2376 1204 2418; x_wconf 88' lang='lat' dir='ltr'><strong>reservare</strong></span> <span class='ocrx_word' id='word_1_147' title='bbox 1229 2365 1404 2440; x_wconf 83' lang='lat' dir='ltr'><strong>potuerunt</strong></span> 
     </span>
    </p>
   </div>
   <div class='ocr_carea' id='block_1_6' title="bbox 293 2449 1422 4007">
    <p class='ocr_par' dir='ltr' id='par_1_8' title="bbox 293 2449 1405 2616">
     <span class='ocr_line' id='line_1_21' title="bbox 293 2449 1405 2538; baseline -0.004 -22"><span class='ocrx_word' id='word_1_148' title='bbox 293 2465 391 2538; x_wconf 88' lang='lat' dir='ltr'><strong>prout</strong></span> <span class='ocrx_word' id='word_1_149' title='bbox 425 2463 610 2537; x_wconf 88' lang='lat' dir='ltr'><strong>temporum</strong></span> <span class='ocrx_word' id='word_1_150' title='bbox 642 2464 673 2516; x_wconf 87' lang='lat' dir='ltr'><strong>et</strong></span> <span class='ocrx_word' id='word_1_151' title='bbox 704 2451 849 2516; x_wconf 90' lang='lat' dir='ltr'><strong>locorum</strong></span> <span class='ocrx_word' id='word_1_152' title='bbox 895 2453 1054 2538; x_wconf 88' lang='lat' dir='ltr'><strong>adjuncta</strong></span> <span class='ocrx_word' id='word_1_153' title='bbox 1087 2452 1120 2517; x_wconf 92' lang='lat' dir='ltr'><strong>id</strong></span> <span class='ocrx_word' id='word_1_154' title='bbox 1153 2452 1337 2536; x_wconf 83' lang='lat' dir='ltr'><strong>exigebant</strong></span> <span class='ocrx_word' id='word_1_155' title='bbox 1364 2449 1405 2512; x_wconf 80' lang='lat' dir='ltr'><strong>vol</strong></span> 
     </span>
     <span class='ocr_line' id='line_1_22' title="bbox 294 2548 489 2616; baseline 0.021 -3"><span class='ocrx_word' id='word_1_156' title='bbox 294 2548 489 2616; x_wconf 85' lang='lat' dir='ltr'><strong>suadebant.</strong></span> 
     </span>
    </p>

    <p class='ocr_par' dir='ltr' id='par_1_9' title="bbox 293 2647 1422 4007">
     <span class='ocr_line' id='line_1_23' title="bbox 385 2647 1404 2734; baseline -0.003 -24"><span class='ocrx_word' id='word_1_157' title='bbox 385 2647 436 2712; x_wconf 80' lang='lat'><strong>70.</strong></span> <span class='ocrx_word' id='word_1_158' title='bbox 469 2647 534 2711; x_wconf 87' lang='lat' dir='ltr'><strong>Sed</strong></span> <span class='ocrx_word' id='word_1_159' title='bbox 559 2647 601 2711; x_wconf 93' lang='lat' dir='ltr'><strong>ad</strong></span> <span class='ocrx_word' id='word_1_160' title='bbox 626 2649 895 2711; x_wconf 89' lang='lat' dir='ltr'><strong>constitutionem</strong></span> <span class='ocrx_word' id='word_1_161' title='bbox 920 2649 1149 2734; x_wconf 91' lang='lat' dir='ltr'><strong>episcoporum</strong></span> <span class='ocrx_word' id='word_1_162' title='bbox 1176 2647 1267 2732; x_wconf 92' lang='lat' dir='ltr'><strong>quod</strong></span> <span class='ocrx_word' id='word_1_163' title='bbox 1293 2649 1404 2712; x_wconf 83' lang='lat' dir='ltr'><strong>attinet.</strong></span> 
     </span>
     <span class='ocr_line' id='line_1_24' title="bbox 294 2744 1405 2830; baseline -0.002 -22"><span class='ocrx_word' id='word_1_164' title='bbox 294 2746 377 2809; x_wconf 90' lang='lat' dir='ltr'><strong>haec</strong></span> <span class='ocrx_word' id='word_1_165' title='bbox 401 2755 585 2830; x_wconf 87' lang='lat' dir='ltr'><strong>opportune</strong></span> <span class='ocrx_word' id='word_1_166' title='bbox 609 2745 815 2809; x_wconf 85' lang='lat' dir='ltr'><strong>advertenda</strong></span> <span class='ocrx_word' id='word_1_167' title='bbox 839 2756 925 2810; x_wconf 88' lang='lat' dir='ltr'><strong>sunt.</strong></span> <span class='ocrx_word' id='word_1_168' title='bbox 974 2746 1059 2812; x_wconf 87' lang='lat' dir='ltr'><strong>Solis</strong></span> <span class='ocrx_word' id='word_1_169' title='bbox 1082 2744 1253 2829; x_wconf 83' lang='lat' dir='ltr'><strong>Apostolis</strong></span> <span class='ocrx_word' id='word_1_170' title='bbox 1279 2758 1313 2810; x_wconf 85' lang='lat' dir='ltr'><strong>et</strong></span> <span class='ocrx_word' id='word_1_171' title='bbox 1335 2747 1405 2830; x_wconf 90' lang='lat' dir='ltr'><strong>priu-</strong></span> 
     </span>
     <span class='ocr_line' id='line_1_25' title="bbox 294 2841 1422 2929; baseline -0.007 -23"><span class='ocrx_word' id='word_1_172' title='bbox 294 2842 445 2929; x_wconf 91' lang='lat' dir='ltr'><strong>cipaliter</strong></span> <span class='ocrx_word' id='word_1_173' title='bbox 491 2867 515 2908; x_wconf 87' lang='lat' dir='ltr'><strong>s.</strong></span> <span class='ocrx_word' id='word_1_174' title='bbox 548 2843 644 2907; x_wconf 90' lang='lat' dir='ltr'><strong>Petro</strong></span> <span class='ocrx_word' id='word_1_175' title='bbox 686 2843 835 2907; x_wconf 87' lang='lat' dir='ltr'><strong>Christus</strong></span> <span class='ocrx_word' id='word_1_176' title='bbox 875 2843 1039 2908; x_wconf 89' lang='lat' dir='ltr'><strong>Dominus</strong></span> <span class='ocrx_word' id='word_1_177' title='bbox 1086 2853 1283 2927; x_wconf 87' lang='lat' dir='ltr'><strong>potestatem</strong></span> <span class='ocrx_word' id='word_1_178' title='bbox 1331 2841 1422 2926; x_wconf 54' lang='lat' dir='ltr'><strong>deditp</strong></span> 
     </span>
     <span class='ocr_line' id='line_1_26' title="bbox 294 2939 1422 3026; baseline -0.004 -22"><span class='ocrx_word' id='word_1_179' title='bbox 294 2943 466 3026; x_wconf 89' lang='lat' dir='ltr'><strong>episcopos</strong></span> <span class='ocrx_word' id='word_1_180' title='bbox 491 2940 635 3024; x_wconf 85' lang='lat' dir='ltr'><strong>eligendi</strong></span> <span class='ocrx_word' id='word_1_181' title='bbox 660 2952 692 3004; x_wconf 88' lang='lat' dir='ltr'><strong>et</strong></span> <span class='ocrx_word' id='word_1_182' title='bbox 716 2941 949 3007; x_wconf 88' lang='lat' dir='ltr'><strong>constituendi.</strong></span> <span class='ocrx_word' id='word_1_183' title='bbox 987 2941 1121 3004; x_wconf 86' lang='lat' dir='ltr'><strong>Petrum</strong></span> <span class='ocrx_word' id='word_1_184' title='bbox 1147 2943 1299 3004; x_wconf 86' lang='lat' dir='ltr'><strong>omnium</strong></span> <span class='ocrx_word' id='word_1_185' title='bbox 1314 2939 1422 3026; x_wconf 60' lang='lat' dir='ltr'><strong>Caput,</strong></span> 
     </span>
     <span class='ocr_line' id='line_1_27' title="bbox 294 3039 1406 3125; baseline -0.005 -23"><span class='ocrx_word' id='word_1_186' title='bbox 294 3051 327 3102; x_wconf 91' lang='lat' dir='ltr'><strong>et</strong></span> <span class='ocrx_word' id='word_1_187' title='bbox 358 3041 541 3124; x_wconf 87' lang='lat' dir='ltr'><strong>principem</strong></span> <span class='ocrx_word' id='word_1_188' title='bbox 576 3039 805 3125; x_wconf 88' lang='lat' dir='ltr'><strong>principaliter</strong></span> <span class='ocrx_word' id='word_1_189' title='bbox 836 3040 1017 3103; x_wconf 87' lang='lat' dir='ltr'><strong>instituisse</strong></span> <span class='ocrx_word' id='word_1_190' title='bbox 1053 3040 1235 3123; x_wconf 85' lang='lat' dir='ltr'><strong>episcopos,</strong></span> <span class='ocrx_word' id='word_1_191' title='bbox 1277 3041 1406 3103; x_wconf 71' lang='lat' dir='ltr'><strong>maximi</strong></span> 
     </span>
     <span class='ocr_line' id='line_1_28' title="bbox 295 3136 1405 3221; baseline -0.002 -21"><span class='ocrx_word' id='word_1_192' title='bbox 295 3158 353 3221; x_wconf 88' lang='lat' dir='ltr'><strong>pro</strong></span> <span class='ocrx_word' id='word_1_193' title='bbox 382 3137 530 3200; x_wconf 82' lang='lat' dir='ltr'><strong>ecclesiis</strong></span> <span class='ocrx_word' id='word_1_194' title='bbox 555 3136 758 3218; x_wconf 87' lang='lat' dir='ltr'><strong>Occidentis,</strong></span> <span class='ocrx_word' id='word_1_195' title='bbox 792 3137 934 3201; x_wconf 90' lang='lat' dir='ltr'><strong>babetur</strong></span> <span class='ocrx_word' id='word_1_196' title='bbox 957 3161 975 3200; x_wconf 90' lang='lat' dir='ltr'><strong>e</strong></span> <span class='ocrx_word' id='word_1_197' title='bbox 999 3136 1122 3201; x_wconf 90' lang='lat' dir='ltr'><strong>celebri</strong></span> <span class='ocrx_word' id='word_1_198' title='bbox 1155 3139 1345 3202; x_wconf 88' lang='lat' dir='ltr'><strong>testimonio</strong></span> <span class='ocrx_word' id='word_1_199' title='bbox 1369 3136 1405 3199; x_wconf 93' lang='lat' dir='ltr'><strong>lu-</strong></span> 
     </span>
     <span class='ocr_line' id='line_1_29' title="bbox 294 3233 1406 3320; baseline -0.002 -22"><span class='ocrx_word' id='word_1_200' title='bbox 294 3237 441 3299; x_wconf 88' lang='lat' dir='ltr'><strong>nocentii</strong></span> <span class='ocrx_word' id='word_1_201' title='bbox 472 3237 485 3299; x_wconf 90' lang='lat' dir='ltr'><strong>l</strong></span> <span class='ocrx_word' id='word_1_202' title='bbox 527 3259 578 3320; x_wconf 85' lang='lat' dir='ltr'><strong>ep.</strong></span> <span class='ocrx_word' id='word_1_203' title='bbox 609 3237 651 3300; x_wconf 77' lang='lat'><strong>25</strong></span> <span class='ocrx_word' id='word_1_204' title='bbox 686 3235 729 3298; x_wconf 92' lang='lat' dir='ltr'><strong>ad</strong></span> <span class='ocrx_word' id='word_1_205' title='bbox 761 3235 960 3299; x_wconf 90' lang='lat' dir='ltr'><strong>Decentium</strong></span> <span class='ocrx_word' id='word_1_206' title='bbox 995 3235 1219 3316; x_wconf 77' lang='lat' dir='ltr'><strong>Eugubinum.</strong></span> <span class='ocrx_word' id='word_1_207' title='bbox 1276 3233 1348 3300; x_wconf 84' lang='lat' dir='ltr'><strong>Cam</strong></span> <span class='ocrx_word' id='word_1_208' title='bbox 1376 3239 1406 3296; x_wconf 56' lang='grc' dir='ltr'><strong>κί’</strong></span> 
     </span>
     <span class='ocr_line' id='line_1_30' title="bbox 293 3331 1406 3419; baseline -0.005 -23"><span class='ocrx_word' id='word_1_209' title='bbox 293 3335 508 3419; x_wconf 67' lang='lat' dir='ltr'><strong>marciscatam,</strong></span> <span class='ocrx_word' id='word_1_210' title='bbox 532 3335 567 3396; x_wconf 82' lang='lat' dir='ltr'><strong>io</strong></span> <span class='ocrx_word' id='word_1_211' title='bbox 582 3357 699 3397; x_wconf 81' lang='lat' dir='ltr'><strong>omnem</strong></span> <span class='ocrx_word' id='word_1_212' title='bbox 717 3331 857 3411; x_wconf 78' lang='lat' dir='ltr'><strong>Italiam,</strong></span> <span class='ocrx_word' id='word_1_213' title='bbox 886 3331 1039 3410; x_wconf 75' lang='lat' dir='ltr'><strong>Galliam,</strong></span> <span class='ocrx_word' id='word_1_214' title='bbox 1065 3333 1259 3418; x_wconf 80' lang='lat' dir='ltr'><strong>Ilispouius,</strong></span> <span class='ocrx_word' id='word_1_215' title='bbox 1278 3335 1406 3409; x_wconf 68' lang='lat' dir='ltr'><strong>Afri-m·-</strong></span> 
     </span>
     <span class='ocr_line' id='line_1_31' title="bbox 294 3429 1391 3520; baseline -0.004 -26"><span class='ocrx_word' id='word_1_216' title='bbox 294 3443 386 3516; x_wconf 79' lang='lat' dir='ltr'><strong>atpue</strong></span> <span class='ocrx_word' id='word_1_217' title='bbox 412 3429 557 3495; x_wconf 81' lang='lat' dir='ltr'><strong>Siciliam</strong></span> <span class='ocrx_word' id='word_1_218' title='bbox 589 3430 772 3517; x_wconf 81' lang='lat' dir='ltr'><strong>insulasque</strong></span> <span class='ocrx_word' id='word_1_219' title='bbox 803 3431 998 3520; x_wconf 71' lang='lat' dir='ltr'><strong>adjacentes,</strong></span> <span class='ocrx_word' id='word_1_220' title='bbox 1030 3431 1150 3494; x_wconf 75' lang='lat' dir='ltr'><strong>atillam</strong></span> <span class='ocrx_word' id='word_1_221' title='bbox 1175 3433 1391 3496; x_wconf 57' lang='lat' dir='ltr'><strong>instituissem</strong></span> 
     </span>
     <span class='ocr_line' id='line_1_32' title="bbox 294 3527 1406 3616; baseline -0.006 -22"><span class='ocrx_word' id='word_1_222' title='bbox 294 3527 417 3607; x_wconf 73' lang='lat' dir='ltr'><strong>ctesias,</strong></span> <span class='ocrx_word' id='word_1_223' title='bbox 447 3532 513 3594; x_wconf 80' lang='lat' dir='ltr'><strong>aiei</strong></span> <span class='ocrx_word' id='word_1_224' title='bbox 535 3552 587 3592; x_wconf 84' lang='lat' dir='ltr'><strong>eos</strong></span> <span class='ocrx_word' id='word_1_225' title='bbox 611 3552 687 3615; x_wconf 85' lang='lat' dir='ltr'><strong>quos</strong></span> <span class='ocrx_word' id='word_1_226' title='bbox 710 3529 901 3593; x_wconf 79' lang='lat' dir='ltr'><strong>verserabilis</strong></span> <span class='ocrx_word' id='word_1_227' title='bbox 924 3529 1036 3592; x_wconf 83' lang='lat' dir='ltr'><strong>Petras</strong></span> <span class='ocrx_word' id='word_1_228' title='bbox 1060 3541 1116 3592; x_wconf 73' lang='lat' dir='ltr'><strong>aiat</strong></span> <span class='ocrx_word' id='word_1_229' title='bbox 1140 3533 1206 3616; x_wconf 83' lang='lat' dir='ltr'><strong>ejas</strong></span> <span class='ocrx_word' id='word_1_230' title='bbox 1230 3553 1406 3594; x_wconf 63' lang='lat' dir='ltr'><strong>autecessore.-</strong></span> 
     </span>
     <span class='ocr_line' id='line_1_33' title="bbox 294 3627 1407 3713; baseline -0.005 -23"><span class='ocrx_word' id='word_1_231' title='bbox 294 3630 523 3691; x_wconf 78' lang='lat' dir='ltr'><strong>constituerunt</strong></span> <span class='ocrx_word' id='word_1_232' title='bbox 561 3627 747 3692; x_wconf 79' lang='lat' dir='ltr'><strong>sacerdotes.</strong></span> <span class='ocrx_word' id='word_1_233' title='bbox 806 3627 928 3712; x_wconf 83' lang='lat' dir='ltr'><strong>Ampla</strong></span> <span class='ocrx_word' id='word_1_234' title='bbox 966 3649 1062 3713; x_wconf 84' lang='lat' dir='ltr'><strong>porro</strong></span> <span class='ocrx_word' id='word_1_235' title='bbox 1072 3677 1080 3708; x_wconf 95' lang='lat'><strong>,</strong></span> <span class='ocrx_word' id='word_1_236' title='bbox 1128 3649 1227 3712; x_wconf 86' lang='lat' dir='ltr'><strong>quam</strong></span> <span class='ocrx_word' id='word_1_237' title='bbox 1271 3627 1407 3692; x_wconf 70' lang='lat' dir='ltr'><strong>Christus</strong></span> 
     </span>
     <span class='ocr_line' id='line_1_34' title="bbox 295 3725 1406 3810; baseline -0.007 -20"><span class='ocrx_word' id='word_1_238' title='bbox 295 3725 463 3810; x_wconf 84' lang='lat' dir='ltr'><strong>Apostolis</strong></span> <span class='ocrx_word' id='word_1_239' title='bbox 495 3727 676 3789; x_wconf 90' lang='lat' dir='ltr'><strong>universim</strong></span> <span class='ocrx_word' id='word_1_240' title='bbox 702 3725 840 3790; x_wconf 90' lang='lat' dir='ltr'><strong>dederat</strong></span> <span class='ocrx_word' id='word_1_241' title='bbox 863 3735 921 3789; x_wconf 90' lang='lat' dir='ltr'><strong>aut</strong></span> <span class='ocrx_word' id='word_1_242' title='bbox 943 3727 1114 3810; x_wconf 85' lang='lat' dir='ltr'><strong>regiminis</strong></span> <span class='ocrx_word' id='word_1_243' title='bbox 1137 3734 1196 3788; x_wconf 90' lang='lat' dir='ltr'><strong>aut</strong></span> <span class='ocrx_word' id='word_1_244' title='bbox 1218 3725 1406 3809; x_wconf 86' lang='lat' dir='ltr'><strong>jurisdictio-</strong></span> 
     </span>
     <span class='ocr_line' id='line_1_35' title="bbox 296 3823 1405 3910; baseline -0.005 -22"><span class='ocrx_word' id='word_1_245' title='bbox 296 3827 347 3888; x_wconf 91' lang='lat' dir='ltr'><strong>nis</strong></span> <span class='ocrx_word' id='word_1_246' title='bbox 371 3835 525 3910; x_wconf 87' lang='lat' dir='ltr'><strong>potestas,</strong></span> <span class='ocrx_word' id='word_1_247' title='bbox 551 3835 664 3909; x_wconf 91' lang='lat' dir='ltr'><strong>utpote</strong></span> <span class='ocrx_word' id='word_1_248' title='bbox 688 3823 952 3888; x_wconf 88' lang='lat' dir='ltr'><strong>extraordinaria</strong></span> <span class='ocrx_word' id='word_1_249' title='bbox 977 3845 1052 3888; x_wconf 86' lang='lat' dir='ltr'><strong>curn</strong></span> <span class='ocrx_word' id='word_1_250' title='bbox 1078 3825 1158 3908; x_wconf 90' lang='lat' dir='ltr'><strong>ipsis</strong></span> <span class='ocrx_word' id='word_1_251' title='bbox 1183 3825 1361 3908; x_wconf 81' lang='lat' dir='ltr'><strong>expiravit,</strong></span> <span class='ocrx_word' id='word_1_252' title='bbox 1382 3834 1405 3882; x_wconf 81' lang='lat' dir='ltr'><strong>ct</strong></span> 
     </span>
     <span class='ocr_line' id='line_1_36' title="bbox 295 3920 1405 4007; baseline -0.001 -21"><span class='ocrx_word' id='word_1_253' title='bbox 295 3923 338 3986; x_wconf 87' lang='lat' dir='ltr'><strong>ad</strong></span> <span class='ocrx_word' id='word_1_254' title='bbox 369 3944 482 3985; x_wconf 87' lang='lat' dir='ltr'><strong>eorum</strong></span> <span class='ocrx_word' id='word_1_255' title='bbox 514 3923 548 3984; x_wconf 94' lang='lat' dir='ltr'><strong>in</strong></span> <span class='ocrx_word' id='word_1_256' title='bbox 580 3923 772 4007; x_wconf 90' lang='lat' dir='ltr'><strong>episcopatu</strong></span> <span class='ocrx_word' id='word_1_257' title='bbox 812 3943 1016 3986; x_wconf 87' lang='lat' dir='ltr'><strong>successores</strong></span> <span class='ocrx_word' id='word_1_258' title='bbox 1051 3942 1116 3985; x_wconf 92' lang='lat' dir='ltr'><strong>non</strong></span> <span class='ocrx_word' id='word_1_259' title='bbox 1149 3921 1213 3984; x_wconf 86' lang='lat' dir='ltr'><strong>fuit</strong></span> <span class='ocrx_word' id='word_1_260' title='bbox 1244 3920 1405 3986; x_wconf 79' lang='lat' dir='ltr'><strong>translata:</strong></span> 
     </span>
    </p>
   </div>
   <div class='ocr_carea' id='block_1_7' title="bbox 372 4187 861 4256">
    <p class='ocr_par' dir='ltr' id='par_1_10' title="bbox 372 4187 861 4256">
     <span class='ocr_line' id='line_1_37' title="bbox 372 4187 861 4256; baseline -0.004 -14"><span class='ocrx_word' id='word_1_261' title='bbox 372 4191 390 4256; x_wconf 84' lang='lat'><strong>¹)</strong></span> <span class='ocrx_word' id='word_1_262' title='bbox 411 4189 467 4245; x_wconf 85' lang='lat' dir='ltr'><strong>Cfr.</strong></span> <span class='ocrx_word' id='word_1_263' title='bbox 488 4191 565 4242; x_wconf 84' lang='lat' dir='ltr'><strong>Cone.</strong></span> <span class='ocrx_word' id='word_1_264' title='bbox 585 4189 705 4243; x_wconf 80' lang='lat' dir='ltr'><strong>Florent.</strong></span> <span class='ocrx_word' id='word_1_265' title='bbox 725 4193 751 4241; x_wconf 89' lang='lat' dir='ltr'><strong>et</strong></span> <span class='ocrx_word' id='word_1_266' title='bbox 772 4187 861 4240; x_wconf 78' lang='lat' dir='ltr'><strong>Vatis.</strong></span> 
     </span>
    </p>
   </div>
   <div class='ocr_carea' id='block_1_8' title="bbox 0 0 1443 4844">
    <p class='ocr_par' dir='ltr' id='par_1_11' title="bbox 0 0 1443 4844">
     <span class='ocr_line' id='line_1_38' title="bbox 0 0 1443 4844; baseline 0 0"><span class='ocrx_word' id='word_1_267' title='bbox 0 0 1443 4844; x_wconf 95' lang='lat' dir='ltr'><strong> </strong></span> 
     </span>
    </p>
   </div>
  </div>
 </body>
</html>
