2868 4844
190 585 261 626 Jona-

155 648 275 688 nenxxn

312 439 365 494 298
593 440 720 494 XXXIV.
743 439 783 494 De
802 439 924 494 ConciIIo
943 439 1156 495 constantiensi.

401 587 431 647 9.
480 584 606 647 Verum
635 595 708 668 post
732 585 912 648 sessionem
936 583 1117 648 secundam
1142 584 1287 651 Joannes
1307 587 1417 652 XXIII

173 711 266 750 nane.
278 649 366 745 die
397 683 457 747 20⁰
481 682 593 746 Martii
626 681 710 746 clam
736 682 931 746 Constantia
969 680 1109 794 aufugit
1130 681 1397 749 Scbafhnsiam'
1389 711 1418 750 nn

311 780 438 844 ditione
470 781 633 844 Friderici
665 779 760 843 ducis
791 780 970 860 Austriaoi,
1009 781 1066 864 qui
1100 781 1165 864 ipsi
1197 803 1298 863 suam,
1332 797 1418 869 pacto

310 881 403 962 inito,
428 879 625 964 promiserat
647 879 894 963 protectionem.
942 877 1026 942 lnde
1051 899 1173 963 magna
1197 889 1268 943 orta
1289 883 1419 946 estCon-

310 978 452 1040 stantiae
475 977 663 1040 animorum
687 974 843 1058 turbatio,
876 997 978 1061 quum
1004 978 1210 1040 continuatio
1236 976 1370 1044 Concilii
1392 984 1418 1044 in

310 1073 488 1138 disorImen
514 1083 699 1137 vocaretur.
735 1073 801 1138 Sed
825 1095 904 1138 mox
930 1072 1117 1138 Concilium
1142 1077 1334 1140 continuare
1357 1101 1419 1142 con·

310 1174 423 1254 renit3
455 1171 551 1256 plura
584 1181 696 1236 autem
719 1181 800 1236 tuno
824 1172 912 1236 facta
937 1183 1015 1236 sunt
1039 1193 1125 1257 quae
1150 1171 1240 1237 baud
1265 1175 1421 1258 probanda

310 1280 413 1350 erant,
439 1280 473 1334 et
490 1270 568 1355 jura
591 1267 687 1333 Sedis
704 1270 916 1355 Apostolioae
939 1268 1127 1334 laedebant.
1159 1270 1225 1335 Die
1250 1273 1419 1336 emuna

311 1367 504 1449 Gereonius,
538 1366 765 1431 Cancellarins
790 1367 1026 1432 Universitatis
1052 1367 1260 1449 parisiensis,
1299 1373 1354 1456 qni
1386 1375 1419 1434 in·

311 1467 405 1532 fluxu
430 1477 463 1531 et
486 1468 681 1530 auctoritate
707 1487 828 1550 magna
852 1465 1008 1551 pollebat,
1041 1467 1222 1530 orationem
1256 1467 1369 1532 habuit
1391 1471 1417 1532 de

310 1567 507 1630 auctoritate
532 1563 674 1628 Concilii
699 1586 800 1649 supra
816 1563 953 1648 Papam,
979 1585 1019 1626 ac
1043 1563 1220 1628 duodecim
1247 1569 1417 1652 propositi·-

310 1664 420 1742 nibus,
445 1683 526 1748 quaa
550 1661 660 1725 radios
685 1663 833 1725 veritatis
858 1661 1000 1743 dicebat,
1026 1661 1194 1725 doctrinas
1219 1685 1297 1727 snas
1322 1687 1419 1750 parnn

313 1761 515 1825 orthodoxas
539 1758 580 1823 de
594 1758 754 1823 relatione
771 1759 966 1824 Pontificem
992 1763 1078 1822 inter
1091 1771 1124 1823 et
1138 1759 1328 1826 Ecclesiam
1352 1763 1419 1826 erol-

294 1861 369 1926 -vit
399 1859 488 1923 Huic
512 1866 621 1922 autem
647 1859 790 1922 sermoni
804 1856 1008 1939 Cardinales,
1034 1860 1189 1943 quamvis
1213 1860 1358 1929 invitati,
1380 1861 1419 1922 al-

310 1979 381 2021 esse
410 1955 603 2036 noluerunt3
632 1955 705 2040 jam
738 1958 827 2019 enim
861 1957 1035 2041 opiniones
1069 1956 1214 2020 audaces
1239 1957 1421 2022 Cancellarii

309 2079 352 2120 ex
376 2056 507 2140 scriptis
531 2055 635 2140 ipsius
660 2053 913 2136 cognoscebant.
939 2091 982 2100 -
1007 2051 1092 2117 Cum
1107 2052 1306 2118 Cardinales
1320 2079 1339 2118 a
1357 2061 1433 2118 Une

311 2153 386 2217 cilio
420 2153 511 2216 missi
541 2151 583 2214 ad
608 2151 784 2231 Joanncm,
825 2161 861 2214 ut
897 2173 970 2215 eum
1004 2150 1047 2214 ad
1079 2151 1223 2215 reditum
1257 2171 1433 2216 moverem

310 2251 401 2315 haud
433 2249 622 2314 retulissent
652 2271 847 2333 responsum
888 2251 1101 2328 conveniens,
1140 2247 1257 2313 habita
1298 2263 1348 2314 est
1383 2251 1423 2314 die

310 2350 371 2412 26⁰
388 2348 501 2412 Martii
525 2348 625 2410 sessio
651 2349 748 2410 tertia
770 2347 944 2431 generalis,
970 2346 1121 2431 praeside
1138 2347 1236 2410 Petro
1254 2348 1298 2412 de
1313 2348 1424 2412 Alliam

311 2445 482 2510 Cardinali
498 2445 742 2508 Cameracensi.
768 2445 949 2509 Decretum
973 2443 1047 2524 fuit,
1071 2467 1233 2530 praesens
1249 2446 1422 2510 Concilinn

310 2545 457 2629 legitime
494 2553 731 2626 congregatum
765 2553 798 2606 et
833 2563 899 2606 non
939 2541 1091 2606 obstante
1123 2543 1268 2607 Ioannis
1310 2565 1423 2608 recessu

310 2642 574 2706 continuandum
599 2663 679 2722 esse,
713 2642 809 2726 eique
833 2662 926 2704 suam
951 2661 1122 2704 remanere
1155 2637 1425 2726 integritatem'u

310 2742 552 2820 auctoritatem,
578 2740 676 2802 etiam
695 2741 721 2802 si
739 2741 941 2803 contrarium
960 2743 993 2820 (a
1010 2739 1186 2820 Pontifice)
1202 2738 1425 2804 declarescant.

310 2838 433 2902 Adhuc
456 2838 522 2902 alia
547 2837 710 2922 quaedam
736 2837 858 2900 similia
882 2837 1013 2922 adjecta
1029 2847 1115 2904 sunt.
1132 2875 1173 2886 —
1192 2837 1285 2902 Huic
1303 2841 1425 2902 sessior:

310 2947 439 3002 tantum
463 2936 600 3000 adfuere
625 2935 690 2998 duo
716 2934 921 3016 Cardinales,
947 2935 1064 2998 Petrus
1088 2935 1130 2998 de
1149 2933 1282 3000 Alliaco
1308 2949 1341 2999 ct
1364 2941 1426 3000 (Jer-

310 3034 432 3098 dinalia
448 3032 640 3114 Cabarella3
664 3031 782 3118 reliqui
797 3044 908 3098 autem
923 3032 1120 3097 Cardinales
1144 3032 1234 3096 hand
1259 3037 1432 3098 convenire

311 3143 520 3213 censuerunt,
545 3131 601 3195 tali
627 3133 764 3195 sessioni
788 3132 913 3195 adesse.
953 3129 1097 3194 Praelati
1123 3133 1156 3195 in
1181 3131 1303 3197 eadem
1329 3155 1432 3198 numen

309 3230 471 3295 rebantur
493 3239 621 3293 tantum
648 3231 868 3314 septuaginta,
902 3229 1019 3315 reliqui
1051 3239 1146 3294 erant
1174 3229 1366 3294 sacerdotes
1392 3219 1432 3292 „l

311 3328 414 3392 cundi
439 3327 565 3391 ordinis
589 3339 622 3390 et
645 3327 731 3392 laici.

402 3428 453 3490 10.
478 3427 579 3489 Brevi
603 3435 684 3510 post,
710 3424 869 3488 videlicet
893 3425 947 3488 die
958 3423 1019 3489 30⁰
1032 3425 1142 3488 Martii
1156 3434 1188 3487 et
1198 3424 1426 3512 die5⁰Aprilis

310 3524 444 3589 habitae
468 3532 546 3588 sunt
569 3523 730 3586 sessiones
754 3532 872 3608 quarta
895 3532 928 3585 et
951 3524 1067 3607 quinta
1091 3523 1244 3608 praeside
1268 3521 1424 3588 Cardinali

309 3623 457 3688 Jordano
492 3621 657 3704 Episcopo
690 3619 884 3684 Albanensi.
933 3621 1116 3684 Definitum
1147 3629 1208 3693 est,
1249 3621 1424 3685 Concilinn

310 3721 564 3785 Constantiense
577 3720 610 3781 in
622 3717 748 3802 Spiritu
773 3741 798 3781 e.
813 3718 961 3802 legitime
974 3729 1221 3803 congregatum,
1249 3719 1425 3784 Concilinn.

310 3817 463 3904 generale
497 3817 624 3881 faciens
655 3828 688 3879 et
719 3815 903 3880 Ecclesiam
943 3814 1139 3880 catholicam
1173 3834 1425 3900 repraesentem.

310 3939 331 3981 a
345 3916 478 3981 Christo
503 3914 695 3980 immediate
712 3913 836 3978 habere
851 3924 1058 4000 potestatem,
1084 3915 1137 3977 oui
1153 3913 1307 4000 quilibet,
1334 3917 1424 4000 cnjus

312 4035 455 4100 cumque
471 4023 575 4076 status
588 4025 621 4075 et
637 4012 810 4097 dignitatis
825 4014 955 4076 etiamsi
973 4013 1102 4098 papalis
1117 4016 1286 4092 existeret,
1303 4013 1425 4078 oberlin

310 4122 479 4176 teneretur
502 4112 536 4173 in
562 4109 614 4173 his
639 4132 723 4195 qnae
748 4109 961 4195 pertinebant
984 4110 1026 4175 ad
1051 4110 1162 4190 fidem,
1186 4109 1230 4174 ad
1250 4113 1431 4176 exstincti:-¹

310 4232 386 4274 nem
419 4209 607 4273 schismatis
641 4219 673 4271 et
705 4209 973 4272 reformationem
998 4207 1168 4272 Ecclesiae
1201 4209 1235 4270 in
1268 4213 1376 4294 capite
1399 4201 1431 4263 etl
