2850 4834
383 513 422 566 De
441 512 522 566 Bulla
540 513 582 565 Ne
597 518 766 580 praetereat.
1090 515 1143 568 209

27 681 139 724 eorum
167 656 339 723 commodo
371 658 485 740 egisse,
517 656 639 740 Preger
661 657 816 720 evincere
840 665 987 738 conatur,
1022 678 1144 741 magna

28 779 99 822 cum
124 753 383 843 independentia
397 754 565 818 loannem
588 751 704 836 egisse,
729 751 794 817 illis
817 752 951 838 regibus
974 776 1051 819 eum
1075 776 1141 820 non

26 857 173 937 cessisse,
203 853 262 918 sed
285 854 396 939 potius
428 853 469 916 iis
498 872 593 914 usum
627 872 698 916 esse
722 850 825 916 veluti
855 853 1081 916 instrumentis
1105 863 1142 916 ut

23 956 195 1038 attingeret
215 973 353 1037 scopum
377 949 441 1014 sibi
464 950 712 1035 propositum.¹)

106 1053 160 1118 59.
186 1050 314 1132 Quodsi
328 1049 452 1114 Joauni
467 1047 572 1112 XXII
595 1069 788 1134 persuasum
806 1048 930 1130 fuisset,
955 1049 1138 1134 Imperium
1194 1065 1267 1106 rm·

21 1171 56 1212 eo
79 1162 225 1236 tempore
249 1147 332 1213 adeo
357 1145 588 1230 degenerasse,
613 1153 650 1208 ut
673 1166 715 1208 ex
738 1145 810 1229 ipso
835 1167 957 1230 magna
980 1144 1066 1210 mala
1090 1167 1138 1211 so·
1156 1127 1299 1230 ,ᾗῇ

20 1249 127 1312 cietati
152 1258 185 1311 et
206 1245 378 1311 Ecclesiae
401 1244 624 1329 provenirent,
648 1265 688 1306 ao
712 1244 739 1307 si
762 1244 834 1329 ipse
858 1253 1032 1329 propterea
1055 1245 1138 1331 ejus-

20 1345 105 1408 modi
129 1343 227 1409 Bolla
250 1354 372 1408 statum
396 1363 506 1405 rerum
530 1339 689 1405 voluisset
717 1343 911 1405 immutare:
943 1343 1060 1427 gravia
1083 1342 1139 1407 ad·

18 1444 91 1506 doci
117 1452 252 1529 possent
275 1441 410 1524 motiva,
435 1461 495 1502 our
514 1437 704 1521 Pontifices,
728 1461 748 1503 a
772 1438 892 1524 quibus
917 1439 1052 1525 Imperii
1076 1445 1138 1505 lto-

19 1543 103 1606 mani
127 1540 303 1606 christiani
329 1537 499 1602 suscitatio
523 1547 595 1601 orta
618 1546 697 1619 erat,
729 1539 925 1601 auctoritate
956 1538 1003 1601 eis
1038 1539 1137 1602 insita

15 1641 53 1704 de
68 1641 216 1726 Imperio
237 1639 375 1724 ejusque
399 1634 559 1700 relatione
582 1633 714 1698 adalia
737 1657 840 1719 regna
863 1633 1029 1721 quaedam
1053 1635 1138 1700 ordi·

17 1761 88 1802 nare
120 1736 298 1825 possent²)
344 1733 410 1799 Sed
440 1754 507 1797 non
540 1743 598 1814 est,
629 1755 690 1796 cur
719 1755 759 1797 ea
791 1732 832 1796 de
855 1734 1049 1819 quaestione
1073 1733 1137 1798 hoc

16 1835 78 1900 loco
111 1855 264 1922 agamus.
311 1832 445 1896 Etenim
477 1852 660 1912 censemus,
695 1831 860 1896 Joannem
885 1831 1002 1896 XXII
1035 1831 1136 1897 nulla·

14 1950 103 1999 tenos
127 1937 164 1998 in
190 1934 302 1997 animo
327 1929 482 1994 habuisse
505 1931 552 1992 ita
576 1951 686 1993 rerum
702 1928 927 1993 conditionem
950 1931 1136 2009 immutare,

14 2030 290 2096 constitutionem
319 2037 430 2092 autem
465 2026 517 2090 Ne
540 2037 728 2114 praetereat
757 2025 800 2092 ab
831 2028 902 2113 ipso
927 2049 989 2092 nec
1011 2026 1135 2092 factam

13 2151 66 2194 nec
99 2129 230 2194 editam
260 2125 379 2207 fuisse,
415 2124 473 2189 sed
505 2124 743 2189 documentum
774 2147 844 2190 esse
874 2126 1133 2212 supposititium.

11 2225 179 2292 Gravibus
203 2226 409 2309 argumentis
432 2223 466 2287 i'd
491 2223 693 2308 nuperrime,
716 2221 827 2287 libello
838 2224 911 2309 jam
928 2224 1039 2306 citato,
1063 2245 1135 2308 pro·

12 2323 95 2390 bavit
120 2323 259 2404 Felten3
293 2323 428 2406 longum
461 2329 572 2384 autem
602 2319 696 2403 foret,
734 2332 929 2406 argumenta
962 2320 1045 2386 haec
1076 2343 1135 2407 per

10 2423 137 2508 aingnla
168 2421 336 2486 evolvere.
382 2418 485 2484 Gesta
508 2419 649 2484 Joannis
679 2441 739 2504 per
767 2428 872 2484 totum
902 2419 1132 2505 pontificatum

8 2543 95 2586 snum
124 2519 215 2585 nihil
238 2541 317 2605 prae
341 2541 375 2582 se
399 2517 518 2597 ferunt,
548 2539 591 2580 ex
614 2539 679 2602 quo
703 2516 864 2581 inferatur
886 2540 962 2582 eum
988 2517 1132 2582 voluisse

10 2619 183 2684 relationes
214 2617 348 2682 Italiam
380 2618 466 2680 inter
497 2624 530 2679 et
559 2615 742 2699 Imperium
784 2614 921 2694 solvere,
959 2616 1017 2681 sed
1053 2617 1132 2680 satis

8 2718 196 2798 ostendunt,
222 2737 298 2780 eum
322 2714 464 2778 voluisse
488 2737 620 2778 servare
644 2737 753 2779 rerum
778 2726 899 2779 statum
926 2715 972 2778 uti
992 2715 1065 2800 jam
1088 2736 1132 2778 ex

8 2813 161 2881 diuturno
188 2823 337 2900 tempore
359 2811 569 2877 subsistebat.
607 2812 677 2876 Nec
702 2813 735 2876 in
754 2811 986 2877 Decretalibus
1010 2833 1071 2876 nco
1095 2814 1130 2876 in

6 2912 69 2978 aliis
94 2913 313 2978 documentis
341 2910 554 2996 pontificatus
576 2912 718 2976 loannis
749 2909 789 2975 de
814 2909 870 2975 illa
893 2909 990 2975 Bulla
1021 2911 1131 2994 agitur

7 3011 50 3075 rel
79 3009 169 3098 quid
204 3005 371 3090 innuitur,
410 3030 489 3072 sane
521 3030 693 3095 nunquam
733 3007 895 3094 ejusmodi
930 3005 1129 3072 Constitutio

6 3111 175 3194 publicata
200 3105 274 3187 fuit,
306 3127 447 3192 eamque
471 3127 532 3170 nec
556 3128 649 3191 reges
673 3104 813 3186 Galliae,
847 3127 909 3170 neo
933 3106 1128 3170 Ludovicus

6 3211 217 3294 principesve
234 3203 435 3269 Germaniae
458 3204 616 3269 viderunt
639 3203 691 3268 vel
716 3215 953 3288 cognoverunt.
972 3191 1127 3270 'Tantum

7 3307 92 3371 nodo
136 3325 226 3388 vago
256 3302 434 3366 Minoritae
473 3301 575 3387 aliqui
609 3312 779 3388 apostatae
818 3302 889 3388 ejus
924 3304 1126 3368 mentionem

6 3403 138 3470 iaciunt.

80 3502 142 3568 60.
168 3499 272 3564 Porro
288 3500 436 3562 maxima
450 3498 546 3561 istius
563 3495 815 3561 Constitutionis
840 3519 916 3582 pars
933 3499 1127 3582 praesertim
1188 3483 1197 3496 ’

6 3598 266 3666 exlnatruoto'ooe
282 3595 338 3660 illa
353 3595 489 3659 Roberti
504 3597 591 3678 regis
597 3595 669 3681 jam
685 3605 942 3660 commemorata
953 3596 1127 3661 manifeste

7 3695 36 3760 td
51 3697 202 3762 verbum
216 3692 285 3758 fere
301 3691 480 3778 compilata
495 3701 554 3772 est,
578 3691 730 3757 etaltera
744 3693 916 3756 Instructio
937 3691 1127 3779 Goelforum

7 3807 42 3858 est
55 3795 160 3881 plane
176 3791 329 3877 ejusdem
343 3792 477 3855 tenoris.
513 3788 678 3855 Omnibus
695 3791 797 3874 igitur
812 3793 983 3876 perpensis
1007 3793 1124 3856 merito

8 3918 216 3931 ..........—--

63 3975 84 4042 ¹)
106 3971 169 4028 ctr.
190 3969 296 4037 Preger
314 3968 332 4023 l.
352 3984 374 4025 o.
393 3983 420 4036 p.
441 3967 482 4022 70.

61 4053 149 4124 ')Cl
169 4049 270 4114 Balan,
288 4048 368 4103 Ister.
394 4047 482 4104 d’Ital.
507 4047 540 4102 L.
558 4045 645 4102 XXX
672 4063 699 4103 n.
719 4047 743 4103 V
769 4046 868 4112 innuit,
897 4047 988 4102 varias
1011 4048 1125 4104 Robsrti

5 4135 62 4202 agis
80 4130 213 4202 querelas
232 4129 265 4183 de
283 4127 400 4197 Imperio
418 4143 451 4181 ac
468 4127 502 4182 de
519 4125 595 4181 tristi
613 4132 690 4181 statu
702 4126 802 4183 Italiae
817 4128 908 4197 justos
926 4128 1019 4184 tuisse.
1044 4130 1125 4184 Atta-

6 4229 49 4268 nen
75 4213 171 4268 multa
200 4210 228 4264 in
253 4209 311 4278 ejus
338 4209 531 4262 instructione
558 4213 729 4280 exaggerata
756 4215 784 4263 et
812 4210 901 4264 minus
926 4209 1042 4264 mndata
1066 4226 1124 4266 ease

6 4307 141 4348 noemin.

43 4395 193 4444 Janssnann,
208 4390 398 4430 Dissertationaa.
413 4389 478 4429 Tem.
495 4387 534 4428 vl.
930 4381 964 4434 14
