2844 4840
281 497 437 554 Jubileeum
456 513 474 551 a
490 495 631 584 Bonifatio
650 495 823 551 celebratum.
1077 493 1113 551 35

37 639 91 704 lstio
110 641 181 708 VIII
210 663 277 706 non
309 653 378 706 tam
399 641 609 724 institutum,
644 661 744 726 quarn
774 641 962 704 restitutum
989 639 1111 720 fuisse3

37 759 70 800 res
86 749 179 804 tamen
210 742 243 805 in
268 740 408 824 ancipiti
432 749 555 803 manet.
611 737 725 818 Quum
750 746 859 802 autern
884 737 1018 823 plurimi
1042 759 1114 824 pro·

36 847 86 920 pter
109 837 264 902 humanae
296 838 385 900 vitae
421 836 621 900 brevitatem
648 833 798 921 jubilaeo
828 837 908 901 anni
942 837 1112 901 centesimi

34 934 239 1017 frustrarentur,
268 944 382 1020 postea
406 932 561 998 Clemens
585 933 634 998 VI
661 931 848 1019 jubilaeum
879 932 1047 999 saeculare
1070 933 1114 999 ad

34 1053 263 1120 ununquemque
294 1054 420 1096 annum
452 1033 776 1117 quinquagesimum,
811 1030 966 1097 Urbanus
990 1033 1038 1097 VI
1071 1033 1114 1096 ad

32 1131 199 1213 rrigmimum
222 1132 368 1211 tertium,
393 1129 517 1194 Paulus
533 1129 567 1194 H
591 1128 635 1193 ad
659 1130 858 1212 vigesimum
883 1133 1035 1217 quintum
1060 1153 1114 1194 ex·

32 1226 181 1296 tenderunt.

95 1327 140 1391 tt.
169 1328 402 1392 Necessarium
427 1348 495 1392 non
519 1335 568 1390 est
591 1325 655 1390 lroc
678 1325 751 1390 loco
776 1327 958 1408 ostendere,
984 1327 1114 1393 Bonifa-

33 1421 91 1486 tium
115 1424 250 1510 jubilaei
286 1425 494 1490 institutione
527 1425 652 1510 optime
688 1424 729 1488 de
761 1423 913 1489 Ecclesia
945 1427 1114 1506 meruisse,

29 1517 244 1610 uberrimosque
258 1523 337 1589 inde
353 1522 542 1587 dimanasse
555 1523 645 1587 omni
661 1533 807 1607 ternpore
820 1523 955 1589 fructus.
983 1523 1117 1604 Quanta

29 1637 84 1682 sero
104 1622 311 1688 multitudine
342 1643 382 1684 ac
406 1622 529 1706 pietate
554 1619 667 1685 fideles
700 1643 742 1684 ex
766 1620 890 1684 dissitis
914 1642 1045 1706 quoque
1069 1643 1116 1684 re·

28 1717 149 1795 sionibus
156 1719 296 1784 Romam
308 1721 522 1802 cucurrerint,
536 1717 778 1784 referuntillius
787 1721 944 1804 temporis
954 1731 1115 1800 auctores,

29 1825 52 1874 rt
68 1814 216 1882 Paulinus
239 1818 339 1900 Petri,
365 1827 397 1881 et
421 1815 606 1882 Gulielmus
629 1817 789 1898 Ventura,
808 1818 957 1882 Estensis
981 1818 1116 1884 chrono-

26 1913 151 1997 paphus.
160 1919 183 1996 ¹)
231 1915 466 2002 Opportunum
499 1937 576 1980 vero
601 1917 663 1980 erit
686 1915 742 1980 hic
766 1915 935 1981 Venturae
960 1920 1116 1982 narratio·

25 2029 79 2074 sen
99 2014 226 2098 referre,
251 2035 289 2078 eo
314 2011 367 2077 vel
392 2014 507 2096 magis,
542 2012 631 2098 quod
655 2012 697 2078 de
720 2011 944 2078 oblationibus
968 2015 1117 2080 fidelium
1147 2027 1274 2068 Gutus·

25 2111 160 2190 quasdam
175 2111 278 2178 habet
292 2111 417 2192 odiosa,
443 2133 529 2199 quae
553 2123 664 2176 tamen
689 2133 731 2174 ex
755 2111 820 2176 alio
844 2123 977 2177 auctore
993 2116 1117 2200 optime
1140 2090 1165 2129 ¹¹¹
1179 2089 1273 2132 um

21 2205 218 2290 explicantur.
261 2210 404 2292 ,Notum
422 2212 519 2291 facio,
544 2210 669 2291 scribit,
694 2208 848 2274 omnibus
863 2209 1018 2276 fidelibus
1033 2212 1117 2276 chri·

22 2304 123 2386 alianis,
154 2307 243 2394 qnod
268 2309 311 2373 de
333 2331 421 2374 anno
453 2307 627 2374 millesimo
651 2309 880 2372 trecentesimo
913 2308 955 2372 ab
981 2307 1117 2376 Oriente

22 2413 45 2462 et
70 2402 247 2470 Occidente
279 2417 347 2471 tam
380 2409 443 2492 viri
476 2429 574 2494 quam
611 2406 765 2470 mulieres
798 2427 840 2469 ex
875 2409 965 2471 omni
997 2429 1117 2492 genere

20 2497 189 2585 christiano,
224 2504 461 2570 innumerabili
495 2506 681 2592 quantitate
713 2502 843 2568 veloces
875 2505 1015 2570 Romam
1047 2528 1117 2592 per·

19 2610 109 2678 gentes
132 2601 292 2668 dixerunt
315 2603 499 2667 Bonifatio:
533 2603 587 2668 Da
611 2601 707 2668 nobis
735 2599 1002 2668 benedictionem
1025 2614 1116 2670 tuam

19 2710 170 2784 autequam
198 2702 389 2765 moriamur.
436 2701 641 2766 Audivimus
669 2702 757 2764 enim
782 2699 824 2764 ab
848 2702 1003 2786 antiquis,
1028 2702 1118 2788 quod

17 2795 142 2882 quisquis
167 2797 379 2863 Christianus
410 2803 499 2864 omni
525 2820 612 2862 anno
638 2799 816 2862 centesimo
841 2800 1027 2864 visitaverit
1050 2823 1118 2866 cor·

18 2895 263 2972 porabeatorum
287 2897 511 2982 apostolorum
535 2898 622 2960 Petri
646 2905 679 2960 et
702 2895 809 2976 Pauli,
833 2894 917 2960 liber·
940 2899 983 2961 sit
1005 2907 1074 2962 tam
1099 2923 1118 2963 a

15 2989 94 3076 culpa
108 3017 211 3080 quam
228 3018 247 3059 a
263 3017 381 3080 poena.
408 3047 414 3062 .
435 3049 440 3061 .
459 3045 466 3060 .
492 2993 684 3058 Mirandum
701 3003 760 3075 est,
785 3004 864 3080 quot
879 2996 1003 3078 passim
1025 2995 1119 3060 ibant

15 3088 114 3153 viriet
136 3092 304 3175 mulieres,
337 3095 393 3180 qui
418 3115 505 3158 anno
536 3091 591 3158 illo
615 3092 741 3157 Romae
773 3091 916 3170 fuerunt,
949 3095 1027 3178 quia
1057 3116 1118 3180 ego

13 3183 50 3248 ibi
76 3189 120 3253 fni
152 3201 186 3255 et
219 3213 277 3276 per
308 3191 379 3256 dies
410 3191 476 3256 XV
505 3193 591 3255 steti.
638 3191 691 3254 De
715 3213 810 3276 panc,
838 3192 926 3272 vino,
951 3193 1118 3273 carnibus,

14 3283 149 3368 piscibus,
175 3299 210 3352 et
233 3312 342 3354 avena
366 3289 490 3354 bonum
515 3300 697 3354 mercatum
722 3286 768 3352 ibi
794 3299 882 3369 erat3
908 3291 1043 3356 foenum
1067 3315 1117 3356 ca·

11 3383 158 3451 rissimum
185 3387 233 3451 ibi
257 3387 340 3468 fuit3
376 3387 520 3474 hospitia
550 3389 732 3463 carissima,
763 3386 872 3452 taliter
902 3387 990 3474 quod
1013 3387 1119 3454 lectus

12 3497 86 3546 neus
115 3495 148 3548 et
179 3487 259 3570 equi
290 3487 354 3550 mei
384 3509 483 3572 super
513 3486 611 3550 foeno
645 3495 678 3548 et
708 3507 817 3550 avena
840 3484 1013 3551 constabat
1035 3487 1118 3552 milri

10 3583 172 3648 tornesium
206 3605 312 3648 unum
348 3607 509 3668 grossum.
566 3583 692 3648 Exiens
724 3583 765 3648 de
797 3583 903 3648 Roma
931 3584 967 3648 in
1001 3583 1118 3668 vigilia

11 3671 186 3746 Nativitatr‘s
205 3679 339 3764 Christi,
366 3683 435 3748 vidi
453 3682 586 3746 turbam
602 3701 757 3766 magnam
783 3703 883 3767 quam
907 3680 1118 3747 dinumerare

10 3793 87 3840 reno
111 3789 262 3864 poterat3
293 3781 437 3844 etfama
462 3789 532 3844 erat
555 3781 641 3843 inter
665 3779 841 3860 Romanos,
867 3777 955 3864 quod
979 3779 1026 3844 ibi
1049 3780 1118 3844 fue·

10 3887 68 3936 unt
80 3876 151 3960 plus
164 3899 270 3965 quam
287 3879 406 3963 viginti
432 3889 565 3942 centum
582 3875 685 3941 millia
702 3878 849 3940 virorum
873 3884 906 3940 ct
930 3875 1117 3942 mulierum.

10 3967 117 4038 Plurics
141 3997 205 4061 ego
232 3975 302 4040 vidi
328 3975 374 4039 ibi
400 3989 466 4040 tam
492 3977 580 4039 viros
605 3995 703 4060 quam
730 3972 883 4038 mulieres
907 3973 1118 4039 conculcatos

9 4068 57 4130 snb
78 4073 223 4156 pedibus
247 4071 404 4152 aliorum3
438 4083 470 4137 et
494 4075 593 4137 etiam
618 4084 749 4156 egomet
772 4072 805 4135 in
831 4069 946 4135 eodem
970 4071 1118 4156 periculo

35 4216 111 4226 ·····
114 4219 208 4228 uam-—

70 4289 87 4354 ¹)
107 4285 162 4340 Cla
183 4285 273 4348 Tosti,
293 4283 322 4338 Τ.
344 4283 380 4339 11.
401 4284 569 4342 Documenti,
590 4283 662 4337 Nota
681 4283 712 4337 E.

976 4371 1009 4426 3*
