2850 4834
371 525 412 579 De
427 523 538 594 justitie
557 523 719 579 abolitionis.

24 671 119 750 Jreoibn
140 669 283 747 ablatum,
307 667 460 753 quomodo
484 670 518 731 in
536 679 622 731 tauto
640 667 819 733 miserando
837 689 912 730 casu
936 679 1107 752 temperare

27 764 210 848 olocrymis?
240 817 247 832 .
273 815 280 830 .
307 822 313 831 .
348 765 420 829 Heu
429 770 441 828 l
482 765 569 830 Ordo
600 763 655 829 ille
686 777 749 829 tani
776 763 912 828 illustris
936 775 965 828 et
983 775 1108 850 potens,
1137 764 1262 876 ”32:2⁰⁸

23 887 87 946 qoem
106 889 163 928 non
184 863 440 950 dedipnabantur
457 865 624 949 principes
647 863 775 941 saeculi,
800 865 855 949 qui
871 875 977 928 tantos
994 863 1108 926 edune—
1229 853 1235 866 ⁸

24 972 59 1022 rot
78 966 159 1040 ciros,
185 975 327 1027 strennos
350 959 476 1040 milites,
507 983 675 1048 penerosoe
698 961 878 1026 nobilitatis
900 962 1058 1048 refugium
1081 973 1110 1025 et

21 1059 157 1139 stasilium,
179 1061 229 1124 cui
243 1063 379 1148 majores
396 1071 426 1122 et
442 1061 588 1123 authores
611 1061 672 1123 moi
695 1069 814 1124 tantum
839 1060 996 1123 debitores
1019 1070 1111 1122 erant

21 1167 40 1214 et
64 1157 194 1236 decincti,
234 1160 285 1222 cni
318 1169 362 1221 tot
392 1157 549 1234 arnandi,
590 1157 770 1223 consobrini
803 1170 833 1222 et
862 1169 1012 1243 parentes
1050 1159 1112 1221 nisi

19 1252 149 1320 Pelliserii
169 1280 221 1322 seu
245 1255 411 1320 Pellioorii
433 1279 486 1320 seu
510 1253 681 1342 Pelliparii
703 1260 887 1334 servierant,
913 1257 1001 1342 apud
1024 1278 1112 1342 quem

19 1351 190 1418 nloiererant
226 1365 255 1417 et
285 1355 412 1417 virtutis
447 1353 575 1418 bellicae
608 1366 637 1418 et
665 1355 787 1440 pieriae
818 1357 902 1418 eiuro
933 1355 1112 1440 amplexati

13 1449 120 1532 filerunt
148 1466 174 1516 et
205 1453 315 1528 secreti,
347 1452 398 1515 cnei
428 1452 498 1514 ideo
531 1463 596 1515 tom
627 1454 744 1516 strictis
776 1453 909 1516 uinculis
939 1453 1111 1516 adstrictus

17 1572 89 1628 non,
114 1551 189 1614 beu!
218 1547 366 1613 horribili
389 1561 419 1613 et.
442 1551 594 1635 leucosque
618 1552 765 1615 inaudito
789 1551 867 1638 fato
884 1547 956 1640 jain
970 1551 1057 1636 fuit,
1082 1567 1112 1618 et

14 1651 124 1713 errauit.
170 1650 324 1712 Peaeum
347 1649 423 1711 mibi
446 1647 546 1712 adbuc
570 1659 616 1713 est
639 1659 669 1712 et
693 1651 753 1712 erit
776 1673 896 1736 semper
910 1649 1034 1736 fatalis
1056 1649 1111 1714 ille
1214 1707 1217 1712 ⁴

15 1745 76 1822 tiu,
109 1749 240 1810 immone
264 1757 448 1833 portentum
480 1746 563 1810 illud
586 1758 691 1810 mouet
715 1747 906 1812 alta'mente
930 1750 1110 1835 repositum.

16 1843 145 1909 Terribile
175 1843 316 1910 eoelestis
348 1847 417 1909 irae
448 1857 677 1910 monumentum
710 1859 739 1910 et
771 1844 912 1911 salutare
939 1847 1112 1910 identidem

13 1945 122 2022 posteris
143 1945 303 2022 mortitam,
328 1943 411 2030 quod
424 1942 516 2027 filios
539 1966 621 2008 meos
645 1967 766 2031 semper
782 1956 855 2008 unm
871 1943 977 2008 oculos
1000 1945 1111 2008 babere

13 2037 105 2123 sellem,
129 2053 157 2104 et
173 2041 256 2127 quod
278 2043 313 2104 in
338 2043 492 2126 supremis
516 2041 633 2104 tubulis
652 2065 716 2128 pro
741 2065 846 2106 eorum
869 2042 1008 2108 utilitate
1031 2045 1112 2128 ipsis

13 2139 135 2226 subjicere
152 2145 257 2228 jueot,
281 2151 316 2202 ut
340 2139 471 2202 diuitias
494 2163 558 2202 uon
582 2137 733 2218 ambiant,
765 2139 937 2218 mollitiem,
968 2139 1111 2220 delicias,

13 2241 121 2300 nimime
145 2240 179 2300 in
202 2238 276 2301 uino
299 2237 587 2323 intemperantiam,
613 2261 732 2302 necnon
747 2238 912 2302 muliebres
935 2237 1110 2316 illecebras,

13 2333 113 2421 rliapse
137 2339 217 2400 uitia
241 2347 271 2398 et
287 2335 480 2422 praesertim
513 2357 619 2399 eorum
643 2347 774 2399 matrem
803 2338 900 2400 otium
922 2337 1112 2422 suplantet

13 2433 193 2512 rblrorreant,
227 2434 282 2498 sed
305 2431 391 2498 solae
420 2435 549 2516 uirtuti,
575 2434 695 2518 pietati
703 2485 711 2511 ,
745 2435 894 2519 relipioui
925 2445 987 2498 toto
1020 2434 1112 2497 corde

13 2532 142 2612 redeant,
168 2529 354 2595 liberalibus
370 2531 551 2616 disciplinis
567 2532 705 2594 arsimnm
721 2531 873 2611 imbuant,
898 2543 928 2595 et
938 2535 1112 2618 praecipue

13 2633 55 2690 uti
76 2628 205 2693 bellicae
229 2651 309 2715 quae
332 2630 419 2714 ipsos
443 2627 538 2712 decet,
563 2627 683 2709 sedulo,
715 2640 849 2706 strenue,
874 2641 904 2693 et
927 2633 1043 2694 acriter
1066 2633 1112 2693 iu-

13 2727 139 2792 nmbont.
192 2717 399 2799 Quamobrem
419 2749 485 2812 pro
512 2728 715 2790 incitamento
739 2729 873 2792 monitos
898 2738 1019 2792 tontum
1042 2729 1112 2792 eolo

13 2823 32 2884 le
50 2827 99 2889 boc
122 2838 153 2891 et
168 2825 287 2911 futuro
311 2826 460 2889 etiamst
484 2825 641 2888 tremendo
665 2825 729 2888 Dei
744 2824 913 2913 judicio.¹)

74 2925 126 2989 31.
161 2925 341 2988 Intrinseca
364 2922 442 2986 dein
466 2931 671 3007 argumenta,
697 2923 919 2987 confessiones
943 2919 1283 3022 videlicet,⁰,ss‡‡'ffi³o⁰⁸

13 3019 209 3105 lepositiones
244 3033 276 3084 et
311 3021 559 3084 testificationes
594 3019 803 3105 multiplices,
844 3043 929 3108 quse
964 3043 1006 3085 ex
1039 3025 1110 3109 ipso
1175 2995 1232 3084 rim.

13 3139 137 3183 >recessu
162 3117 427 3204 Templariorum
454 3116 662 3204 colliguntur,
688 3119 874 3194 ostendunt,
899 3123 1112 3204 gravissimas

13 3239 99 3283 svera
122 3218 269 3282 rationes
293 3216 404 3298 fuisse,
430 3227 467 3281 ut
491 3215 545 3280 ille
571 3215 661 3281 Ordo
686 3219 964 3303 supprimeretur;
990 3221 1112 3284 omnis-

13 3335 51 3400 pe
77 3316 132 3380 illa
167 3317 296 3379 motiva
320 3335 404 3401 quse
428 3314 471 3378 ab
496 3316 567 3399 ipso
593 3312 763 3378 Clemente
787 3317 822 3379 in
845 3313 943 3380 Bulla
982 3316 1050 3379 Voce
1078 3319 1114 3380 in

13 3415 103 3478 acciso
128 3414 316 3478 efferuntur
339 3433 398 3496 pro
422 3412 602 3477 abolitione
619 3411 765 3495 Ordinis,
791 3415 972 3478 maximam
997 3435 1114 3478 revers

13 3513 55 3575 'im
77 3512 215 3576 hebent
262 3509 505 3596 Multiplicibus
536 3533 579 3574 ex
603 3511 800 3576 criminibus
824 3511 1029 3598 Templnrios
1054 3511 1112 3578 dif-

13 3625 125 3675 rmatos
149 3609 262 3691 fnisse,
287 3619 320 3672 et
344 3607 463 3674 multos
487 3609 585 3673 etiem
611 3631 683 3673 reos
707 3610 817 3690 fuisse,
849 3612 962 3694 negari
988 3611 1112 3696 nequit.

13 3707 50 3772 'er
71 3709 176 3774 mults
202 3717 343 3772 centens
366 3706 642 3792 Templeriorum,
674 3707 762 3792 (plus
785 3729 886 3793 quem
921 3707 985 3771 diro
1010 3707 1114 3772 millis

13 3809 105 3872 icitur
129 3810 164 3871 in
189 3816 267 3869 voto
296 3807 443 3890 episcopi
474 3806 546 3891 jam
571 3805 713 3885 citat02),
742 3807 824 3869 ritus
856 3807 950 3890 impii
975 3821 1008 3869 et
1031 3806 1114 3869 vitia

14 3905 149 3970 firmata
180 3904 326 3969 friernnt.
373 3903 483 3989 Atque
518 3903 741 3988 depositiones
778 3904 860 3967 istae
895 3903 1002 3968 fectae
1038 3913 1115 3968 sunt

14 4027 48 4068 on
71 4015 205 4069 tentum
229 4024 289 4088 per
311 4001 444 4066 Fratres
469 4001 606 4068 Ordinis
630 4003 822 4084 servientes,
848 3999 905 4066 sed
931 4003 1031 4067 etiem
1055 4025 1115 4088 per

54 4229 74 4297 Γ)
94 4223 260 4280 zeitschrift
278 4222 324 4277 tur
342 4222 488 4292 Theologie
506 4221 680 4292 (Innsbrnck)
701 4222 779 4278 1879.
799 4237 824 4290 p.
844 4223 907 4276 eet.

55 4319 76 4378 ·)
94 4305 179 4376 Apud
198 4303 333 4372 Reynsld.
352 4303 386 4358 sd
405 4319 429 4359 s.
445 4305 523 4360 1311.
542 4319 568 4358 n.
588 4304 631 4358 55.
