2836 4848
232 445 320 500 Lucra
338 445 469 501 Frideriei
488 447 517 502 11
535 463 596 502 com
614 447 672 502 RR
692 446 878 502 Pontificibus.
1064 445 1118 502 409

25 610 59 650 res
77 597 205 672 vertere,
229 599 266 653 ut
288 589 430 654 Romani
453 590 625 656 Pontificio
655 591 850 654 auctoritate
879 591 979 654 etiam
1002 589 1116 654 abute-

23 698 90 750 retur
110 686 151 752 ad
178 688 405 752 consilia'sua
434 689 562 774 perfida
595 699 627 753 et
658 688 801 775 superba
834 686 1040 774 exequenda.
1074 724 1112 736 -

23 781 120 848 Conna
150 787 309 870 promissa
338 785 524 872 Imperator
555 809 633 852 mox
664 808 719 851 eos
750 795 942 872 persecutus
966 794 1024 866 est,
1058 785 1115 871 qui

21 881 207 966 expertibus
228 883 401 949 Pontificio
432 893 604 966 steterant,
637 885 830 970 praesertim
862 881 1117 966 Hospitaliarios

20 990 41 1040 et
59 979 261 1065 Templarios,
287 984 334 1046 ita
351 993 388 1046 ut
404 980 585 1067 Gregorius
610 1003 649 1046 ea
673 982 715 1046 de
739 1003 774 1046 re
797 1003 873 1046 eum
891 1003 1025 1046 monere
1049 980 1117 1045 adi·

18 1089 132 1151 geretur.
182 1079 414 1164 Promulgavit
436 1081 513 1145 dein
538 1102 598 1167 pro
620 1101 723 1164 regno
744 1079 878 1146 Siciliae
902 1079 1052 1146 codicem
1074 1079 1116 1143 le

17 1193 85 1254 gum,
114 1199 133 1239 a
156 1177 352 1243 cancellario
377 1200 436 1244 suo
460 1179 557 1244 Petro
582 1178 624 1242 de
647 1178 766 1242 Vincis
791 1179 1021 1263 compositum,
1046 1179 1117 1262 qui·

17 1269 62 1334 bus
81 1273 245 1340 Ecclesiae
269 1277 499 1341 auctoritatem
530 1275 731 1356 coarctabat,
763 1285 796 1340 ot
818 1275 1004 1340 absolutam
1028 1284 1114 1361 pote·

17 1378 109 1432 sutem
132 1374 267 1456 regiam,
289 1395 310 1437 a
334 1396 400 1460 qua
424 1376 537 1439 omnia
561 1374 797 1460 dependerent,
821 1373 1018 1456 (secundum
1043 1395 1116 1438 ceu·

16 1465 202 1535 ualisationis
225 1472 314 1557 quod
339 1471 462 1537 dicitur
485 1475 657 1556 systema),
682 1471 858 1536 statuebat.
908 1470 1018 1555 Aegre
1041 1471 1117 1536 tulit

16 1583 44 1624 ea
63 1564 97 1628 de
113 1589 147 1630 re
170 1569 416 1634 admonitiones
440 1569 593 1655 Gregorii
609 1569 670 1648 IX,
696 1571 752 1655 qui
776 1580 889 1634 tamen
912 1571 1045 1634 nonnisi
1069 1571 1116 1634 in·

16 1659 129 1744 directe,
161 1688 221 1751 per
245 1665 481 1732 Collectionem
513 1667 739 1732 Decretalium
764 1689 909 1748 suarum,
939 1668 1029 1732 hisce
1060 1668 1115 1732 ob·

16 1759 84 1822 viare
105 1765 196 1829 nisus
221 1776 279 1830 est.
303 1803 347 1814 -
372 1765 472 1832 Anno
499 1765 585 1830 1232
616 1765 807 1830 Friderious
831 1765 864 1830 Il
893 1766 1028 1829 comitia
1050 1767 1115 1829 Im-

14 1859 76 1938 perii
98 1864 202 1926 tenuit
232 1864 424 1946 Ravennae,
459 1864 573 1950 ibique
604 1863 716 1949 plures
745 1863 834 1948 leges
865 1863 970 1928 edidit
1000 1874 1115 1928 eontra

14 1949 154 2022 libertates
193 1964 453 2048 municipiorum
496 1962 629 2044 ltaliae,
668 1963 814 2026 maxime
848 1961 1114 2048 Longobardiae,

14 2051 151 2140 simulque
183 2057 272 2144 leges
302 2059 379 2124 tulit
411 2081 544 2124 severas
577 2069 692 2124 contra
727 2057 924 2141 haereticos,
957 2081 1038 2145 quos
1070 2047 1114 2125 a'd

12 2167 128 2230 poenam
153 2159 226 2240 rogi
257 2157 504 2222 condemnavit.
559 2155 625 2222 Sed
649 2157 730 2222 dum
755 2157 938 2222 Saracenos
969 2159 1114 2222 maxime

14 2245 131 2330 larebat,
157 2253 223 2318 illis
246 2255 377 2340 legibus
401 2265 517 2320 contra
541 2255 725 2320 haereticos
750 2257 843 2320 vario
868 2253 965 2319 modo
989 2254 1114 2320 abusus

14 2359 55 2408 at.
94 2349 168 2416 Non
192 2352 299 2419 solum
323 2365 516 2439 persecutus
541 2364 590 2417 est
612 2352 723 2438 plures
741 2352 939 2435 Catholicos,
964 2353 1021 2438 qui
1036 2373 1113 2417 eum

14 2443 212 2533 offenderant,
251 2451 325 2534 sub
346 2460 539 2538 praetextu,
576 2451 665 2539 quod
703 2451 859 2515 haeretici
891 2460 1016 2532 esseut,
1055 2451 1112 2515 sed

14 2543 110 2610 exinde
125 2547 367 2634 Longobardos
389 2549 580 2615 libertatum
597 2561 740 2631 tenaces,
765 2571 803 2614 eo
827 2548 917 2635 quod
940 2550 975 2612 in
998 2571 1112 2614 eorum

14 2637 181 2710 civitatibus
206 2657 320 2712 coetus
344 2647 585 2713 baereticorum
607 2649 846 2728 invenirentur,
871 2668 986 2711 omnes
1009 2648 1113 2711 oonsi-

14 2731 118 2806 deravit
147 2753 185 2808 ut
217 2744 400 2811 haereticos
433 2757 467 2811 et
495 2747 642 2812 fautores
672 2744 923 2812 haereticorum.
976 2744 1112 2831 Imperii

14 2850 108 2920 sutem,
132 2843 224 2928 quod
248 2845 296 2909 uti
320 2845 556 2911 Pontificatum
581 2845 744 2911 divinitus
768 2847 956 2910 institutum
980 2852 1112 2907 conten·

14 2925 97 3016 debat,
120 2962 259 3027 scopum
284 2942 501 3029 principalem
531 2965 600 3008 esse
625 2944 759 3008 dicebat
786 2943 931 3007 haeresis
954 2943 1112 3026 exstirpa·
1175 2981 1179 2999 .

14 3029 120 3114 tionem,
144 3039 295 3126 adeoque
314 3041 386 3126 jem
409 3041 650 3124 Longobardos
681 3051 718 3106 ut
740 3041 822 3106 tales
850 3042 1029 3106 insectatus
1053 3047 1111 3121 est,

14 3143 59 3208 luo
86 3133 218 3202 facilius
253 3137 439 3204 libertatem
473 3163 513 3204 ac
540 3139 618 3225 jura
649 3161 762 3204 eorum
796 3138 988 3203 destrueret.
1039 3137 1111 3201 Imo

15 3227 87 3294 etiam
109 3236 309 3322 postulabat,
335 3249 371 3302 ut
386 3238 541 3302 Pontifex
560 3249 675 3302 contra
690 3236 930 3323 Longobardos
953 3245 1111 3321 tanquam

15 3317 167 3398 haereticos
191 3337 399 3402 auctoritatis
422 3357 502 3400 suae
526 3334 711 3401 subsidium
736 3337 766 3400 ei
790 3343 980 3422 praestaret.

79 3429 126 3496 23.
151 3431 334 3519 Gregorius
357 3433 409 3499 IX
432 3434 568 3520 quidem
592 3433 774 3499 identidem
799 3433 969 3497 Friderico
993 3430 1111 3515 adsuit,

16 3533 36 3582 tt
55 3525 82 3588 iu
108 3531 320 3596 commodum
352 3534 457 3618 ipsius
490 3531 672 3596 concordia
701 3553 777 3594 oum
802 3529 1034 3614 Longobardis
1063 3553 1110 3594 re·

16 3631 202 3712 itauraretur,
235 3653 296 3696 neo
327 3633 437 3696 minus
468 3640 582 3695 eontra
613 3631 795 3695 Henricum
829 3628 933 3693 filium
967 3628 1038 3714 ejus
1060 3651 1109 3692 ra

16 3715 105 3790 uilem
128 3751 206 3793 eum
222 3731 416 3793 auctoritate
440 3749 499 3792 sua
516 3727 697 3793 auxiliatus
713 3738 771 3792 est.
806 3727 858 3792 Ita
874 3749 979 3812 usque
994 3725 1038 3790 ad
1052 3749 1109 3791 an·

16 3829 176 3892 auulsas
209 3851 276 3913 pax
301 3849 377 3892 eum
400 3826 572 3909 Pontifics,
605 3826 704 3912 hujus
728 3825 906 3912 prudentia
929 3833 962 3888 et
984 3826 1109 3910 patien-

17 3915 53 3998 tia,
72 3937 194 3990 servata
220 3926 291 3991 suit.
338 3923 404 3990 Sed
427 3924 550 3989 exinde
574 3927 714 4012 majores
738 3923 951 3989 difficultates
975 3932 1109 3988 exortae

17 4029 78 4082 sunt.
118 4023 310 4089 Fridericus
333 4025 438 4105 enim,
470 4045 572 4108 quum
597 4045 634 4088 eo
659 4033 817 4109 tempore,
848 4020 947 4086 rebus
971 4023 1004 4085 iu
1029 4019 1108 4086 Ger

17 4119 100 4182 uaria
128 4122 273 4188 secunde
309 4120 514 4206 compositis,
552 4142 758 4206 regnumque
791 4118 925 4184 Siciliae
958 4119 1108 4184 absoluto

17 4207 131 4282 dominio
153 4230 281 4306 tenens,
314 4219 357 4284 ad
382 4239 537 4303 magnam
570 4220 754 4305 potentiam
785 4219 1009 4304 pervenisset,
1035 4217 1107 4303 jam
