2964 4838
316 415 370 468 478
514 414 641 470 xxxvi.
662 415 702 468 De
720 422 796 470 statu
817 415 955 471 Ecclesiae
972 415 1053 472 initio
1070 418 1145 472 Saec.
1164 419 1238 474 XVI.

201 561 292 602 '⁸v⁰¹¹³·
317 561 427 644 sponsi
460 567 555 622 erant
578 579 640 622 nec
665 561 859 624 miserorum
889 562 1077 625 imminenti
1111 561 1302 626 ustulatione
1325 585 1412 627 move·

195 637 251 666 '⁰⁸'
317 657 456 738 bantur,
492 679 567 720 cum
593 657 925 740 animadvertissent,
962 657 1160 742 sacrilegum
1184 662 1307 725 facinus
1328 673 1412 745 patra·

316 765 406 818 turos
430 755 608 839 Deumque
632 755 734 840 impio
758 765 958 838 tentaturos,
994 758 1021 820 si
1046 779 1174 822 sacram
1198 757 1412 822 Eucharistian
1458 787 1459 838 4

316 851 460 916 flammis
484 851 599 916 inferri
625 864 831 938 paterentur,
868 854 1092 942 spectaculum
1118 857 1295 943 prudenter
1323 857 1412 920 dissoi·
1458 911 1459 914 ,

316 959 445 1016 verunt.
486 949 533 1014 At
555 949 697 1036 populus
721 952 864 1037 prodigii
883 953 1002 1038 jactati
1027 957 1274 1040 exspectatione
1296 954 1413 1025 delusus,

318 1047 557 1114 Savonarolam
582 1057 618 1112 nt
643 1048 853 1134 hypocritam
878 1061 911 1115 et
934 1051 1269 1138 pseudoprophetam,
1299 1053 1348 1138 qui
1368 1051 1413 1115 Er·

317 1145 452 1210 clesiam
469 1165 535 1209 non
552 1146 685 1210 audiret
697 1169 797 1234 aeque
813 1148 922 1213 audiri
940 1147 1048 1230 vellet,
1060 1151 1234 1215 traducere
1249 1153 1414 1236 coepit.“-

316 1244 355 1308 In
381 1265 547 1308 carcerem
581 1244 703 1309 deinde
736 1246 885 1332 dejectus
918 1250 1014 1334 eique
1043 1269 1215 1334 processus
1248 1249 1345 1312 factus
1365 1263 1413 1327 req

316 1351 391 1406 acta
407 1341 546 1406 Romam
570 1346 765 1408 transmissa
788 1345 923 1410 fuerunt
946 1344 1060 1432 ibique
1083 1367 1159 1411 reus
1183 1347 1413 1412 declaratusest.

317 1439 490 1506 Generalis
524 1440 661 1508 Ordinis
694 1443 967 1509 Praedicatoruin
991 1446 1151 1529 Magister
1185 1455 1218 1509 et
1251 1444 1413 1509 Romoiinus

317 1540 501 1624 Episcopus
526 1549 639 1624 postea
664 1539 852 1606 Cardinalis
875 1543 1091 1606 Surrentinus
1123 1542 1266 1628 delegati
1290 1565 1308 1606 a
1330 1541 1412 1604 Ponti·

316 1637 378 1702 fice
405 1636 537 1724 judices
568 1636 660 1702 illum
686 1661 752 1702 una
776 1659 852 1703 cum
886 1639 1016 1704 duobus
1047 1639 1216 1706 sodalibus
1248 1637 1410 1705 sacerdotali

316 1747 453 1800 exutum
497 1735 659 1820 dignitate
694 1735 896 1802 Florentinis
932 1738 1180 1822 magistratibus
1223 1736 1408 1814 tradiderunt

316 1837 372 1921 qui
416 1834 470 1898 die
494 1835 556 1898 23⁰
579 1835 660 1921 Maji
691 1857 720 1899 a.
748 1835 833 1899 1498
873 1835 1115 1921 strangulatum
1148 1836 1269 1922 laqueo
1301 1834 1406 1898 damnis

316 1941 524 1998 exusserunt.

407 2031 459 2095 84.
489 2030 666 2114 Nonnulli,
691 2032 739 2094 uti
758 2032 829 2117 jam
855 2035 1060 2112 monuimus,
1087 2031 1301 2112 dubitarunt,
1328 2031 1400 2111 iniqu
1458 2047 1459 2068 ¹

316 2126 555 2194 Savonarolam
569 2149 762 2215 oppressum
775 2130 887 2212 fuisse,
901 2130 1035 2215 publica
1046 2151 1125 2194 vero
1138 2129 1229 2195 illius
1244 2127 1403 2216 judiciariae
1458 2099 1459 2180 i

316 2229 457 2292 actionis
465 2238 681 2292 monumenta
693 2225 744 2290 vel
753 2226 940 2293 adulterata
950 2227 993 2293 ab
1004 2229 1216 2310 adversariis,
1231 2225 1284 2292 rel
1295 2225 1407 2290 ilfnntot

317 2327 446 2391 dierum
471 2325 673 2389 cruciatibus
697 2326 837 2390 fractum
865 2347 907 2390 ex
931 2326 1078 2391 humana
1102 2325 1329 2390 imbecillitate
1341 2325 1407 2386 inter·

315 2425 503 2508 rogantium
529 2422 678 2507 cupidini
703 2445 828 2488 morem
859 2427 1008 2507 gessisse.
1056 2426 1280 2509 Constatque,
1310 2419 1408 2486 atrocis·

316 2524 416 2587 simas
447 2521 647 2602 calumnias,
685 2543 766 2607 quas
799 2524 832 2587 in
865 2523 1016 2588 Romana
1047 2523 1149 2587 Curia
1179 2541 1310 2608 sparsas
1336 2518 1409 2582 friat

315 2620 416 2686 refert
438 2618 669 2700 Burchardus,
705 2619 747 2683 de
771 2621 902 2684 arcanis
926 2619 1199 2705 exomologeseon
1232 2614 1409 2684 sandalibus

316 2718 365 2783 illi
389 2717 563 2804 patefactis
586 2718 722 2803 vitaque
746 2720 877 2804 impura
901 2741 941 2783 ac
965 2719 1134 2803 sacrilegis
1164 2719 1346 2804 inquinata,
1365 2733 1410 2775 on·

317 2819 395 2881 nino
426 2813 507 2880 falso
538 2814 667 2880 affictas
698 2815 811 2881 fuisse.
857 2815 975 2903 Neque
1006 2817 1176 2882 doctrinae
1209 2815 1408 2880 baereticaea

316 2913 521 2981 Savonarola
543 2915 577 2978 in
602 2914 734 3001 scriptis
758 2917 826 2980 suis
850 2916 1125 3002 sermonibusque
1144 2915 1328 3002 propositae
1347 2915 1407 2973 sunt

317 3012 383 3080 Sed
412 3011 530 3078 ardore
554 3010 756 3098 imprudenti
782 3023 814 3076 et
837 3012 1017 3078 fervidiore
1042 3013 1279 3098 imaginatione
1308 3005 1409 3071 delusus

316 3115 351 3178 in
375 3111 496 3178 multos
520 3109 639 3176 incidit
661 3131 827 3176 exaesam.
867 3110 963 3190 Quae
987 3112 1040 3176 vel
1063 3134 1107 3178 ex
1131 3134 1155 3176 s.
1177 3107 1349 3193 Scripturia
1367 3097 1409 3164 col·

315 3210 374 3296 ligi
399 3210 462 3294 ipsi
486 3210 559 3271 visa
582 3221 669 3290 sunt,
696 3208 748 3272 vel
772 3210 1021 3292 imaginationis
1046 3232 1125 3274 suae
1148 3209 1277 3274 somnia
1298 3201 1408 3268 falbcia

317 3329 418 3394 quum
443 3306 568 3370 lumine
593 3305 708 3370 divino
731 3307 794 3371 sibi
819 3327 858 3370 ea
883 3309 1030 3371 immissa
1049 3316 1227 3393 reputaret,
1251 3305 1408 3382 instarpnr

316 3405 437 3494 phetae
461 3402 666 3468 multitudini
691 3401 928 3488 annuntiabat,
960 3404 1088 3470 futuras
1111 3403 1228 3469 Italiae
1255 3400 1407 3465 vaticinans

317 3503 532 3572 calamitates.
580 3501 686 3566 Simul
710 3501 925 3570 vehementer
955 3525 1022 3570 non
1046 3501 1152 3568 solum
1176 3505 1211 3568 iu
1235 3493 1407 3566 advesarios

317 3624 399 3689 quos
423 3600 611 3667 Florentiae
646 3599 809 3682 babebat,
846 3601 903 3666 sed
928 3603 1028 3668 ctiam
1053 3604 1088 3667 in
1110 3623 1168 3668 eos
1190 3603 1246 3686 qui
1268 3591 1406 3662 Ecclesiae

315 3709 491 3786 praeerant
522 3699 698 3763 temeraria
730 3699 872 3763 audacia
906 3698 1098 3765 invehebat.
1148 3699 1321 3762 'faetantur
1348 3689 1405 3752 bt&

316 3800 420 3885 ipsius
437 3817 613 3877 sermones,
639 3817 681 3860 ex
696 3795 819 3881 quibus
834 3806 949 3882 postea
967 3797 1067 3883 juxta
1083 3795 1293 3862 Tridentinae
1306 3783 1403 3872 regular

317 3895 502 3981 complures
541 3895 575 3958 in
613 3893 753 3958 iadicem
791 3895 916 3960 redacti
955 3895 1057 3961 fuere.
1110 3895 1130 3962 J
1135 3917 1193 3958 ure
1230 3893 1325 3977 igitur
1354 3879 1403 3947 Ab*

316 3992 445 4060 xander
467 3993 516 4058 VI
540 3993 734 4074 intervenit,
759 4003 792 4056 et
814 3992 1054 4060 &vouarolam
1079 3991 1275 4058 monachum
1298 3987 1403 4052 Roman

317 4093 451 4174 citavit,
491 4091 772 4177 praedicationem
809 4089 974 4172 inhibuit,
1013 4113 1054 4156 ac
1089 4090 1223 4156 demam
1252 4097 1402 4152 excomm·

316 4189 453 4253 nicavit.
