<?xml version="1.0" encoding="UTF-8"?>
<!DOCTYPE html PUBLIC "-//W3C//DTD XHTML 1.0 Transitional//EN"
    "http://www.w3.org/TR/xhtml1/DTD/xhtml1-transitional.dtd">
<html xmlns="http://www.w3.org/1999/xhtml" xml:lang="en" lang="en">
 <head>
  <title>
</title>
<meta http-equiv="Content-Type" content="text/html;charset=utf-8" />
  <meta name='ocr-system' content='tesseract 3.04.00' />
  <meta name='ocr-capabilities' content='ocr_page ocr_carea ocr_par ocr_line ocrx_word'/>
</head>
<body>
  <div class='ocr_page' id='page_1' title='image "./dissertationess00junggoog_0617.png"; bbox 0 0 2840 4840; ppageno 0'>
   <div class='ocr_carea' id='block_1_1' title="bbox 298 459 1207 527">
    <p class='ocr_par' dir='ltr' id='par_1_1' title="bbox 298 459 1207 527">
     <span class='ocr_line' id='line_1_1' title="bbox 298 459 1207 527; baseline -0.013 -7"><span class='ocrx_word' id='word_1_1' title='bbox 298 466 334 520; x_wconf 82' lang='lat'>82</span> <span class='ocrx_word' id='word_1_2' title='bbox 514 462 614 516; x_wconf 88' lang='lat' dir='ltr'>XXXI.</span> <span class='ocrx_word' id='word_1_3' title='bbox 635 461 673 516; x_wconf 88' lang='lat' dir='ltr'>De</span> <span class='ocrx_word' id='word_1_4' title='bbox 693 459 838 514; x_wconf 79' lang='lat' dir='ltr'>abolitione</span> <span class='ocrx_word' id='word_1_5' title='bbox 858 459 966 514; x_wconf 82' lang='lat' dir='ltr'>Ordinis</span> <span class='ocrx_word' id='word_1_6' title='bbox 984 459 1207 527; x_wconf 75' lang='lat' dir='ltr'>Temptatiorum.</span> 
     </span>
    </p>
   </div>
   <div class='ocr_carea' id='block_1_2' title="bbox 263 601 1414 2432">
    <p class='ocr_par' dir='ltr' id='par_1_2' title="bbox 263 601 1414 2432">
     <span class='ocr_line' id='line_1_2' title="bbox 298 601 1401 692; baseline -0.009 -19"><span class='ocrx_word' id='word_1_7' title='bbox 298 610 381 673; x_wconf 84' lang='lat' dir='ltr'>aerio</span> <span class='ocrx_word' id='word_1_8' title='bbox 404 619 490 672; x_wconf 79' lang='lat' dir='ltr'>turam</span> <span class='ocrx_word' id='word_1_9' title='bbox 520 629 584 670; x_wconf 81' lang='lat' dir='ltr'>esse</span> <span class='ocrx_word' id='word_1_10' title='bbox 603 607 792 692; x_wconf 70' lang='lat' dir='ltr'>praecipere</span> <span class='ocrx_word' id='word_1_11' title='bbox 823 614 852 667; x_wconf 92' lang='lat' dir='ltr'>et</span> <span class='ocrx_word' id='word_1_12' title='bbox 880 627 979 667; x_wconf 79' lang='lat' dir='ltr'>merom</span> <span class='ocrx_word' id='word_1_13' title='bbox 1011 602 1148 679; x_wconf 82' lang='lat' dir='ltr'>obedire,</span> <span class='ocrx_word' id='word_1_14' title='bbox 1184 626 1252 666; x_wconf 78' lang='lat' dir='ltr'>eccm</span> <span class='ocrx_word' id='word_1_15' title='bbox 1276 601 1401 666; x_wconf 82' lang='lat' dir='ltr'>animai</span> 
     </span>
     <span class='ocr_line' id='line_1_3' title="bbox 299 699 1399 790; baseline -0.007 -20"><span class='ocrx_word' id='word_1_16' title='bbox 299 707 405 770; x_wconf 87' lang='lat' dir='ltr'>amnia</span> <span class='ocrx_word' id='word_1_17' title='bbox 440 703 622 790; x_wconf 74' lang='lat' dir='ltr'>exequenda</span> <span class='ocrx_word' id='word_1_18' title='bbox 651 712 801 788; x_wconf 82' lang='lat' dir='ltr'>paratae.</span> <span class='ocrx_word' id='word_1_19' title='bbox 859 702 946 764; x_wconf 78' lang='lat' dir='ltr'>Teme</span> <span class='ocrx_word' id='word_1_20' title='bbox 980 722 1038 763; x_wconf 81' lang='lat' dir='ltr'>rea</span> <span class='ocrx_word' id='word_1_21' title='bbox 1071 699 1231 765; x_wconf 82' lang='lat' dir='ltr'>oscrclatus</span> <span class='ocrx_word' id='word_1_22' title='bbox 1266 711 1310 764; x_wconf 82' lang='lat' dir='ltr'>eet</span> <span class='ocrx_word' id='word_1_23' title='bbox 1341 722 1399 762; x_wconf 80' lang='lat' dir='ltr'>eura</span> 
     </span>
     <span class='ocr_line' id='line_1_4' title="bbox 299 799 1401 886; baseline -0.01 -19"><span class='ocrx_word' id='word_1_24' title='bbox 299 807 384 868; x_wconf 86' lang='lat' dir='ltr'>Istae</span> <span class='ocrx_word' id='word_1_25' title='bbox 408 814 490 880; x_wconf 84' lang='lat' dir='ltr'>sumt,</span> <span class='ocrx_word' id='word_1_26' title='bbox 516 803 574 880; x_wconf 89' lang='lat' dir='ltr'>ait,</span> <span class='ocrx_word' id='word_1_27' title='bbox 597 802 722 886; x_wconf 78' lang='lat' dir='ltr'>pratiae</span> <span class='ocrx_word' id='word_1_28' title='bbox 747 823 826 886; x_wconf 80' lang='lat' dir='ltr'>qaas</span> <span class='ocrx_word' id='word_1_29' title='bbox 850 823 871 862; x_wconf 91' lang='lat' dir='ltr'>a</span> <span class='ocrx_word' id='word_1_30' title='bbox 895 809 922 861; x_wconf 90' lang='lat' dir='ltr'>te</span> <span class='ocrx_word' id='word_1_31' title='bbox 946 799 1081 884; x_wconf 77' lang='lat' dir='ltr'>requiro.</span> <span class='ocrx_word' id='word_1_32' title='bbox 1115 799 1225 862; x_wconf 76' lang='lat' dir='ltr'>Rima</span> <span class='ocrx_word' id='word_1_33' title='bbox 1249 809 1302 880; x_wconf 86' lang='lat' dir='ltr'>est,</span> <span class='ocrx_word' id='word_1_34' title='bbox 1325 809 1356 860; x_wconf 86' lang='lat' dir='ltr'>at</span> <span class='ocrx_word' id='word_1_35' title='bbox 1371 821 1401 857; x_wconf 82' lang='lat' dir='ltr'>nu</span> 
     </span>
     <span class='ocr_line' id='line_1_5' title="bbox 296 894 1401 988; baseline -0.009 -23"><span class='ocrx_word' id='word_1_36' title='bbox 296 901 436 988; x_wconf 72' lang='lat' dir='ltr'>perfecte</span> <span class='ocrx_word' id='word_1_37' title='bbox 459 898 642 964; x_wconf 76' lang='lat' dir='ltr'>reconcilies</span> <span class='ocrx_word' id='word_1_38' title='bbox 666 897 828 962; x_wconf 71' lang='lat' dir='ltr'><em>Ecclesiae</em></span> <span class='ocrx_word' id='word_1_39' title='bbox 852 907 1085 974; x_wconf 72' lang='lat' dir='ltr'><strong><em>sacrosanctae,</em></strong></span> <span class='ocrx_word' id='word_1_40' title='bbox 1117 894 1299 960; x_wconf 70' lang='lat' dir='ltr'>relaxando</span> <span class='ocrx_word' id='word_1_41' title='bbox 1322 907 1351 958; x_wconf 80' lang='lat' dir='ltr'>et</span> <span class='ocrx_word' id='word_1_42' title='bbox 1369 917 1401 956; x_wconf 81' lang='lat' dir='ltr'>oe·</span> 
     </span>
     <span class='ocr_line' id='line_1_6' title="bbox 263 995 1402 1085; baseline -0.008 -22"><span class='ocrx_word' id='word_1_43' title='bbox 263 1023 268 1036; x_wconf 92' lang='lat'>·</span> <span class='ocrx_word' id='word_1_44' title='bbox 299 1003 387 1063; x_wconf 84' lang='lat' dir='ltr'>niam</span> <span class='ocrx_word' id='word_1_45' title='bbox 410 997 517 1060; x_wconf 83' lang='lat' dir='ltr'>dando</span> <span class='ocrx_word' id='word_1_46' title='bbox 542 997 579 1059; x_wconf 81' lang='lat' dir='ltr'>cie</span> <span class='ocrx_word' id='word_1_47' title='bbox 603 996 765 1085; x_wconf 82' lang='lat' dir='ltr'>adjutorio</span> <span class='ocrx_word' id='word_1_48' title='bbox 797 996 873 1058; x_wconf 83' lang='lat' dir='ltr'>dato</span> <span class='ocrx_word' id='word_1_49' title='bbox 898 997 932 1058; x_wconf 87' lang='lat' dir='ltr'>ia</span> <span class='ocrx_word' id='word_1_50' title='bbox 956 1006 1091 1080; x_wconf 84' lang='lat' dir='ltr'>captura</span> <span class='ocrx_word' id='word_1_51' title='bbox 1114 995 1279 1079; x_wconf 72' lang='lat' dir='ltr'>Bonifatii</span> <span class='ocrx_word' id='word_1_52' title='bbox 1304 995 1402 1078; x_wconf 65' lang='lat' dir='ltr'>Papae.</span> 
     </span>
     <span class='ocr_line' id='line_1_7' title="bbox 300 1096 1403 1174; baseline -0.013 -12"><span class='ocrx_word' id='word_1_53' title='bbox 300 1097 445 1162; x_wconf 82' lang='lat' dir='ltr'>Secaada</span> <span class='ocrx_word' id='word_1_54' title='bbox 469 1106 526 1174; x_wconf 83' lang='lat' dir='ltr'>ent,</span> <span class='ocrx_word' id='word_1_55' title='bbox 557 1105 592 1158; x_wconf 88' lang='lat' dir='ltr'>at</span> <span class='ocrx_word' id='word_1_56' title='bbox 614 1117 764 1157; x_wconf 85' lang='lat' dir='ltr'>censuras</span> <span class='ocrx_word' id='word_1_57' title='bbox 788 1096 1120 1157; x_wconf 72' lang='lat' dir='ltr'>excommonicationis</span> <span class='ocrx_word' id='word_1_58' title='bbox 1144 1114 1290 1155; x_wconf 84' lang='lat' dir='ltr'>arnoaeas</span> <span class='ocrx_word' id='word_1_59' title='bbox 1314 1101 1403 1154; x_wconf 79' lang='lat' dir='ltr'>corum</span> 
     </span>
     <span class='ocr_line' id='line_1_8' title="bbox 299 1190 1404 1278; baseline -0.014 -18"><span class='ocrx_word' id='word_1_60' title='bbox 299 1221 345 1260; x_wconf 89' lang='lat' dir='ltr'>me</span> <span class='ocrx_word' id='word_1_61' title='bbox 369 1206 399 1258; x_wconf 90' lang='lat' dir='ltr'>at</span> <span class='ocrx_word' id='word_1_62' title='bbox 422 1217 566 1278; x_wconf 81' lang='lat' dir='ltr'>sequaces</span> <span class='ocrx_word' id='word_1_63' title='bbox 589 1215 671 1256; x_wconf 76' lang='lat' dir='ltr'>areos</span> <span class='ocrx_word' id='word_1_64' title='bbox 691 1191 848 1277; x_wconf 77' lang='lat' dir='ltr'>prolman</span> <span class='ocrx_word' id='word_1_65' title='bbox 902 1193 1010 1254; x_wconf 87' lang='lat' dir='ltr'>Tertia</span> <span class='ocrx_word' id='word_1_66' title='bbox 1034 1201 1089 1269; x_wconf 81' lang='lat' dir='ltr'>est,</span> <span class='ocrx_word' id='word_1_67' title='bbox 1113 1191 1198 1277; x_wconf 85' lang='lat' dir='ltr'>qaod</span> <span class='ocrx_word' id='word_1_68' title='bbox 1221 1190 1298 1252; x_wconf 84' lang='lat' dir='ltr'>mibi</span> <span class='ocrx_word' id='word_1_69' title='bbox 1320 1211 1404 1252; x_wconf 67' lang='lat' dir='ltr'>corne·</span> 
     </span>
     <span class='ocr_line' id='line_1_9' title="bbox 299 1288 1402 1376; baseline -0.011 -18"><span class='ocrx_word' id='word_1_70' title='bbox 299 1295 359 1358; x_wconf 79' lang='lat' dir='ltr'>clas</span> <span class='ocrx_word' id='word_1_71' title='bbox 382 1316 487 1357; x_wconf 82' lang='lat' dir='ltr'>omnes</span> <span class='ocrx_word' id='word_1_72' title='bbox 511 1292 647 1354; x_wconf 85' lang='lat' dir='ltr'>decimas</span> <span class='ocrx_word' id='word_1_73' title='bbox 670 1291 761 1374; x_wconf 75' lang='lat' dir='ltr'>repni</span> <span class='ocrx_word' id='word_1_74' title='bbox 778 1313 841 1376; x_wconf 89' lang='lat' dir='ltr'>per</span> <span class='ocrx_word' id='word_1_75' title='bbox 856 1290 1113 1375; x_wconf 72' lang='lat' dir='ltr'>plina-nennium,</span> <span class='ocrx_word' id='word_1_76' title='bbox 1137 1290 1171 1350; x_wconf 88' lang='lat' dir='ltr'>ia</span> <span class='ocrx_word' id='word_1_77' title='bbox 1188 1288 1402 1373; x_wconf 71' lang='lat' dir='ltr'>reparationes</span> 
     </span>
     <span class='ocr_line' id='line_1_10' title="bbox 299 1384 1405 1477; baseline -0.01 -22"><span class='ocrx_word' id='word_1_78' title='bbox 299 1412 509 1477; x_wconf 76' lang='lat' dir='ltr'>expensarum</span> <span class='ocrx_word' id='word_1_79' title='bbox 547 1388 715 1451; x_wconf 87' lang='lat' dir='ltr'>multarum</span> <span class='ocrx_word' id='word_1_80' title='bbox 753 1389 788 1450; x_wconf 87' lang='lat' dir='ltr'>iu</span> <span class='ocrx_word' id='word_1_81' title='bbox 827 1386 907 1450; x_wconf 85' lang='lat' dir='ltr'>belia</span> <span class='ocrx_word' id='word_1_82' title='bbox 946 1389 1025 1450; x_wconf 85' lang='lat' dir='ltr'>inito</span> <span class='ocrx_word' id='word_1_83' title='bbox 1061 1397 1171 1450; x_wconf 83' lang='lat' dir='ltr'>cantra</span> <span class='ocrx_word' id='word_1_84' title='bbox 1196 1384 1405 1448; x_wconf 82' lang='lat' dir='ltr'>Fiaaciremer.</span> 
     </span>
     <span class='ocr_line' id='line_1_11' title="bbox 304 1483 1406 1572; baseline -0.011 -20"><span class='ocrx_word' id='word_1_85' title='bbox 304 1489 437 1564; x_wconf 81' lang='lat' dir='ltr'>Qrcurta,</span> <span class='ocrx_word' id='word_1_86' title='bbox 461 1487 544 1572; x_wconf 81' lang='lat' dir='ltr'>quod</span> <span class='ocrx_word' id='word_1_87' title='bbox 562 1487 736 1572; x_wconf 85' lang='lat' dir='ltr'>promittas</span> <span class='ocrx_word' id='word_1_88' title='bbox 758 1485 835 1548; x_wconf 79' lang='lat' dir='ltr'>midi</span> <span class='ocrx_word' id='word_1_89' title='bbox 858 1507 984 1548; x_wconf 83' lang='lat' dir='ltr'>cassare</span> <span class='ocrx_word' id='word_1_90' title='bbox 1008 1495 1039 1547; x_wconf 93' lang='lat' dir='ltr'>et</span> <span class='ocrx_word' id='word_1_91' title='bbox 1062 1483 1107 1546; x_wconf 81' lang='lat' dir='ltr'>ad</span> <span class='ocrx_word' id='word_1_92' title='bbox 1120 1483 1252 1547; x_wconf 80' lang='lat' dir='ltr'>rtiiiiiam</span> <span class='ocrx_word' id='word_1_93' title='bbox 1276 1483 1406 1545; x_wconf 77' lang='lat' dir='ltr'>reducere</span> 
     </span>
     <span class='ocr_line' id='line_1_12' title="bbox 300 1581 1406 1677; baseline -0.011 -27"><span class='ocrx_word' id='word_1_94' title='bbox 300 1587 478 1651; x_wconf 83' lang='lat' dir='ltr'>memoriam</span> <span class='ocrx_word' id='word_1_95' title='bbox 499 1583 661 1669; x_wconf 80' lang='lat' dir='ltr'>Bonifatii</span> <span class='ocrx_word' id='word_1_96' title='bbox 683 1584 800 1669; x_wconf 82' lang='lat' dir='ltr'><strong><em>Papae.</em></strong></span> <span class='ocrx_word' id='word_1_97' title='bbox 844 1581 973 1677; x_wconf 68' lang='lat' dir='ltr'>Quinta,</span> <span class='ocrx_word' id='word_1_98' title='bbox 998 1583 1081 1668; x_wconf 79' lang='lat' dir='ltr'>qrcoci</span> <span class='ocrx_word' id='word_1_99' title='bbox 1104 1584 1255 1646; x_wconf 80' lang='lat' dir='ltr'>restituas</span> <span class='ocrx_word' id='word_1_100' title='bbox 1279 1582 1406 1643; x_wconf 70' lang='lat' dir='ltr'>bonnm</span> 
     </span>
     <span class='ocr_line' id='line_1_13' title="bbox 299 1680 1408 1770; baseline -0.012 -19"><span class='ocrx_word' id='word_1_101' title='bbox 299 1698 329 1752; x_wconf 88' lang='lat' dir='ltr'>et</span> <span class='ocrx_word' id='word_1_102' title='bbox 360 1686 546 1770; x_wconf 79' lang='lat' dir='ltr'>dipnitatem</span> <span class='ocrx_word' id='word_1_103' title='bbox 577 1681 800 1745; x_wconf 72' lang='lat' dir='ltr'>cardinalatus</span> <span class='ocrx_word' id='word_1_104' title='bbox 828 1681 955 1744; x_wconf 82' lang='lat' dir='ltr'>(lomina</span> <span class='ocrx_word' id='word_1_105' title='bbox 979 1680 1100 1746; x_wconf 80' lang='lat' dir='ltr'>Jacobo</span> <span class='ocrx_word' id='word_1_106' title='bbox 1125 1691 1155 1744; x_wconf 90' lang='lat' dir='ltr'>et</span> <span class='ocrx_word' id='word_1_107' title='bbox 1178 1680 1307 1743; x_wconf 83' lang='lat' dir='ltr'>domiuo</span> <span class='ocrx_word' id='word_1_108' title='bbox 1333 1680 1408 1742; x_wconf 70' lang='lat' dir='ltr'>Petro</span> 
     </span>
     <span class='ocr_line' id='line_1_14' title="bbox 303 1778 1414 1866; baseline -0.011 -17"><span class='ocrx_word' id='word_1_109' title='bbox 303 1781 559 1849; x_wconf 82' lang='lat' dir='ltr'>Calamaeasibas</span> <span class='ocrx_word' id='word_1_110' title='bbox 583 1778 723 1844; x_wconf 82' lang='lat' dir='ltr'>ablatam</span> <span class='ocrx_word' id='word_1_111' title='bbox 755 1781 801 1844; x_wconf 84' lang='lat' dir='ltr'>eie</span> <span class='ocrx_word' id='word_1_112' title='bbox 827 1803 889 1866; x_wconf 92' lang='lat' dir='ltr'>per</span> <span class='ocrx_word' id='word_1_113' title='bbox 911 1779 1123 1866; x_wconf 81' lang='lat' dir='ltr'>Bonifatium,</span> <span class='ocrx_word' id='word_1_114' title='bbox 1151 1790 1181 1841; x_wconf 86' lang='lat' dir='ltr'>et</span> <span class='ocrx_word' id='word_1_115' title='bbox 1203 1800 1344 1864; x_wconf 82' lang='lat' dir='ltr'>reponas</span> <span class='ocrx_word' id='word_1_116' title='bbox 1370 1797 1414 1838; x_wconf 81' lang='lat' dir='ltr'>eon</span> 
     </span>
     <span class='ocr_line' id='line_1_15' title="bbox 298 1875 1414 1964; baseline -0.015 -19"><span class='ocrx_word' id='word_1_117' title='bbox 298 1885 334 1945; x_wconf 87' lang='lat' dir='ltr'>ia</span> <span class='ocrx_word' id='word_1_118' title='bbox 357 1891 471 1944; x_wconf 76' lang='lat' dir='ltr'>stateem</span> <span class='ocrx_word' id='word_1_119' title='bbox 493 1879 663 1964; x_wconf 78' lang='lat' dir='ltr'>pristinam</span> <span class='ocrx_word' id='word_1_120' title='bbox 686 1901 754 1941; x_wconf 88' lang='lat' dir='ltr'>cam</span> <span class='ocrx_word' id='word_1_121' title='bbox 778 1879 823 1941; x_wconf 87' lang='lat' dir='ltr'>eis</span> <span class='ocrx_word' id='word_1_122' title='bbox 846 1880 941 1941; x_wconf 87' lang='lat' dir='ltr'>etiam</span> <span class='ocrx_word' id='word_1_123' title='bbox 965 1879 1102 1941; x_wconf 84' lang='lat' dir='ltr'>creanda</span> <span class='ocrx_word' id='word_1_124' title='bbox 1122 1879 1247 1963; x_wconf 72' lang='lat' dir='ltr'>aliqu-qs</span> <span class='ocrx_word' id='word_1_125' title='bbox 1269 1875 1414 1941; x_wconf 68' lang='lat' dir='ltr'>Cardine-2</span> 
     </span>
     <span class='ocr_line' id='line_1_16' title="bbox 301 1975 1414 2062; baseline -0.009 -20"><span class='ocrx_word' id='word_1_126' title='bbox 301 1979 346 2042; x_wconf 84' lang='lat' dir='ltr'>les</span> <span class='ocrx_word' id='word_1_127' title='bbox 369 1979 486 2040; x_wconf 85' lang='lat' dir='ltr'>amicae</span> <span class='ocrx_word' id='word_1_128' title='bbox 508 1999 599 2039; x_wconf 82' lang='lat' dir='ltr'>meos¹</span> <span class='ocrx_word' id='word_1_129' title='bbox 641 1975 771 2039; x_wconf 71' lang='lat' dir='ltr'>Sectam</span> <span class='ocrx_word' id='word_1_130' title='bbox 794 1977 870 2038; x_wconf 71' lang='lat' dir='ltr'>aiibi</span> <span class='ocrx_word' id='word_1_131' title='bbox 892 1999 1014 2039; x_wconf 83' lang='lat' dir='ltr'>reservo</span> <span class='ocrx_word' id='word_1_132' title='bbox 1040 1975 1281 2062; x_wconf 72' lang='lat' dir='ltr'>exprimendam</span> <span class='ocrx_word' id='word_1_133' title='bbox 1306 1975 1370 2038; x_wconf 85' lang='lat' dir='ltr'>laco</span> <span class='ocrx_word' id='word_1_134' title='bbox 1391 1979 1414 2034; x_wconf 79' lang='lat' dir='ltr'>el</span> 
     </span>
     <span class='ocr_line' id='line_1_17' title="bbox 300 2071 1414 2161; baseline -0.006 -21"><span class='ocrx_word' id='word_1_135' title='bbox 300 2087 437 2161; x_wconf 87' lang='lat' dir='ltr'>tempore</span> <span class='ocrx_word' id='word_1_136' title='bbox 459 2095 527 2152; x_wconf 83' lang='lat' dir='ltr'>sao,</span> <span class='ocrx_word' id='word_1_137' title='bbox 552 2074 687 2138; x_wconf 84' lang='lat' dir='ltr'>arduam</span> <span class='ocrx_word' id='word_1_138' title='bbox 710 2085 739 2136; x_wconf 88' lang='lat' dir='ltr'>et</span> <span class='ocrx_word' id='word_1_139' title='bbox 761 2076 949 2160; x_wconf 76' lang='lat' dir='ltr'>maprsam.¹)</span> <span class='ocrx_word' id='word_1_140' title='bbox 989 2073 1087 2137; x_wconf 89' lang='lat' dir='ltr'>Hane</span> <span class='ocrx_word' id='word_1_141' title='bbox 1111 2087 1239 2137; x_wconf 80' lang='lat' dir='ltr'><strong><em>sextam</em></strong></span> <span class='ocrx_word' id='word_1_142' title='bbox 1265 2071 1414 2146; x_wconf 55' lang='lat' dir='ltr'>conditior</span> 
     </span>
     <span class='ocr_line' id='line_1_18' title="bbox 299 2169 1414 2254; baseline -0.005 -18"><span class='ocrx_word' id='word_1_143' title='bbox 299 2194 375 2236; x_wconf 90' lang='lat' dir='ltr'>nem</span> <span class='ocrx_word' id='word_1_144' title='bbox 415 2171 471 2235; x_wconf 88' lang='lat' dir='ltr'>alii</span> <span class='ocrx_word' id='word_1_145' title='bbox 503 2173 696 2236; x_wconf 86' lang='lat' dir='ltr'>existimant</span> <span class='ocrx_word' id='word_1_146' title='bbox 726 2172 828 2236; x_wconf 86' lang='lat' dir='ltr'>fuisse</span> <span class='ocrx_word' id='word_1_147' title='bbox 861 2170 1079 2236; x_wconf 84' lang='lat' dir='ltr'>abolitionem</span> <span class='ocrx_word' id='word_1_148' title='bbox 1111 2170 1250 2237; x_wconf 84' lang='lat' dir='ltr'>Ordinis</span> <span class='ocrx_word' id='word_1_149' title='bbox 1273 2169 1414 2254; x_wconf 70' lang='lat' dir='ltr'>Templo-i</span> 
     </span>
     <span class='ocr_line' id='line_1_19' title="bbox 298 2267 1414 2354; baseline -0.004 -20"><span class='ocrx_word' id='word_1_150' title='bbox 298 2273 441 2350; x_wconf 91' lang='lat' dir='ltr'>riorum,</span> <span class='ocrx_word' id='word_1_151' title='bbox 480 2267 536 2332; x_wconf 86' lang='lat' dir='ltr'>alii</span> <span class='ocrx_word' id='word_1_152' title='bbox 572 2269 791 2333; x_wconf 80' lang='lat' dir='ltr'>elevationem</span> <span class='ocrx_word' id='word_1_153' title='bbox 824 2267 932 2334; x_wconf 82' lang='lat' dir='ltr'>Caroli</span> <span class='ocrx_word' id='word_1_154' title='bbox 965 2269 1089 2334; x_wconf 88' lang='lat' dir='ltr'>Valesii</span> <span class='ocrx_word' id='word_1_155' title='bbox 1124 2271 1158 2333; x_wconf 89' lang='lat' dir='ltr'>iu</span> <span class='ocrx_word' id='word_1_156' title='bbox 1183 2269 1414 2354; x_wconf 82' lang='lat' dir='ltr'>Imperatorem</span> 
     </span>
     <span class='ocr_line' id='line_1_20' title="bbox 299 2369 497 2432; baseline -0.01 0"><span class='ocrx_word' id='word_1_157' title='bbox 299 2369 497 2432; x_wconf 87' lang='lat' dir='ltr'>Romanum.</span> 
     </span>
    </p>
   </div>
   <div class='ocr_carea' id='block_1_3' title="bbox 199 2499 1414 3578">
    <p class='ocr_par' dir='ltr' id='par_1_3' title="bbox 199 2499 1414 3578">
     <span class='ocr_line' id='line_1_21' title="bbox 390 2499 1414 2586; baseline -0.007 -20"><span class='ocrx_word' id='word_1_158' title='bbox 390 2502 421 2566; x_wconf 84' lang='lat'>5.</span> <span class='ocrx_word' id='word_1_159' title='bbox 469 2499 534 2564; x_wconf 88' lang='lat' dir='ltr'>Sed</span> <span class='ocrx_word' id='word_1_160' title='bbox 558 2509 660 2564; x_wconf 87' lang='lat' dir='ltr'>totam</span> <span class='ocrx_word' id='word_1_161' title='bbox 685 2499 772 2564; x_wconf 89' lang='lat' dir='ltr'>haue</span> <span class='ocrx_word' id='word_1_162' title='bbox 803 2501 1041 2580; x_wconf 82' lang='lat' dir='ltr'>narrationem,</span> <span class='ocrx_word' id='word_1_163' title='bbox 1076 2501 1135 2563; x_wconf 87' lang='lat' dir='ltr'>etsi</span> <span class='ocrx_word' id='word_1_164' title='bbox 1167 2499 1322 2586; x_wconf 86' lang='lat' dir='ltr'>plerique</span> <span class='ocrx_word' id='word_1_165' title='bbox 1352 2503 1414 2562; x_wconf 54' lang='lat' dir='ltr'>anci</span> 
     </span>
     <span class='ocr_line' id='line_1_22' title="bbox 199 2580 1414 2684; baseline 0.002 -21"><span class='ocrx_word' id='word_1_166' title='bbox 199 2580 231 2608; x_wconf 46' lang='grc' dir='ltr'>ιη’</span> <span class='ocrx_word' id='word_1_167' title='bbox 300 2609 386 2663; x_wconf 90' lang='lat' dir='ltr'>tores</span> <span class='ocrx_word' id='word_1_168' title='bbox 410 2621 483 2662; x_wconf 88' lang='lat' dir='ltr'>eam</span> <span class='ocrx_word' id='word_1_169' title='bbox 507 2599 610 2662; x_wconf 83' lang='lat' dir='ltr'>secuti</span> <span class='ocrx_word' id='word_1_170' title='bbox 642 2599 717 2679; x_wconf 90' lang='lat' dir='ltr'>sint,</span> <span class='ocrx_word' id='word_1_171' title='bbox 750 2621 792 2661; x_wconf 88' lang='lat' dir='ltr'>ex</span> <span class='ocrx_word' id='word_1_172' title='bbox 816 2598 1061 2684; x_wconf 81' lang='lat' dir='ltr'>antiquioribus</span> <span class='ocrx_word' id='word_1_173' title='bbox 1080 2597 1151 2682; x_wconf 88' lang='lat' dir='ltr'>jam</span> <span class='ocrx_word' id='word_1_174' title='bbox 1175 2597 1293 2662; x_wconf 87' lang='lat' dir='ltr'>Illmus</span> <span class='ocrx_word' id='word_1_175' title='bbox 1317 2587 1414 2664; x_wconf 76' lang='lat' dir='ltr'>blansi</span> 
     </span>
     <span class='ocr_line' id='line_1_23' title="bbox 300 2687 1414 2782; baseline -0.003 -21"><span class='ocrx_word' id='word_1_176' title='bbox 300 2719 365 2761; x_wconf 90' lang='lat' dir='ltr'>non</span> <span class='ocrx_word' id='word_1_177' title='bbox 389 2697 560 2761; x_wconf 85' lang='lat' dir='ltr'>fundatam</span> <span class='ocrx_word' id='word_1_178' title='bbox 593 2696 764 2780; x_wconf 88' lang='lat' dir='ltr'>censebat,</span> <span class='ocrx_word' id='word_1_179' title='bbox 799 2708 908 2762; x_wconf 89' lang='lat' dir='ltr'>nostro</span> <span class='ocrx_word' id='word_1_180' title='bbox 933 2719 1011 2761; x_wconf 80' lang='lat' dir='ltr'>vero</span> <span class='ocrx_word' id='word_1_181' title='bbox 1036 2707 1184 2782; x_wconf 86' lang='lat' dir='ltr'>tempore</span> <span class='ocrx_word' id='word_1_182' title='bbox 1208 2718 1282 2759; x_wconf 85' lang='lat' dir='ltr'>earu</span> <span class='ocrx_word' id='word_1_183' title='bbox 1310 2687 1414 2759; x_wconf 78' lang='lat' dir='ltr'>falsari</span> 
     </span>
     <span class='ocr_line' id='line_1_24' title="bbox 299 2793 1414 2880; baseline -0.002 -20"><span class='ocrx_word' id='word_1_184' title='bbox 299 2817 370 2860; x_wconf 89' lang='lat' dir='ltr'>esse</span> <span class='ocrx_word' id='word_1_185' title='bbox 400 2793 513 2860; x_wconf 88' lang='lat' dir='ltr'>solidis</span> <span class='ocrx_word' id='word_1_186' title='bbox 545 2797 747 2880; x_wconf 83' lang='lat' dir='ltr'>argumentis</span> <span class='ocrx_word' id='word_1_187' title='bbox 779 2795 1039 2861; x_wconf 88' lang='lat' dir='ltr'>demonstratum</span> <span class='ocrx_word' id='word_1_188' title='bbox 1070 2795 1163 2878; x_wconf 88' lang='lat' dir='ltr'>est.¹)</span> <span class='ocrx_word' id='word_1_189' title='bbox 1216 2795 1414 2880; x_wconf 76' lang='lat' dir='ltr'>Argumenti</span> 
     </span>
     <span class='ocr_line' id='line_1_25' title="bbox 247 2893 1414 2980; baseline -0.008 -22"><span class='ocrx_word' id='word_1_190' title='bbox 247 2907 249 2914; x_wconf 79' lang='grc'>’</span> <span class='ocrx_word' id='word_1_191' title='bbox 299 2895 479 2980; x_wconf 85' lang='lat' dir='ltr'>praecipua</span> <span class='ocrx_word' id='word_1_192' title='bbox 508 2903 585 2958; x_wconf 89' lang='lat' dir='ltr'>sunt</span> <span class='ocrx_word' id='word_1_193' title='bbox 608 2894 688 2957; x_wconf 89' lang='lat' dir='ltr'>ista:</span> <span class='ocrx_word' id='word_1_194' title='bbox 722 2895 758 2958; x_wconf 85' lang='lat'>1⁰</span> <span class='ocrx_word' id='word_1_195' title='bbox 781 2893 986 2976; x_wconf 87' lang='lat' dir='ltr'>Nullatenus,</span> <span class='ocrx_word' id='word_1_196' title='bbox 1018 2905 1054 2958; x_wconf 90' lang='lat' dir='ltr'>ut</span> <span class='ocrx_word' id='word_1_197' title='bbox 1077 2893 1201 2958; x_wconf 88' lang='lat' dir='ltr'>Villani</span> <span class='ocrx_word' id='word_1_198' title='bbox 1226 2893 1343 2965; x_wconf 85' lang='lat' dir='ltr'>refert,</span> <span class='ocrx_word' id='word_1_199' title='bbox 1375 2911 1414 2954; x_wconf 77' lang='lat' dir='ltr'>ro</span> 
     </span>
     <span class='ocr_line' id='line_1_26' title="bbox 298 2991 1414 3079; baseline 0.003 -26"><span class='ocrx_word' id='word_1_200' title='bbox 298 3013 371 3054; x_wconf 90' lang='lat' dir='ltr'>rum</span> <span class='ocrx_word' id='word_1_201' title='bbox 406 3000 464 3072; x_wconf 86' lang='lat' dir='ltr'>est,</span> <span class='ocrx_word' id='word_1_202' title='bbox 504 2993 590 3055; x_wconf 89' lang='lat' dir='ltr'>iuter</span> <span class='ocrx_word' id='word_1_203' title='bbox 612 2991 832 3056; x_wconf 85' lang='lat' dir='ltr'>Bertrandum</span> <span class='ocrx_word' id='word_1_204' title='bbox 857 2991 1131 3079; x_wconf 87' lang='lat' dir='ltr'>Burdigalensem</span> <span class='ocrx_word' id='word_1_205' title='bbox 1167 3003 1200 3056; x_wconf 90' lang='lat' dir='ltr'>et</span> <span class='ocrx_word' id='word_1_206' title='bbox 1226 2991 1414 3079; x_wconf 75' lang='lat' dir='ltr'>Philippum</span> 
     </span>
     <span class='ocr_line' id='line_1_27' title="bbox 299 3087 1414 3180; baseline 0.003 -29"><span class='ocrx_word' id='word_1_207' title='bbox 299 3089 481 3152; x_wconf 86' lang='lat' dir='ltr'>discordias</span> <span class='ocrx_word' id='word_1_208' title='bbox 505 3089 614 3170; x_wconf 88' lang='lat' dir='ltr'>fuisse,</span> <span class='ocrx_word' id='word_1_209' title='bbox 639 3089 698 3155; x_wconf 88' lang='lat' dir='ltr'>sed</span> <span class='ocrx_word' id='word_1_210' title='bbox 722 3101 850 3155; x_wconf 85' lang='lat' dir='ltr'>constat</span> <span class='ocrx_word' id='word_1_211' title='bbox 873 3115 915 3155; x_wconf 82' lang='lat' dir='ltr'>ex</span> <span class='ocrx_word' id='word_1_212' title='bbox 936 3090 1153 3174; x_wconf 80' lang='lat' dir='ltr'>documentis,</span> <span class='ocrx_word' id='word_1_213' title='bbox 1178 3113 1292 3177; x_wconf 87' lang='lat' dir='ltr'>regem</span> <span class='ocrx_word' id='word_1_214' title='bbox 1310 3087 1414 3180; x_wconf 76' lang='lat' dir='ltr'>abilii</span> 
     </span>
     <span class='ocr_line' id='line_1_28' title="bbox 299 3187 1414 3274; baseline 0 -24"><span class='ocrx_word' id='word_1_215' title='bbox 299 3209 336 3252; x_wconf 91' lang='lat' dir='ltr'>eo</span> <span class='ocrx_word' id='word_1_216' title='bbox 361 3197 507 3274; x_wconf 84' lang='lat' dir='ltr'>tempore</span> <span class='ocrx_word' id='word_1_217' title='bbox 532 3209 597 3252; x_wconf 92' lang='lat' dir='ltr'>non</span> <span class='ocrx_word' id='word_1_218' title='bbox 629 3189 731 3253; x_wconf 89' lang='lat' dir='ltr'>fuisse</span> <span class='ocrx_word' id='word_1_219' title='bbox 755 3188 911 3253; x_wconf 85' lang='lat' dir='ltr'>alienum.</span> <span class='ocrx_word' id='word_1_220' title='bbox 960 3191 998 3253; x_wconf 71' lang='lat'>2⁰</span> <span class='ocrx_word' id='word_1_221' title='bbox 1029 3187 1217 3254; x_wconf 84' lang='lat' dir='ltr'>Cardiualis</span> <span class='ocrx_word' id='word_1_222' title='bbox 1249 3187 1414 3256; x_wconf 68' lang='lat' dir='ltr'>Ostiensis*</span> 
     </span>
     <span class='ocr_line' id='line_1_29' title="bbox 298 3257 1414 3374; baseline 0.002 -26"><span class='ocrx_word' id='word_1_223' title='bbox 298 3285 454 3349; x_wconf 88' lang='lat' dir='ltr'>Nicolaus</span> <span class='ocrx_word' id='word_1_224' title='bbox 489 3285 529 3350; x_wconf 90' lang='lat' dir='ltr'>de</span> <span class='ocrx_word' id='word_1_225' title='bbox 564 3287 661 3350; x_wconf 89' lang='lat' dir='ltr'>Prato</span> <span class='ocrx_word' id='word_1_226' title='bbox 701 3279 739 3353; x_wconf 85' lang='lat' dir='ltr'>O.</span> <span class='ocrx_word' id='word_1_227' title='bbox 765 3287 812 3368; x_wconf 86' lang='lat' dir='ltr'>P„</span> <span class='ocrx_word' id='word_1_228' title='bbox 852 3287 964 3369; x_wconf 88' lang='lat' dir='ltr'>Italus,</span> <span class='ocrx_word' id='word_1_229' title='bbox 1003 3289 1056 3352; x_wconf 88' lang='lat' dir='ltr'>eui</span> <span class='ocrx_word' id='word_1_230' title='bbox 1080 3287 1205 3352; x_wconf 86' lang='lat' dir='ltr'>Villani</span> <span class='ocrx_word' id='word_1_231' title='bbox 1241 3257 1414 3374; x_wconf 66' lang='lat' dir='ltr'>praecipui</span> 
     </span>
     <span class='ocr_line' id='line_1_30' title="bbox 298 3381 1414 3470; baseline -0.001 -22"><span class='ocrx_word' id='word_1_232' title='bbox 298 3385 442 3448; x_wconf 87' lang='lat' dir='ltr'>auctoris</span> <span class='ocrx_word' id='word_1_233' title='bbox 473 3381 575 3448; x_wconf 83' lang='lat' dir='ltr'>dolosi</span> <span class='ocrx_word' id='word_1_234' title='bbox 605 3395 714 3469; x_wconf 88' lang='lat' dir='ltr'>partes</span> <span class='ocrx_word' id='word_1_235' title='bbox 747 3383 873 3466; x_wconf 90' lang='lat' dir='ltr'>tribuit,</span> <span class='ocrx_word' id='word_1_236' title='bbox 907 3386 1052 3449; x_wconf 81' lang='lat' dir='ltr'>vireret</span> <span class='ocrx_word' id='word_1_237' title='bbox 1085 3394 1253 3470; x_wconf 85' lang='lat' dir='ltr'>spectatae</span> <span class='ocrx_word' id='word_1_238' title='bbox 1279 3389 1414 3456; x_wconf 73' lang='lat' dir='ltr'>virtutis</span> 
     </span>
     <span class='ocr_line' id='line_1_31' title="bbox 298 3479 1414 3578; baseline 0.003 -33"><span class='ocrx_word' id='word_1_239' title='bbox 298 3481 393 3566; x_wconf 87' lang='lat' dir='ltr'>cujus</span> <span class='ocrx_word' id='word_1_240' title='bbox 431 3479 612 3554; x_wconf 88' lang='lat' dir='ltr'>characteri</span> <span class='ocrx_word' id='word_1_241' title='bbox 636 3482 711 3547; x_wconf 88' lang='lat' dir='ltr'>talis</span> <span class='ocrx_word' id='word_1_242' title='bbox 734 3483 854 3567; x_wconf 88' lang='lat' dir='ltr'>agendi</span> <span class='ocrx_word' id='word_1_243' title='bbox 880 3483 997 3548; x_wconf 89' lang='lat' dir='ltr'>modus</span> <span class='ocrx_word' id='word_1_244' title='bbox 1021 3482 1209 3548; x_wconf 87' lang='lat' dir='ltr'>nullatenus</span> <span class='ocrx_word' id='word_1_245' title='bbox 1249 3502 1414 3578; x_wconf 65' lang='lat' dir='ltr'>consonat</span> 
     </span>
    </p>
   </div>
   <div class='ocr_carea' id='block_1_4' title="bbox 297 3745 1414 3976">
    <p class='ocr_par' dir='ltr' id='par_1_4' title="bbox 297 3745 1414 3976">
     <span class='ocr_line' id='line_1_32' title="bbox 373 3745 1414 3820; baseline 0.005 -20"><span class='ocrx_word' id='word_1_246' title='bbox 373 3745 394 3818; x_wconf 87' lang='lat'>¹)</span> <span class='ocrx_word' id='word_1_247' title='bbox 414 3745 454 3803; x_wconf 80' lang='lat' dir='ltr'>ef.</span> <span class='ocrx_word' id='word_1_248' title='bbox 475 3747 498 3801; x_wconf 83' lang='lat' dir='ltr'>S.</span> <span class='ocrx_word' id='word_1_249' title='bbox 520 3747 649 3802; x_wconf 74' lang='lat' dir='ltr'>Antonin</span> <span class='ocrx_word' id='word_1_250' title='bbox 668 3747 775 3802; x_wconf 80' lang='lat' dir='ltr'>Summa</span> <span class='ocrx_word' id='word_1_251' title='bbox 793 3747 886 3802; x_wconf 84' lang='lat' dir='ltr'>histor.</span> <span class='ocrx_word' id='word_1_252' title='bbox 908 3749 935 3802; x_wconf 90' lang='lat' dir='ltr'>P.</span> <span class='ocrx_word' id='word_1_253' title='bbox 957 3745 1007 3802; x_wconf 89' lang='lat' dir='ltr'>Ill.</span> <span class='ocrx_word' id='word_1_254' title='bbox 1027 3747 1082 3804; x_wconf 85' lang='lat' dir='ltr'>Tit.</span> <span class='ocrx_word' id='word_1_255' title='bbox 1096 3749 1171 3806; x_wconf 86' lang='lat' dir='ltr'>XXI.</span> <span class='ocrx_word' id='word_1_256' title='bbox 1191 3749 1220 3804; x_wconf 87' lang='lat' dir='ltr'>C.</span> <span class='ocrx_word' id='word_1_257' title='bbox 1240 3751 1262 3812; x_wconf 78' lang='lat' dir='ltr'>l.</span> <span class='ocrx_word' id='word_1_258' title='bbox 1288 3768 1327 3820; x_wconf 82' lang='lat' dir='ltr'>ap</span> <span class='ocrx_word' id='word_1_259' title='bbox 1359 3751 1414 3818; x_wconf 67' lang='lat' dir='ltr'>Rsp&#39;</span> 
     </span>
     <span class='ocr_line' id='line_1_33' title="bbox 297 3826 1414 3906; baseline 0.006 -26"><span class='ocrx_word' id='word_1_260' title='bbox 297 3826 406 3882; x_wconf 88' lang='lat' dir='ltr'>naldnm</span> <span class='ocrx_word' id='word_1_261' title='bbox 425 3827 502 3880; x_wconf 87' lang='lat' dir='ltr'>ada.</span> <span class='ocrx_word' id='word_1_262' title='bbox 522 3828 598 3882; x_wconf 84' lang='lat'>1305.</span> <span class='ocrx_word' id='word_1_263' title='bbox 618 3843 644 3882; x_wconf 90' lang='lat' dir='ltr'>n.</span> <span class='ocrx_word' id='word_1_264' title='bbox 664 3830 681 3881; x_wconf 80' lang='lat'>2</span> <span class='ocrx_word' id='word_1_265' title='bbox 698 3843 753 3894; x_wconf 86' lang='lat' dir='ltr'>sqq.</span> <span class='ocrx_word' id='word_1_266' title='bbox 777 3857 811 3868; x_wconf 92' lang='lat'>-·</span> <span class='ocrx_word' id='word_1_267' title='bbox 837 3827 948 3892; x_wconf 74' lang='lat' dir='ltr'>Villam,</span> <span class='ocrx_word' id='word_1_268' title='bbox 967 3827 1039 3884; x_wconf 81' lang='lat' dir='ltr'>Hist</span> <span class='ocrx_word' id='word_1_269' title='bbox 1058 3829 1129 3887; x_wconf 80' lang='lat' dir='ltr'>lior.</span> <span class='ocrx_word' id='word_1_270' title='bbox 1149 3829 1178 3884; x_wconf 62' lang='lat' dir='ltr'>L,</span> <span class='ocrx_word' id='word_1_271' title='bbox 1199 3829 1268 3886; x_wconf 80' lang='lat' dir='ltr'>l&#39;lll</span> <span class='ocrx_word' id='word_1_272' title='bbox 1291 3849 1318 3888; x_wconf 89' lang='lat' dir='ltr'>c.</span> <span class='ocrx_word' id='word_1_273' title='bbox 1338 3833 1365 3886; x_wconf 79' lang='lat' dir='ltr'>s.</span> <span class='ocrx_word' id='word_1_274' title='bbox 1386 3841 1414 3906; x_wconf 69' lang='lat' dir='ltr'>sp</span> 
     </span>
     <span class='ocr_line' id='line_1_34' title="bbox 298 3906 979 3976; baseline 0.003 -15"><span class='ocrx_word' id='word_1_275' title='bbox 298 3907 437 3972; x_wconf 79' lang='lat' dir='ltr'>llnratori</span> <span class='ocrx_word' id='word_1_276' title='bbox 457 3906 546 3976; x_wconf 86' lang='lat' dir='ltr'>Seript</span> <span class='ocrx_word' id='word_1_277' title='bbox 573 3921 624 3960; x_wconf 90' lang='lat' dir='ltr'>rer.</span> <span class='ocrx_word' id='word_1_278' title='bbox 645 3907 708 3962; x_wconf 82' lang='lat' dir='ltr'>ltol.</span> <span class='ocrx_word' id='word_1_279' title='bbox 727 3907 750 3960; x_wconf 89' lang='grc' dir='ltr'><strong>Τ</strong></span> <span class='ocrx_word' id='word_1_280' title='bbox 777 3907 852 3961; x_wconf 88' lang='lat' dir='ltr'>Xlll.</span> <span class='ocrx_word' id='word_1_281' title='bbox 873 3925 897 3976; x_wconf 82' lang='lat' dir='ltr'>p.</span> <span class='ocrx_word' id='word_1_282' title='bbox 918 3911 979 3963; x_wconf 73' lang='lat'>417.</span> 
     </span>
    </p>
   </div>
   <div class='ocr_carea' id='block_1_5' title="bbox 297 4003 1414 4152">
    <p class='ocr_par' dir='ltr' id='par_1_5' title="bbox 297 3971 1414 4152">
     <span class='ocr_line' id='line_1_35' title="bbox 369 4003 1414 4074; baseline 0.006 -16"><span class='ocrx_word' id='word_1_283' title='bbox 369 4005 391 4074; x_wconf 63' lang='lat' dir='ltr'>a]</span> <span class='ocrx_word' id='word_1_284' title='bbox 411 4004 537 4070; x_wconf 73' lang='lat' dir='ltr'>masna,</span> <span class='ocrx_word' id='word_1_285' title='bbox 557 4003 679 4059; x_wconf 73' lang='lat' dir='ltr'>clemens</span> <span class='ocrx_word' id='word_1_286' title='bbox 697 4003 722 4057; x_wconf 85' lang='lat' dir='ltr'><strong>v</strong></span> <span class='ocrx_word' id='word_1_287' title='bbox 740 4009 769 4059; x_wconf 81' lang='lat' dir='ltr'>et</span> <span class='ocrx_word' id='word_1_288' title='bbox 788 4004 1017 4074; x_wconf 67' lang='lat' dir='ltr'>Philippa-least.</span> <span class='ocrx_word' id='word_1_289' title='bbox 1037 4005 1114 4060; x_wconf 71' lang='lat' dir='ltr'>rans</span> <span class='ocrx_word' id='word_1_290' title='bbox 1130 4005 1199 4062; x_wconf 74' lang='lat' dir='ltr'>isra</span> <span class='ocrx_word' id='word_1_291' title='bbox 1229 4039 1259 4047; x_wconf 95' lang='lat'>-</span> <span class='ocrx_word' id='word_1_292' title='bbox 1283 4009 1414 4074; x_wconf 65' lang='lat' dir='ltr'>murum</span> 
     </span>
     <span class='ocr_line' id='line_1_36' title="bbox 297 4081 1414 4152; baseline 0.006 -14"><span class='ocrx_word' id='word_1_293' title='bbox 297 4083 338 4138; x_wconf 85' lang='lat' dir='ltr'>La</span> <span class='ocrx_word' id='word_1_294' title='bbox 356 4085 459 4138; x_wconf 80' lang='lat' dir='ltr'>Franrce</span> <span class='ocrx_word' id='word_1_295' title='bbox 477 4101 538 4138; x_wconf 89' lang='lat' dir='ltr'>sous</span> <span class='ocrx_word' id='word_1_296' title='bbox 559 4083 788 4152; x_wconf 78' lang='lat' dir='ltr'>Philippeia-Bel.</span> <span class='ocrx_word' id='word_1_297' title='bbox 807 4085 884 4140; x_wconf 84' lang='lat' dir='ltr'>Paris</span> <span class='ocrx_word' id='word_1_298' title='bbox 905 4085 981 4140; x_wconf 85' lang='lat'>1861.</span> <span class='ocrx_word' id='word_1_299' title='bbox 1004 4116 1034 4125; x_wconf 93' lang='lat'><em>-</em></span> <span class='ocrx_word' id='word_1_300' title='bbox 1055 4085 1129 4140; x_wconf 87' lang='lat' dir='ltr'>idem</span> <span class='ocrx_word' id='word_1_301' title='bbox 1163 4087 1288 4142; x_wconf 76' lang='lat' dir='ltr'>Clement</span> <span class='ocrx_word' id='word_1_302' title='bbox 1312 4091 1348 4149; x_wconf 71' lang='grc' dir='ltr'>Υ,</span> <span class='ocrx_word' id='word_1_303' title='bbox 1370 4081 1414 4152; x_wconf 77' lang='lat' dir='ltr'>Pii</span> 
     </span>
    </p>
   </div>
   <div class='ocr_carea' id='block_1_6' title="bbox 297 4163 1414 4316">
    <p class='ocr_par' dir='ltr' id='par_1_6' title="bbox 297 4163 1414 4316">
     <span class='ocr_line' id='line_1_37' title="bbox 297 4163 1414 4234; baseline 0.011 -16"><span class='ocrx_word' id='word_1_304' title='bbox 297 4165 468 4234; x_wconf 88' lang='lat' dir='ltr'>lippe-le·Bel</span> <span class='ocrx_word' id='word_1_305' title='bbox 487 4173 514 4218; x_wconf 89' lang='lat' dir='ltr'>et</span> <span class='ocrx_word' id='word_1_306' title='bbox 534 4165 571 4218; x_wconf 88' lang='lat' dir='ltr'>les</span> <span class='ocrx_word' id='word_1_307' title='bbox 583 4163 740 4232; x_wconf 79' lang='lat' dir='ltr'>Templiers.</span> <span class='ocrx_word' id='word_1_308' title='bbox 765 4165 858 4219; x_wconf 87' lang='lat' dir='ltr'>Rerne</span> <span class='ocrx_word' id='word_1_309' title='bbox 877 4165 923 4219; x_wconf 86' lang='lat' dir='ltr'>des</span> <span class='ocrx_word' id='word_1_310' title='bbox 942 4166 1085 4234; x_wconf 84' lang='lat' dir='ltr'>Questious</span> <span class='ocrx_word' id='word_1_311' title='bbox 1107 4167 1170 4221; x_wconf 83' lang='lat' dir='ltr'>hist.</span> <span class='ocrx_word' id='word_1_312' title='bbox 1189 4167 1382 4226; x_wconf 72' lang='lat'>1871-1872.</span> <span class='ocrx_word' id='word_1_313' title='bbox 1398 4169 1414 4230; x_wconf 59' lang='lat' dir='ltr'>i</span> 
     </span>
     <span class='ocr_line' id='line_1_38' title="bbox 297 4243 849 4316; baseline 0.004 -18"><span class='ocrx_word' id='word_1_314' title='bbox 297 4243 401 4309; x_wconf 78' lang='lat' dir='ltr'>Helela,</span> <span class='ocrx_word' id='word_1_315' title='bbox 422 4247 500 4297; x_wconf 78' lang='lat' dir='ltr'>Cone.</span> <span class='ocrx_word' id='word_1_316' title='bbox 520 4244 615 4301; x_wconf 81' lang='lat' dir='ltr'>Gescb.</span> <span class='ocrx_word' id='word_1_317' title='bbox 634 4245 664 4298; x_wconf 90' lang='grc' dir='ltr'>Β.</span> <span class='ocrx_word' id='word_1_318' title='bbox 685 4245 733 4302; x_wconf 84' lang='lat' dir='ltr'>VI.</span> <span class='ocrx_word' id='word_1_319' title='bbox 753 4246 769 4316; x_wconf 68' lang='grc' dir='ltr'><strong>ξ</strong></span> <span class='ocrx_word' id='word_1_320' title='bbox 789 4245 849 4302; x_wconf 77' lang='lat' dir='ltr'>aaa.</span> 
     </span>
    </p>
   </div>
   <div class='ocr_carea' id='block_1_7' title="bbox 0 0 1424 4840">
    <p class='ocr_par' dir='ltr' id='par_1_7' title="bbox 0 0 1424 4840">
     <span class='ocr_line' id='line_1_39' title="bbox 0 0 1424 4840; baseline 0 0"><span class='ocrx_word' id='word_1_321' title='bbox 0 0 1424 4840; x_wconf 95' lang='lat' dir='ltr'> </span> 
     </span>
    </p>
   </div>
  </div>
 </body>
</html>
