2844 4840
298 443 333 496 72
575 441 659 494 XXX.
681 441 719 495 De
739 439 904 495 Pontificem
923 440 1055 496 Bonifatii
1076 441 1152 496 vm.

169 587 240 628 ΜΦ
297 588 421 650 tionem
436 585 552 648 eisdem
568 583 705 668 epistola
729 583 896 670 professus
920 597 978 665 est,
1004 587 1143 672 ejusque
1167 581 1392 648 beneuolentiae

145 650 265 690 ‹11an

171 713 198 753 a.
214 713 239 752 r.
296 705 436 769 regnum
471 693 503 746 et
535 682 708 746 ecclesiam
742 681 873 748 Galliae
905 683 1164 748 commendavit.
1216 677 1394 746 Benedictus

296 793 374 846 tunc
399 780 605 864 indulgentia
621 779 782 844 utendum
798 802 869 844 esse
885 783 1023 862 censuit,
1049 792 1086 845 ut
1101 803 1167 867 pax
1184 781 1394 845 restitueretur.

295 889 328 944 et
351 878 560 964 Philippum,
589 875 766 963 praelatos,
800 899 981 965 omnesque
1010 881 1100 944 viros
1123 877 1353 944 ecclesiasticos
1373 887 1395 934 ct

294 977 473 1062 religiosos,
497 985 596 1061 atque
620 975 701 1040 alios
716 997 735 1040 a
750 979 899 1040 censuris
915 976 1070 1060 absolvit,
1096 977 1268 1063 privilegia
1285 986 1315 1038 et
1326 973 1397 1058 jura.

295 1075 416 1162 quibus
455 1097 514 1139 rex
551 1097 570 1138 a
605 1073 773 1138 Bonifatio
804 1075 913 1139 fuerat
942 1077 1095 1162 privatus
1131 1078 1160 1140 ei
1193 1073 1348 1150 reddidit,
1374 1083 1397 1130 et

295 1177 342 1238 sie
370 1193 481 1257 regem
505 1181 537 1236 et
560 1193 698 1256 regnum
724 1175 757 1236 in
783 1174 957 1258 pristinum
989 1175 1133 1237 restituit
1156 1183 1287 1238 statum.
1332 1166 1396 1232 Con·

294 1273 498 1336 stitutionem
536 1280 647 1334 autem
688 1269 820 1334 Clericis
858 1270 951 1336 laicis
993 1273 1194 1357 temperavit
1234 1265 1397 1333 secundun

295 1389 456 1434 canonem
472 1369 555 1432 46um
575 1367 716 1432 Coucilii
735 1368 845 1434 Later.
862 1369 921 1451 IV,
941 1371 1101 1433 nimirum
1118 1379 1154 1432 ut
1171 1367 1230 1434 soli
1246 1368 1398 1449 exigentes

295 1469 337 1532 ab
368 1466 515 1532 ecclesiis
545 1466 598 1531 vel
632 1466 865 1531 ecclesiasticis
896 1470 978 1532 viris
1008 1467 1155 1532 decimas
1179 1477 1236 1530 aut
1259 1463 1400 1550 pecunias

294 1568 501 1630 incurrerent
528 1587 692 1632 censuras.
739 1565 873 1630 Petrum
905 1567 1005 1630 etiam
1037 1577 1070 1630 et
1097 1565 1260 1638 Jacobum
1288 1559 1399 1625 Colum·

295 1685 412 1728 nenses
437 1664 568 1726 veniam
594 1662 795 1748 postulantes
820 1665 854 1728 in
878 1667 1019 1749 gratiam
1043 1665 1180 1749 recepit,
1214 1660 1272 1725 sed
1297 1661 1329 1722 in
1352 1651 1408 1740 pri?

293 1764 397 1827 stinos
430 1759 569 1825 honores
601 1782 666 1824 non
694 1763 847 1826 restituit.
896 1763 989 1826 Haec
1018 1771 1130 1825 tamen
1167 1763 1213 1824 ita
1245 1757 1400 1842 praestitit.

294 1870 331 1925 ut
354 1859 548 1943 dignitatem
565 1858 659 1923 Sedis
675 1858 886 1944 Apostolicae
901 1872 934 1923 et
951 1861 1145 1924 memoriam
1162 1857 1321 1923 Bonifatii
1335 1852 1401 1916 l'lll

293 1955 505 2023 nullomodo
537 1956 691 2022 laederet.
738 1958 899 2043 Injuriam
929 1967 962 2022 et
992 1960 1061 2021 vim
1094 1955 1288 2040 sacrilegam
1313 1977 1331 2018 a
1354 1951 1401 2014 h'u·

292 2065 404 2140 gareto
430 2066 462 2118 et
485 2052 616 2118 Sciarra
641 2051 803 2120 Columna
827 2055 994 2120 Bonifatio
1019 2056 1103 2120 VlII
1132 2054 1257 2119 illatam
1283 2074 1346 2116 non
1368 2071 1394 2112 re

292 2153 390 2239 liquit
414 2151 563 2232 inultam,
588 2153 645 2216 sed
661 2175 721 2238 per
736 2153 866 2217 Bullam
880 2156 912 2218 F
912 2155 1094 2239 lopitiocum
1109 2154 1210 2218 scelus
1225 2152 1257 2218 d.
1268 2151 1301 2215 d.
1314 2151 1348 2213 ii
1358 2149 1402 2212 lu·

293 2254 340 2315 nii
372 2272 426 2314 eos
451 2272 630 2336 eorumque
660 2251 838 2337 complices
861 2254 896 2315 in
920 2253 1301 2317 excommunicationem
1325 2271 1342 2310 e
1364 2269 1402 2308 co·

293 2371 416 2414 nonum
448 2351 649 2436 praescripto
685 2349 843 2413 incidisse
879 2349 1075 2432 declaravit,
1111 2349 1154 2414 ad
1187 2345 1410 2434 Apostolicuuu

292 2445 438 2511 tribunal
470 2447 637 2527 evocavit,
674 2457 706 2510 et
737 2449 850 2510 venire
884 2459 1076 2532 spernentes
1107 2447 1314 2511 anathemati
1344 2441 1403 2505 suh·

293 2543 387 2608 didit.
419 2581 461 2591 -
494 2545 624 2608 Interea
656 2567 734 2608 vero
758 2545 944 2630 Negaretus
968 2555 1000 2609 et
1024 2546 1200 2610 Plasianus
1223 2541 1403 2628 Philippum

292 2643 528 2724 incitaverant,
561 2653 597 2706 ut
628 2645 746 2706 iterum
771 2655 921 2728 posceret
945 2643 1131 2709 Concilium
1156 2640 1313 2727 generale
1344 2661 1404 2702 con-

292 2739 495 2820 vocandum,
521 2739 608 2825 quod
634 2739 674 2804 de
700 2740 880 2822 Bonifatio,
906 2759 1004 2828 quem
1028 2753 1188 2827 unquam
1210 2740 1404 2804 haereticum

291 2837 503 2916 accusabant,
528 2841 724 2904 sententiam
749 2839 884 2905 dicaret.
924 2840 995 2904 Rex
1021 2842 1189 2926 negotium
1214 2838 1280 2904 hoc
1303 2837 1404 2920 legatis

291 2937 359 3000 suis
383 2935 615 3017 dernandavit3
648 2937 706 3000 aed
731 2937 941 3019 Benedictus,
967 2960 1068 3024 quum
1094 2935 1351 3024 postulationem
1373 2931 1404 2994 de

292 3033 507 3098 convocando
533 3030 680 3099 Concilio
704 3045 935 3121 proponerent,
971 3057 1044 3100 eam
1076 3033 1245 3100 declinare
1283 3033 1404 3098 studuit.

291 3133 330 3198 Iu
347 3131 456 3198 Gallia
479 3143 590 3197 autem
614 3133 730 3198 eodem
754 3143 904 3219 tempore
929 3133 1038 3198 editus
1062 3144 1113 3197 est
1135 3131 1270 3198 libellus
1286 3131 1403 3197 nominc

291 3233 391 3295 totius
406 3233 549 3295 notionis
571 3230 614 3295 ad
630 3253 742 3316 regem
758 3231 912 3313 directus,
937 3253 1001 3318 quo
1024 3230 1266 3318 postulabatur,
1291 3233 1404 3314 etipse

291 3347 429 3415 regnum
470 3340 585 3394 contra
619 3331 739 3394 mortui
772 3329 945 3394 Pontificio
980 3329 1121 3394 insultus
1155 3329 1345 3395 vindicaret
1374 3349 1403 3388 ac

291 3427 539 3493 damnationem
563 3427 634 3512 ejus
658 3435 694 3491 ut
717 3427 874 3492 haeretiei
899 3436 1099 3513 procuraret.
1125 3465 1168 3475 —-
1192 3427 1263 3494 Sed
1279 3421 1403 3492 difficul-

291 3525 414 3590 tatibus
439 3523 593 3591 omnibus
617 3536 747 3590 matura
771 3535 875 3590 morte
899 3535 1031 3611 ereptus
1055 3535 1105 3590 est
1127 3526 1332 3592 Benedictus
1349 3521 1403 3592 Xl:

290 3625 374 3690 obiit
406 3626 495 3689 enim
520 3624 649 3688 Perusii
682 3624 736 3689 die
768 3625 804 3688 7⁰
827 3623 910 3690 Julii
945 3647 976 3690 a.
1004 3625 1100 3708 1304,
1140 3623 1305 3712 multique
1341 3645 1402 3688 curu

291 3745 419 3788 veneno
443 3725 677 3808 interemptum
700 3745 772 3787 esse
795 3723 953 3809 suspicati
977 3726 1093 3804 sunt.¹)

381 3858 431 3924 78.
480 3857 517 3924 B.
542 3857 722 3923 Benedicta
747 3857 798 3922 Xl
828 3859 986 3922 successit
1013 3855 1158 3924 Cleuaeaa
1187 3858 1224 3938 V,
1258 3857 1300 3924 da
1323 3857 1403 3944 cuju

290 3952 449 4020 electione
474 3967 506 4019 et
530 3955 629 4020 rebus
643 3957 743 4040 gestis
759 3954 862 4020 altera
878 3955 1118 4020 Dissertatioue
1141 3977 1293 4040 agarum.
1318 3958 1401 4022 Hunc

367 4231 387 4300 ¹)
408 4229 463 4284 Cir.
483 4230 570 4284 Balan
589 4229 679 4284 Storia
697 4229 808 4286 ditatio
826 4229 857 4287 T.
877 4229 926 4284 IV.
944 4229 975 4284 L.
995 4229 1095 4286 XXIX.
1115 4247 1141 4286 u.
1160 4228 1212 4284 111.
