2814 4848
283 407 338 466 408
476 407 607 463 XXVIII.
628 407 668 462 De
687 411 763 461 statu
781 405 923 461 socletatis
942 405 1034 461 christ
1053 421 1124 462 saec.
1144 408 1219 462 Xlll

122 557 158 594 ¹¹
144 555 263 657 “net
283 552 403 638 aliquis
435 554 546 616 minus
568 551 749 636 prudenter
777 552 887 633 agat
878 573 913 614 ιιι
937 553 1078 635 negotiis
1101 552 1328 616 ecclesiasticis
1353 551 1393 616 dil

120 619 255 728 ‘litati‘
283 650 469 764 sponendis·
487 658 588 736 utque
612 649 691 714 inde
715 648 914 712 detrimenta
937 649 1082 734 lugenda
1100 652 1305 735 proveniant.
1338 617 1393 726 Sedl

281 750 487 832 gravissimis
521 750 555 812 in
588 769 648 812 sua
684 747 813 810 ratione
845 746 967 859 agendi
1005 746 1189 860 Gregorius
1224 731 1393 812 ducebaturl

282 848 425 931 motivis,
451 869 513 910 nec
536 845 732 925 censuerim,
757 866 833 908 eum
850 844 927 929 jure
942 846 1037 928 argui
1052 866 1149 929 posse
1164 845 1393 931 imprudentiael

283 943 334 1006 vel
358 946 600 1029 inopportunae
624 943 821 1006 severitatis.
869 941 1095 1007 Recolendum
1126 953 1188 1025 est,
1224 943 1307 1008 nibil
1334 935 1393 1036 pro-l

279 1043 381 1107 fuisse
404 1041 629 1126 longanimem
646 1040 788 1104 Honorii
805 1039 857 1104 lll
870 1041 1083 1126 patientiam3
1109 1041 1198 1106 unde
1212 1039 1393 1128 prudentissi

280 1161 350 1204 esse
375 1137 562 1218 videbatur,
587 1139 793 1203 auctoritatis
815 1140 991 1203 severioris
1011 1137 1172 1202 adbibere
1189 1140 1283 1225 justa
1307 1139 1393 1224 reme-l

281 1235 345 1303 dia.
379 1236 519 1300 Inanem
543 1246 654 1300 autem
678 1235 780 1300 fuisse
797 1234 949 1300 turbatae
963 1235 1166 1300 valetudinis
1186 1247 1391 1322 praetextum,

280 1354 345 1419 quo
369 1356 473 1398 novas
503 1333 725 1420 expeditionis
757 1355 870 1398 sacrae
895 1355 1003 1402 moras
1027 1334 1212 1420 Imperator
1243 1335 1393 1406 nectebatl

279 1435 461 1514 omnia,u
463 1433 678 1512 tividimns,
718 1430 913 1497 suadebant
920 1433 945 1514 ¹)
992 1431 1091 1497 Unde
1123 1430 1322 1517 Gregorium
1353 1407 1393 1506 ll

279 1530 370 1596 haud
394 1529 592 1616 reprebendi
617 1552 713 1616 posse
736 1530 951 1611 arbitramur,
986 1531 1074 1617 quod
1098 1530 1374 1616 Imperatorem1

280 1629 659 1694 excommunicationem
684 1627 849 1709 incidisse,
875 1629 1065 1694 solemniter
1083 1631 1342 1694 annuntiaverit.
1360 1533 1393 1802 ᾖ

281 1725 473 1791 Fridericns
501 1747 609 1811 porro,
641 1737 819 1812 antequam
851 1727 953 1791 altero
984 1749 1071 1792 anno
1101 1727 1374 1812 expeditionemi

280 1824 450 1890 Orientem
483 1826 637 1910 suscepit,
670 1824 824 1888 hostilem
849 1827 882 1889 in
907 1825 1104 1890 Pontificem
1129 1827 1282 1890 animum
1306 1827 1384 1888 mani

280 1923 361 1988 feste
385 1921 537 1989 ostendit.
584 1922 635 1986 Ea
660 1944 738 1986 vero
762 1924 900 2004 ratione,
932 1925 981 1986 uti
1005 1924 1163 2006 vidimus,
1188 1946 1223 1988 se
1248 1926 1347 2008 gessit
1367 1926 1374 1986 i

170 2047 173 2054 ¹
279 2019 366 2084 terra
397 2029 521 2102 sancta,
558 2030 594 2084 ut
625 2041 692 2084 non
723 2030 892 2106 appareat,
929 2020 1094 2107 quomodo
1119 2021 1306 2106 Gregorius
1329 2033 1377 2084 tun

279 2118 310 2180 ei
325 2116 521 2180 reconcilari
538 2117 675 2202 ejusque
691 2117 865 2182 conatibus
881 2121 1033 2183 assentiri
1051 2121 1204 2205 potuerit.
1236 2119 1376 2203 Principi

279 2214 415 2301 politica
438 2223 470 2277 et
493 2214 646 2299 religiosa
669 2238 754 2301 quae
778 2217 848 2302 ipse
872 2218 907 2280 in
924 2219 992 2281 suis
1013 2219 1120 2303 pactis
1136 2239 1213 2281 cum
1230 2217 1379 2282 Saraceni

279 2312 549 2400 prosequebatur,
585 2313 665 2378 talia
697 2325 799 2396 erant,
838 2323 873 2378 ut
903 2315 1018 2380 eadem
1043 2315 1199 2380 Pontifex
1230 2299 1393 2382 admittent

279 2432 344 2475 non
369 2420 488 2495 posset,
518 2432 556 2475 eo
581 2411 635 2476 vel
659 2414 764 2498 magis
788 2412 876 2498 quod
900 2413 1101 2494 Fridericns,
1135 2415 1295 2500 princeps
1320 2389 1393 2502 vital

278 2507 436 2588 lubricae,
477 2509 586 2593 quoad
625 2509 725 2574 fidem
767 2520 799 2573 et
833 2510 1027 2596 religionem
1059 2511 1278 2576 christianam
1311 2507 1393 2672 ialdp

280 2604 402 2670 dubius
429 2606 607 2673 videretur.

369 2731 421 2796 22.
447 2731 610 2794 Restituta
627 2739 736 2794 tamen
754 2730 931 2796 videbatur
950 2731 1137 2815 concordia,
1154 2755 1258 2819 quum
1276 2758 1306 2798 a.
1323 2685 1393 2802 lati

278 2826 462 2912 Imperator
485 2851 519 2893 se
536 2828 695 2912 Gregorio
711 2828 762 2892 IX
779 2827 1040 2910 reconciliasset,
1066 2830 1124 2894 sed
1148 2831 1314 2896 Friderici
1338 2809 1393 2894 tenl

280 2923 412 2988 dentiae
436 2925 621 3010 obstabant,
652 2929 829 3012 quominus
860 2948 927 3012 pax
951 2927 1055 2991 solida
1085 2937 1119 2992 et
1142 2929 1302 2994 diuturna
1330 2887 1393 2996 conl

278 3022 430 3087 Ecclesia
460 3027 638 3125 consistere
668 3034 787 3109 posset
833 3025 1008 3089 Tendebat
1024 3026 1179 3090 omnibus
1202 3027 1327 3113 quibus
1348 3003 1393 3112 pol

279 3129 363 3184 terat
394 3122 530 3204 mediis,
571 3111 631 3185 uti
653 3122 820 3208 quondam
855 3123 1046 3187 Fridericus
1078 3123 1111 3206 I,
1146 3134 1183 3188 ut
1218 3097 1393 3272 ³l⁸⁰¹¹¹⁸³¹¹l

280 3217 572 3283 dominationem'
565 3241 598 3283 ιιι
616 3218 788 3284 ltaliam·
772 3223 997 3307 conquirerem
1022 3224 1320 3306 praeeminentiam
1344 3223 1384 3286 Er

280 3315 408 3398 elesiae,
433 3327 466 3381 et
487 3317 747 3403 dependentiam
773 3318 955 3403 imperialis
986 3319 1169 3405 majestatis
1193 3319 1334 3407 abipsa
1356 3295 1393 3383 rel

280 3413 433 3499 spuebat;
464 3415 633 3480 Ecclesiae
657 3415 820 3479 dominari
846 3415 1039 3499 conabatur,
1064 3427 1096 3481 et
1120 3417 1241 3482 callida
1265 3433 1334 3484 arte
1357 3419 1393 3486 iai

353 3627 373 3690 ¹)
392 3626 507 3680 Adverti
526 3627 613 3680 adhuc
630 3633 729 3695 potest,
748 3626 914 3682 Fridericum
927 3627 956 3681 11
974 3645 1054 3696 quum
1074 3645 1097 3683 a.
1113 3631 1182 3684 1228
1201 3645 1299 3684 revera
1317 3639 1393 3684 trans-

279 3705 382 3760 fretare
401 3707 484 3760 vellet
503 3707 531 3762 iu
550 3707 697 3770 OrIentem,
728 3707 843 3762 sollicite
870 3709 962 3762 varias
986 3709 1176 3777 dispositiones
1201 3710 1298 3765 fecisse
1317 3697 1393 3782 quoni

280 3785 358 3855 regni
377 3785 486 3840 Siciliae
516 3787 779 3844 administrationem
807 3793 837 3844 et
863 3789 1058 3844 succentorem
1082 3789 1106 3845 si
1130 3789 1188 3858 ipse
1212 3790 1309 3848 obiret

279 3879 303 3916 a.
325 3865 401 3929 1227,
421 3866 545 3932 quamvis
570 3867 603 3920 ad
622 3867 822 3934 expeditionem
847 3868 995 3922 cruciatam
1019 3885 1048 3924 se
1073 3868 1224 3924 accimtum
1242 3877 1393 3938 ostentaret,

280 3944 366 4010 quoad
385 3945 463 4014 regni
488 3945 753 4001 administrationem
778 3953 807 4001 et
830 3949 1023 4003 successionem
1041 3949 1110 4003 nihil
1130 3950 1259 4004 omnino
1255 3959 1393 4041 statuerat,

279 4025 447 4080 Gravissimo
471 4025 499 4079 id
527 4035 570 4080 est
592 4035 762 4096 argumento,
791 4043 852 4082 enm
870 4033 936 4082 tunc
955 4030 1111 4084 nullatenus
1131 4029 1248 4085 voluisse
1266 4031 1393 4098 suscipere

278 4104 346 4158 illud
359 4104 433 4159 iter
425 4122 453 4159 m
467 4105 613 4172 Orientem,
632 4107 766 4162 infirmam
785 4125 849 4162 vero
860 4108 1070 4164 valetudinem
1062 4109 1138 4164 ιιιιιιιί
1157 4117 1301 4178 praetextu
1318 4111 1366 4163 luis
1367 4097 1393 4172 sel

275 4185 427 4240 confictam
467 4186 520 4248 cfr
540 4188 637 4252 Balan,
655 4188 745 4244 Storia
764 4188 881 4256 d’Imlia,
900 4190 931 4244 L.
952 4191 1036 4246 XXV.
1057 4207 1102 4248 nn.
1122 4191 1199 4247 XIII.
1218 4205 1275 4258 sqq.
1392 4187 1393 4222 l
