2964 4838
307 455 361 509 448
494 451 622 508 XXXVI.
641 451 682 504 De
700 456 776 505 stetu
795 451 932 507 Ecclesiae
951 459 1084 522 vergente
1103 453 1178 510 Saea.
1198 453 1257 511 XV.

247 614 269 642 ¹¹¹
308 597 507 662 Rodericum
532 597 718 680 ingressum
738 615 809 658 esse
825 605 946 659 etatum
963 595 1236 679 ecclesiasticum,
1260 597 1429 662 tradidisse

192 675 222 704 ”⁰
243 675 263 704 ²'
308 717 385 760 vero
409 693 531 759 liberos
547 715 623 758 suos
639 691 831 756 educandos
847 695 955 757 socrui
973 716 1052 758 ause
1068 695 1222 760 Joannae
1245 693 1290 779 (V
1292 693 1429 762 snouael

308 793 471 880 Oajetani,
496 791 649 875 hancque
674 811 744 854 esse
768 789 856 854 illam
877 790 1054 856 Vanotiam
1081 791 1123 856 de
1147 794 1242 878 eujus
1262 791 1429 856 inhonesto

307 892 506 957 commercio
531 911 606 952 cum
630 887 823 952 Alexandro
848 887 927 952 dein
950 899 1102 954 auctores
1126 889 1258 955 fabulas
1282 891 1430 954 texerint

307 989 372 1056 Sed
397 988 481 1053 haee
501 987 683 1072 suppositio
704 997 754 1048 eet
767 987 891 1070 pariter
912 985 1006 1052 salsa.
1046 987 1190 1052 Exstant
1204 991 1294 1052 enim
1310 987 1430 1051 Romae

306 1091 340 1154 in
374 1087 518 1171 hospitio
551 1083 725 1149 mulierum
747 1105 862 1170 ‘prope
895 1105 918 1148 s.
949 1085 1089 1149 Mariam
1124 1084 1166 1150 de
1198 1084 1431 1150 Consolatione

305 1187 416 1274 plures
440 1184 682 1268 inscriptiones,
707 1202 793 1267 quae
815 1191 966 1267 spectant
980 1183 1158 1248 Vanotism
1177 1183 1432 1248 benefactricem

305 1285 394 1352 illius
418 1281 563 1368 hospitii.
611 1282 696 1346 Sunt
719 1293 830 1344 sutem
855 1281 1086 1365 inscriptiones
1110 1281 1321 1367 hujusmodi:
1351 1281 1431 1344 Van·

305 1385 402 1448 nouis
427 1379 545 1446 Catani
566 1379 706 1463 Borgia3
732 1378 877 1442 Vanotia
892 1376 1009 1443 Catani
1026 1379 1147 1465 Borgia
1172 1379 1213 1444 de
1230 1377 1431 1464 Carignano.

306 1481 382 1546 Alia
415 1478 587 1564 inscriptio
620 1474 750 1559 longior
782 1477 917 1561 incipit:
951 1475 1110 1561 Vanogza
1135 1477 1282 1543 Catanes
1316 1477 1431 1542 Madre

305 1579 358 1645 del
390 1577 488 1642 Duca
511 1575 636 1659 Borge;
673 1584 705 1637 et
736 1571 851 1636 eidem
881 1573 1039 1654 edicitur,
1077 1575 1254 1640 Vanotiam
1286 1597 1318 1640 a.
1349 1577 1429 1642 1511

304 1680 368 1742 tria
391 1674 621 1741 anniversaria
645 1670 803 1735 fundasse
811 1719 820 1752 ,
856 1692 915 1756 pro
940 1692 973 1735 se
1001 1682 1034 1735 et
1057 1673 1184 1736 maritis
1207 1675 1276 1738 suis
1298 1673 1429 1737 duobus

304 1774 448 1859 Georgio
479 1771 583 1836 Croce
616 1782 650 1834 et
680 1768 777 1834 Cario
810 1767 946 1833 Canale.
1001 1767 1241 1855 Appellabatur
1273 1771 1427 1836 videlicet
1475 1772 1476 1850 l

305 1876 378 1960 ipsa
401 1871 547 1936 Vauotia
572 1868 753 1950 (Joaauua)
779 1865 819 1930 de
845 1863 1024 1944 Cattameis‚
1050 1879 1083 1931 et
1105 1867 1169 1932 illis
1193 1868 1327 1934 duobus
1353 1871 1423 1932 viris
1476 1898 1477 1952 p

305 1970 515 2037 matrimonio
534 1967 653 2053 juncta
676 1965 755 2044 fuit,
792 1964 849 2028 sed
873 1985 993 2030 nomen
1017 1966 1157 2050 Borgiae
1180 1966 1350 2032 interdum
1371 1989 1416 2030 no

303 2071 387 2136 mini
411 2068 482 2154 ejus
500 2063 716 2152 jungebatur.
762 2061 875 2142 Quum
900 2083 978 2127 vero
1003 2063 1093 2128 nulla
1116 2065 1199 2128 ratio
1223 2063 1313 2128 adsit
1338 2063 1415 2128 dubi·

308 2168 402 2234 tandi
430 2166 471 2231 de
496 2164 676 2228 veracitate
700 2161 862 2248 ejusmodi
886 2163 1138 2247 inscriptionum
1162 2161 1272 2247 quoad
1295 2161 1424 2248 hospitii
1478 2150 1479 2184 ¹

305 2265 582 2344 benefactricem,
618 2259 714 2322 vides
745 2257 893 2324 validum
925 2258 1004 2324 binc
1034 2269 1262 2344 argumentum
1295 2260 1424 2326 deduci.
1479 2276 1480 2299 ¹

304 2366 413 2432 Omne
436 2360 577 2426 dubium
602 2358 678 2422 dein
703 2355 830 2421 tollitur
860 2379 901 2420 ex
926 2357 1095 2442 epitaphio
1119 2355 1300 2435 Venetiae,
1339 2359 1426 2446 qnod
1480 2403 1481 2430 t

303 2464 386 2528 alias
410 2464 445 2526 in
469 2457 611 2522 ecclesia
635 2477 659 2522 s.
684 2455 811 2519 Mariae
835 2455 889 2519 del
912 2455 1029 2541 popolo
1053 2456 1305 2539 inveniebatur,
1331 2471 1366 2521 et
1389 2481 1428 2522 ex

305 2561 500 2628 collectione
523 2556 776 2641 inscriptionum
802 2556 1026 2639 manuscripta
1049 2552 1177 2617 saeculo
1193 2553 1276 2618 XVI
1300 2555 1427 2622 editum

303 2661 367 2725 fuit
381 2683 411 2723 a.
431 2657 515 2722 1867
542 2675 601 2739 per
615 2653 770 2717 Vinceut.
790 2650 947 2715 Forcells.
957 2654 979 2730 ¹)
1018 2650 1077 2714 Est
1091 2661 1200 2714 autem
1215 2650 1427 2737 hujusmodi:

339 2764 475 2820 Venetiae
493 2761 634 2816 Oathunae
653 2758 769 2814 Caesare
788 2755 933 2811 valentiae
951 2755 1037 2810 Joaue
1055 2754 1157 2810 Gediee

337 2845 417 2902 Jalre
435 2841 586 2910 Dascylatii
605 2841 644 2896 lilt
662 2838 806 2894 Lucretiae
825 2835 965 2892 Ferrariae
983 2833 1077 2889 Duab’
1095 2835 1172 2890 Filiis
1187 2835 1306 2904 Notitr)

339 2926 481 2982 Probitate
499 2921 607 2992 Insigni
625 2919 769 2988 Religioue
788 2916 896 2972 Eximio
916 2914 976 2969 Pari
996 2915 1034 2968 Et
1051 2917 1150 2978 Aetate
1167 2913 1207 2970 uc

339 3003 489 3062 Prudentia
507 3002 615 3070 Optime
633 3001 674 3054 De
693 2995 862 3052 xenodochio
881 2995 1034 3050 Lateraueu
1052 2995 1165 3050 lieritae

339 3087 518 3153 Hieronymus
537 3081 617 3136 Picus
636 3077 818 3134 Fideicomiss.
838 3075 944 3130 Procur.
964 3075 1006 3128 lix
1023 3074 1103 3128 Teste
1122 3073 1181 3130 Pos.

338 3167 401 3224 Vix.
415 3166 485 3220 Anu.
498 3161 616 3218 LXXVI
628 3157 830 3220 lilllIDXlIl
849 3155 924 3210 Obiit
936 3158 1013 3209 Auno
1025 3151 1199 3211 uuxvnt
1213 3155 1309 3211 XXVI
1320 3157 1391 3214 Nor.

390 3267 444 3331 62.
476 3262 587 3328 Aliam
611 3261 773 3324 rationem
798 3253 991 3319 vindicandi
1017 3251 1197 3317 Alexandri
1222 3255 1271 3320 VI
1304 3277 1426 3324 memo·

301 3369 385 3434 riam
411 3365 487 3428 iniit
501 3361 537 3426 P.
553 3358 716 3424 Meneni.
763 3355 886 3421 Statuit
908 3350 1064 3416 videlicet
1086 3352 1165 3436 ipse,
1189 3354 1245 3438 qui
1264 3351 1426 3421 dicuntur

375 3597 394 3664 ¹)
415 3591 554 3650 lscrisioni
573 3589 643 3644 delle
662 3587 757 3642 Cbiese
804 3629 809 3638 .
830 3626 836 3639 .
857 3581 884 3637 di
903 3581 996 3636 Roma
1016 3579 1074 3635 Vol.
1094 3581 1114 3635 1.
1135 3597 1159 3648 p.
1179 3577 1242 3633 335.
1264 3591 1292 3630 n.
1308 3577 1390 3635 1276,

374 3687 395 3754 ¹¹)
415 3682 541 3751 Corrlgc:
565 3677 676 3734 Joiredo
695 3673 808 3743 Scylatii
827 3671 864 3726 lit
883 3670 1024 3726 ercretiae
1042 3667 1181 3725 Ferrariae
1200 3663 1325 3720 Ducibus
1348 3666 1425 3720 Filiis

300 3765 398 3826 Nobili.
430 3793 462 3805 -
491 3761 551 3817 Nou
570 3764 793 3813 commemoratur
819 3752 863 3806 bic
881 3751 978 3805 Petrus
996 3747 1145 3804 Ludovicus
1165 3745 1317 3802 Alexandri
1345 3745 1424 3800 tilius

301 3850 344 3906 vel
364 3845 434 3918 quod
454 3857 486 3899 ex
506 3841 561 3896 alis
574 3835 777 3898 essetmuliere,
796 3833 837 3887 vel
856 3831 920 3899 quis
938 3836 1056 3884 mortuus
1075 3835 1116 3881 est
1128 3839 1195 3895 puer
1207 3839 1240 3879 ac
1252 3840 1354 3880 nomen
1368 3825 1425 3894 ejru

301 3941 399 4002 ponere
421 3925 499 3981 Picus
519 3919 619 3976 oblitus
638 3923 688 3974 eet.
714 3945 749 3954 -
774 3913 815 3968 Ad
833 3911 935 3967 Julian
954 3907 1116 3974 Famesiaru,
1135 3903 1204 3974 quod
1225 3904 1341 3970 attinet,
1367 3917 1424 3958 erut

300 4013 367 4070 haec
391 4021 468 4064 soror
486 3999 636 4060 Alexandri
656 3993 783 4052 llaruesii
801 3991 952 4048 cardinalis
971 3987 1059 4056 (Pauli
1077 3987 1139 4052 llll,
1162 3991 1286 4052 tempore
1306 3981 1424 4040 Alexan

300 4091 340 4150 ‹lrl
363 4089 401 4146 Vi
429 4082 603 4142 matrimonio
619 4081 717 4150 juncta
735 4093 794 4131 cum
812 4073 895 4129 nobili
921 4087 952 4126 ax
975 4067 1080 4126 familia
1098 4065 1186 4124 Orsini
1214 4072 1244 4119 et
1272 4063 1304 4120 ln
1327 4063 1424 4118 tortu

300 4177 401 4230 aetate.
438 4167 548 4224 Mortua
576 4169 618 4218 eet
647 4175 671 4218 a.
698 4159 775 4214 1524.
813 4153 868 4214 Otr,
894 4151 994 4207 otvitu
1023 4147 1111 4203 cattol.
1147 4147 1202 4201 Ser.
1232 4142 1310 4200 Vlll.
1341 4161 1370 4200 r.
1399 4149 1421 4196 9.

301 4269 325 4326 p.
346 4251 399 4308 'llll
418 4263 475 4316 sqq.
