<?xml version="1.0" encoding="UTF-8"?>
<!DOCTYPE html PUBLIC "-//W3C//DTD XHTML 1.0 Transitional//EN"
    "http://www.w3.org/TR/xhtml1/DTD/xhtml1-transitional.dtd">
<html xmlns="http://www.w3.org/1999/xhtml" xml:lang="en" lang="en">
 <head>
  <title>
</title>
<meta http-equiv="Content-Type" content="text/html;charset=utf-8" />
  <meta name='ocr-system' content='tesseract 3.04.00' />
  <meta name='ocr-capabilities' content='ocr_page ocr_carea ocr_par ocr_line ocrx_word'/>
</head>
<body>
  <div class='ocr_page' id='page_1' title='image "./dissertationess00junggoog_0608.png"; bbox 0 0 2844 4840; ppageno 0'>
   <div class='ocr_carea' id='block_1_1' title="bbox 292 449 1141 519">
    <p class='ocr_par' dir='ltr' id='par_1_1' title="bbox 292 449 1141 519">
     <span class='ocr_line' id='line_1_1' title="bbox 292 449 1141 519; baseline -0.001 -14"><span class='ocrx_word' id='word_1_1' title='bbox 292 449 331 505; x_wconf 85' lang='lat' dir='ltr'>Dc</span> <span class='ocrx_word' id='word_1_2' title='bbox 349 465 474 519; x_wconf 88' lang='lat' dir='ltr'>processu</span> <span class='ocrx_word' id='word_1_3' title='bbox 493 459 589 504; x_wconf 81' lang='lat' dir='ltr'>contra</span> <span class='ocrx_word' id='word_1_4' title='bbox 607 449 775 504; x_wconf 78' lang='lat' dir='ltr'>Bonifatium</span> <span class='ocrx_word' id='word_1_5' title='bbox 795 449 871 505; x_wconf 75' lang='lat' dir='ltr'>t&#39;111.</span> <span class='ocrx_word' id='word_1_6' title='bbox 1106 449 1141 504; x_wconf 82' lang='lat' dir='ltr'>ts</span> 
     </span>
    </p>
   </div>
   <div class='ocr_carea' id='block_1_2' title="bbox 26 593 1313 1857">
    <p class='ocr_par' dir='ltr' id='par_1_2' title="bbox 26 593 1313 1857">
     <span class='ocr_line' id='line_1_2' title="bbox 31 593 1313 701; baseline 0 -43"><span class='ocrx_word' id='word_1_7' title='bbox 31 595 212 659; x_wconf 88' lang='lat' dir='ltr'>Pontificem</span> <span class='ocrx_word' id='word_1_8' title='bbox 243 596 363 658; x_wconf 87' lang='lat' dir='ltr'>iterum</span> <span class='ocrx_word' id='word_1_9' title='bbox 388 593 565 680; x_wconf 81' lang='lat' dir='ltr'>Philippus</span> <span class='ocrx_word' id='word_1_10' title='bbox 595 593 672 658; x_wconf 91' lang='lat' dir='ltr'>inde</span> <span class='ocrx_word' id='word_1_11' title='bbox 703 593 746 658; x_wconf 88' lang='lat' dir='ltr'>ab</span> <span class='ocrx_word' id='word_1_12' title='bbox 770 615 858 658; x_wconf 91' lang='lat' dir='ltr'>anno</span> <span class='ocrx_word' id='word_1_13' title='bbox 885 594 969 659; x_wconf 79' lang='lat'>1307</span> <span class='ocrx_word' id='word_1_14' title='bbox 995 595 1313 701; x_wconf 45' lang='lat' dir='ltr'>manime¹:3¹0⁰,f,⁸,⁸,ft¹;¹¹m¹,i</span> 
     </span>
     <span class='ocr_line' id='line_1_3' title="bbox 29 692 1143 779; baseline 0.002 -25"><span class='ocrx_word' id='word_1_15' title='bbox 29 696 161 757; x_wconf 78' lang='lat' dir='ltr'><strong>arctavit</strong></span> <span class='ocrx_word' id='word_1_16' title='bbox 187 692 405 779; x_wconf 78' lang='lat' dir='ltr'><strong>postulatione</strong></span> <span class='ocrx_word' id='word_1_17' title='bbox 436 715 506 773; x_wconf 88' lang='lat' dir='ltr'>sua,</span> <span class='ocrx_word' id='word_1_18' title='bbox 545 703 581 756; x_wconf 93' lang='lat' dir='ltr'>ut</span> <span class='ocrx_word' id='word_1_19' title='bbox 618 694 652 756; x_wconf 92' lang='lat' dir='ltr'>in</span> <span class='ocrx_word' id='word_1_20' title='bbox 677 692 891 775; x_wconf 82' lang='lat' dir='ltr'>Bonifatium,</span> <span class='ocrx_word' id='word_1_21' title='bbox 930 693 1075 758; x_wconf 87' lang='lat' dir='ltr'>haeresis</span> <span class='ocrx_word' id='word_1_22' title='bbox 1109 703 1143 756; x_wconf 92' lang='lat' dir='ltr'>et</span> 
     </span>
     <span class='ocr_line' id='line_1_4' title="bbox 28 789 1139 877; baseline 0.002 -24"><span class='ocrx_word' id='word_1_23' title='bbox 28 789 158 854; x_wconf 85' lang='lat' dir='ltr'>aliorum</span> <span class='ocrx_word' id='word_1_24' title='bbox 181 794 357 855; x_wconf 90' lang='lat' dir='ltr'>criminum</span> <span class='ocrx_word' id='word_1_25' title='bbox 386 801 590 871; x_wconf 70' lang='lat' dir='ltr'>acclinatum,</span> <span class='ocrx_word' id='word_1_26' title='bbox 617 789 785 876; x_wconf 90' lang='lat' dir='ltr'>judicium</span> <span class='ocrx_word' id='word_1_27' title='bbox 817 792 1063 877; x_wconf 88' lang='lat' dir='ltr'>inquisitorium</span> <span class='ocrx_word' id='word_1_28' title='bbox 1095 793 1139 855; x_wconf 92' lang='lat' dir='ltr'>in·</span> 
     </span>
     <span class='ocr_line' id='line_1_5' title="bbox 28 887 1143 974; baseline 0.002 -24"><span class='ocrx_word' id='word_1_29' title='bbox 28 891 214 954; x_wconf 77' lang='lat' dir='ltr'>stitueretur.</span> <span class='ocrx_word' id='word_1_30' title='bbox 262 887 417 953; x_wconf 78' lang='lat' dir='ltr'>Clemens</span> <span class='ocrx_word' id='word_1_31' title='bbox 441 889 472 951; x_wconf 91' lang='lat' dir='ltr'>V</span> <span class='ocrx_word' id='word_1_32' title='bbox 497 890 630 952; x_wconf 90' lang='lat' dir='ltr'>demum</span> <span class='ocrx_word' id='word_1_33' title='bbox 655 887 900 974; x_wconf 79' lang='lat' dir='ltr'>quadamtenus</span> <span class='ocrx_word' id='word_1_34' title='bbox 923 891 1029 954; x_wconf 81' lang='lat' dir='ltr'>cessit.</span> <span class='ocrx_word' id='word_1_35' title='bbox 1077 889 1143 953; x_wconf 87' lang='lat' dir='ltr'>Ex·</span> 
     </span>
     <span class='ocr_line' id='line_1_6' title="bbox 28 985 1143 1072; baseline 0.002 -24"><span class='ocrx_word' id='word_1_36' title='bbox 28 988 126 1050; x_wconf 74' lang='lat' dir='ltr'>causari</span> <span class='ocrx_word' id='word_1_37' title='bbox 152 999 258 1050; x_wconf 89' lang='lat' dir='ltr'>autem</span> <span class='ocrx_word' id='word_1_38' title='bbox 291 989 394 1072; x_wconf 84' lang='lat' dir='ltr'>possit</span> <span class='ocrx_word' id='word_1_39' title='bbox 418 986 572 1051; x_wconf 77' lang='lat' dir='ltr'>Pontifex</span> <span class='ocrx_word' id='word_1_40' title='bbox 601 1007 657 1066; x_wconf 91' lang='lat' dir='ltr'>eo,</span> <span class='ocrx_word' id='word_1_41' title='bbox 694 985 783 1072; x_wconf 92' lang='lat' dir='ltr'>quod</span> <span class='ocrx_word' id='word_1_42' title='bbox 815 986 1020 1068; x_wconf 89' lang='lat' dir='ltr'>confidebat,</span> <span class='ocrx_word' id='word_1_43' title='bbox 1053 989 1143 1052; x_wconf 89' lang='lat' dir='ltr'>inno·</span> 
     </span>
     <span class='ocr_line' id='line_1_7' title="bbox 27 1083 1143 1171; baseline 0.003 -26"><span class='ocrx_word' id='word_1_44' title='bbox 27 1087 163 1148; x_wconf 81' lang='lat' dir='ltr'>cantiam</span> <span class='ocrx_word' id='word_1_45' title='bbox 182 1085 352 1164; x_wconf 83' lang='lat' dir='ltr'>Bonifatii,</span> <span class='ocrx_word' id='word_1_46' title='bbox 377 1105 475 1170; x_wconf 88' lang='lat' dir='ltr'>quem</span> <span class='ocrx_word' id='word_1_47' title='bbox 501 1105 536 1148; x_wconf 88' lang='lat' dir='ltr'>se</span> <span class='ocrx_word' id='word_1_48' title='bbox 560 1083 682 1148; x_wconf 83' lang='lat' dir='ltr'>habere</span> <span class='ocrx_word' id='word_1_49' title='bbox 707 1086 871 1148; x_wconf 81' lang='lat' dir='ltr'>insontem</span> <span class='ocrx_word' id='word_1_50' title='bbox 897 1083 1049 1148; x_wconf 84' lang='lat' dir='ltr'>Clemens</span> <span class='ocrx_word' id='word_1_51' title='bbox 1073 1105 1143 1171; x_wconf 88' lang='lat' dir='ltr'>prc-</span> 
     </span>
     <span class='ocr_line' id='line_1_8' title="bbox 27 1181 1143 1267; baseline 0.001 -23"><span class='ocrx_word' id='word_1_52' title='bbox 27 1181 180 1264; x_wconf 80' lang='lat' dir='ltr'>litabatur,</span> <span class='ocrx_word' id='word_1_53' title='bbox 218 1182 376 1248; x_wconf 90' lang='lat' dir='ltr'>facillime</span> <span class='ocrx_word' id='word_1_54' title='bbox 415 1181 590 1267; x_wconf 90' lang='lat' dir='ltr'>probatum</span> <span class='ocrx_word' id='word_1_55' title='bbox 623 1182 684 1264; x_wconf 83' lang='lat' dir='ltr'>iri3</span> <span class='ocrx_word' id='word_1_56' title='bbox 725 1204 784 1246; x_wconf 91' lang='lat' dir='ltr'>sua</span> <span class='ocrx_word' id='word_1_57' title='bbox 821 1185 1033 1248; x_wconf 89' lang='lat' dir='ltr'>concessione</span> <span class='ocrx_word' id='word_1_58' title='bbox 1065 1203 1143 1247; x_wconf 90' lang='lat' dir='ltr'>vero</span> 
     </span>
     <span class='ocr_line' id='line_1_9' title="bbox 27 1279 1144 1366; baseline 0.001 -25"><span class='ocrx_word' id='word_1_59' title='bbox 27 1279 181 1364; x_wconf 87' lang='lat' dir='ltr'>sperabat,</span> <span class='ocrx_word' id='word_1_60' title='bbox 219 1303 333 1364; x_wconf 90' lang='lat' dir='ltr'>regem</span> <span class='ocrx_word' id='word_1_61' title='bbox 363 1279 453 1365; x_wconf 88' lang='lat' dir='ltr'>adigi</span> <span class='ocrx_word' id='word_1_62' title='bbox 485 1301 591 1366; x_wconf 89' lang='lat' dir='ltr'>posse,</span> <span class='ocrx_word' id='word_1_63' title='bbox 629 1289 667 1342; x_wconf 92' lang='lat' dir='ltr'>ut</span> <span class='ocrx_word' id='word_1_64' title='bbox 700 1281 801 1344; x_wconf 90' lang='lat' dir='ltr'>etiam</span> <span class='ocrx_word' id='word_1_65' title='bbox 830 1281 1000 1365; x_wconf 87' lang='lat' dir='ltr'>inquisitio</span> <span class='ocrx_word' id='word_1_66' title='bbox 1029 1289 1144 1344; x_wconf 90' lang='lat' dir='ltr'>contra</span> 
     </span>
     <span class='ocr_line' id='line_1_10' title="bbox 26 1376 1144 1464; baseline 0.001 -24"><span class='ocrx_word' id='word_1_67' title='bbox 26 1377 222 1463; x_wconf 89' lang='lat' dir='ltr'>Templarios</span> <span class='ocrx_word' id='word_1_68' title='bbox 253 1401 320 1443; x_wconf 89' lang='lat' dir='ltr'>non</span> <span class='ocrx_word' id='word_1_69' title='bbox 344 1377 520 1442; x_wconf 90' lang='lat' dir='ltr'>arbitraria</span> <span class='ocrx_word' id='word_1_70' title='bbox 544 1377 761 1463; x_wconf 83' lang='lat' dir='ltr'>dispositione</span> <span class='ocrx_word' id='word_1_71' title='bbox 785 1377 943 1464; x_wconf 92' lang='lat' dir='ltr'>Philippi,</span> <span class='ocrx_word' id='word_1_72' title='bbox 976 1376 1034 1441; x_wconf 91' lang='lat' dir='ltr'>sed</span> <span class='ocrx_word' id='word_1_73' title='bbox 1066 1376 1144 1462; x_wconf 88' lang='lat' dir='ltr'>legi·</span> 
     </span>
     <span class='ocr_line' id='line_1_11' title="bbox 26 1474 1144 1562; baseline 0.001 -24"><span class='ocrx_word' id='word_1_74' title='bbox 26 1479 96 1539; x_wconf 90' lang='lat' dir='ltr'>timo</span> <span class='ocrx_word' id='word_1_75' title='bbox 121 1487 155 1540; x_wconf 91' lang='lat' dir='ltr'>et</span> <span class='ocrx_word' id='word_1_76' title='bbox 176 1475 321 1562; x_wconf 86' lang='lat' dir='ltr'>regulari</span> <span class='ocrx_word' id='word_1_77' title='bbox 346 1475 443 1540; x_wconf 92' lang='lat' dir='ltr'>modo</span> <span class='ocrx_word' id='word_1_78' title='bbox 460 1477 696 1542; x_wconf 88' lang='lat' dir='ltr'>institueretur.</span> <span class='ocrx_word' id='word_1_79' title='bbox 726 1475 789 1540; x_wconf 90' lang='lat' dir='ltr'>Per</span> <span class='ocrx_word' id='word_1_80' title='bbox 805 1475 915 1560; x_wconf 91' lang='lat' dir='ltr'>plures</span> <span class='ocrx_word' id='word_1_81' title='bbox 938 1474 1015 1542; x_wconf 90' lang='lat' dir='ltr'>dein</span> <span class='ocrx_word' id='word_1_82' title='bbox 1040 1495 1144 1539; x_wconf 89' lang='lat' dir='ltr'>annos</span> 
     </span>
     <span class='ocr_line' id='line_1_12' title="bbox 26 1571 1144 1659; baseline -0.001 -22"><span class='ocrx_word' id='word_1_83' title='bbox 26 1597 116 1638; x_wconf 83' lang='lat' dir='ltr'>cansa</span> <span class='ocrx_word' id='word_1_84' title='bbox 133 1575 291 1640; x_wconf 87' lang='lat' dir='ltr'>Bonifatii</span> <span class='ocrx_word' id='word_1_85' title='bbox 309 1596 420 1639; x_wconf 90' lang='lat' dir='ltr'>coram</span> <span class='ocrx_word' id='word_1_86' title='bbox 437 1573 588 1658; x_wconf 77' lang='lat' dir='ltr'>delegata</span> <span class='ocrx_word' id='word_1_87' title='bbox 612 1595 672 1659; x_wconf 88' lang='lat' dir='ltr'>per</span> <span class='ocrx_word' id='word_1_88' title='bbox 689 1573 886 1638; x_wconf 89' lang='lat' dir='ltr'>Pontificem</span> <span class='ocrx_word' id='word_1_89' title='bbox 904 1571 1144 1638; x_wconf 80' lang='lat' dir='ltr'>Commissione</span> 
     </span>
     <span class='ocr_line' id='line_1_13' title="bbox 26 1669 1143 1758; baseline -0.001 -22"><span class='ocrx_word' id='word_1_90' title='bbox 26 1685 157 1736; x_wconf 78' lang='lat' dir='ltr'>nactam</span> <span class='ocrx_word' id='word_1_91' title='bbox 191 1673 271 1752; x_wconf 84' lang='lat' dir='ltr'>fuit,</span> <span class='ocrx_word' id='word_1_92' title='bbox 311 1673 449 1758; x_wconf 89' lang='lat' dir='ltr'>ejusque</span> <span class='ocrx_word' id='word_1_93' title='bbox 484 1681 695 1735; x_wconf 80' lang='lat' dir='ltr'>accusatores</span> <span class='ocrx_word' id='word_1_94' title='bbox 734 1681 766 1735; x_wconf 90' lang='lat' dir='ltr'>et</span> <span class='ocrx_word' id='word_1_95' title='bbox 804 1670 992 1738; x_wconf 87' lang='lat' dir='ltr'>defensores</span> <span class='ocrx_word' id='word_1_96' title='bbox 1027 1669 1143 1735; x_wconf 90' lang='lat' dir='ltr'>auditi.</span> 
     </span>
     <span class='ocr_line' id='line_1_14' title="bbox 26 1767 1143 1857; baseline -0.002 -23"><span class='ocrx_word' id='word_1_97' title='bbox 26 1769 156 1855; x_wconf 63' lang='lat' dir='ltr'>singula</span> <span class='ocrx_word' id='word_1_98' title='bbox 188 1793 273 1857; x_wconf 91' lang='lat' dir='ltr'>qnae</span> <span class='ocrx_word' id='word_1_99' title='bbox 306 1771 368 1835; x_wconf 86' lang='lat' dir='ltr'>hoe</span> <span class='ocrx_word' id='word_1_100' title='bbox 396 1773 430 1834; x_wconf 92' lang='lat' dir='ltr'>in</span> <span class='ocrx_word' id='word_1_101' title='bbox 462 1771 592 1854; x_wconf 86' lang='lat' dir='ltr'>negotio</span> <span class='ocrx_word' id='word_1_102' title='bbox 617 1767 813 1835; x_wconf 90' lang='lat' dir='ltr'>acciderunt</span> <span class='ocrx_word' id='word_1_103' title='bbox 836 1768 926 1833; x_wconf 87' lang='lat' dir='ltr'>haud</span> <span class='ocrx_word' id='word_1_104' title='bbox 953 1769 1143 1848; x_wconf 88' lang='lat' dir='ltr'>referemus,</span> 
     </span>
    </p>
   </div>
   <div class='ocr_carea' id='block_1_3' title="bbox 26 1868 409 1954">
    <p class='ocr_par' dir='ltr' id='par_1_3' title="bbox 26 1868 409 1954">
     <span class='ocr_line' id='line_1_15' title="bbox 26 1868 409 1954; baseline 0.005 -24"><span class='ocrx_word' id='word_1_105' title='bbox 26 1868 74 1930; x_wconf 82' lang='lat' dir='ltr'>sed</span> <span class='ocrx_word' id='word_1_106' title='bbox 97 1891 208 1954; x_wconf 87' lang='lat' dir='ltr'>pauca</span> <span class='ocrx_word' id='word_1_107' title='bbox 231 1869 409 1932; x_wconf 86' lang='lat' dir='ltr'>sufficient.</span> 
     </span>
    </p>
   </div>
   <div class='ocr_carea' id='block_1_4' title="bbox 25 2007 1148 4055">
    <p class='ocr_par' dir='ltr' id='par_1_4' title="bbox 25 2007 1148 4055">
     <span class='ocr_line' id='line_1_16' title="bbox 107 2007 1144 2100; baseline -0.002 -26"><span class='ocrx_word' id='word_1_108' title='bbox 107 2013 160 2078; x_wconf 71' lang='lat'>79.</span> <span class='ocrx_word' id='word_1_109' title='bbox 179 2011 367 2076; x_wconf 85' lang='lat' dir='ltr'>Duodecim</span> <span class='ocrx_word' id='word_1_110' title='bbox 391 2033 461 2076; x_wconf 90' lang='lat' dir='ltr'>sese</span> <span class='ocrx_word' id='word_1_111' title='bbox 485 2018 738 2096; x_wconf 89' lang='lat' dir='ltr'>praesentarunt</span> <span class='ocrx_word' id='word_1_112' title='bbox 763 2007 951 2074; x_wconf 90' lang='lat' dir='ltr'>defensores</span> <span class='ocrx_word' id='word_1_113' title='bbox 976 2007 1144 2100; x_wconf 74' lang='lat' dir='ltr'>Bonifatii,</span> 
     </span>
     <span class='ocr_line' id='line_1_17' title="bbox 25 2106 1145 2194; baseline 0.001 -24"><span class='ocrx_word' id='word_1_114' title='bbox 25 2112 71 2194; x_wconf 90' lang='lat' dir='ltr'>qui</span> <span class='ocrx_word' id='word_1_115' title='bbox 107 2131 185 2174; x_wconf 90' lang='lat' dir='ltr'>eum</span> <span class='ocrx_word' id='word_1_116' title='bbox 230 2109 272 2173; x_wconf 91' lang='lat' dir='ltr'>ab</span> <span class='ocrx_word' id='word_1_117' title='bbox 312 2108 582 2174; x_wconf 83' lang='lat' dir='ltr'>accusationibus</span> <span class='ocrx_word' id='word_1_118' title='bbox 645 2107 742 2193; x_wconf 88' lang='lat' dir='ltr'>plane</span> <span class='ocrx_word' id='word_1_119' title='bbox 786 2107 878 2172; x_wconf 91' lang='lat' dir='ltr'>falsis</span> <span class='ocrx_word' id='word_1_120' title='bbox 910 2106 1145 2186; x_wconf 80' lang='lat' dir='ltr'>vindicabant3</span> 
     </span>
     <span class='ocr_line' id='line_1_18' title="bbox 25 2203 1146 2292; baseline 0.001 -24"><span class='ocrx_word' id='word_1_121' title='bbox 25 2220 226 2272; x_wconf 84' lang='lat' dir='ltr'>accusatores</span> <span class='ocrx_word' id='word_1_122' title='bbox 255 2219 367 2272; x_wconf 90' lang='lat' dir='ltr'>autem</span> <span class='ocrx_word' id='word_1_123' title='bbox 399 2217 493 2272; x_wconf 91' lang='lat' dir='ltr'>erant</span> <span class='ocrx_word' id='word_1_124' title='bbox 524 2206 582 2270; x_wconf 88' lang='lat' dir='ltr'>filii</span> <span class='ocrx_word' id='word_1_125' title='bbox 607 2203 654 2270; x_wconf 89' lang='lat' dir='ltr'>illi</span> <span class='ocrx_word' id='word_1_126' title='bbox 679 2207 875 2292; x_wconf 85' lang='lat' dir='ltr'>iniquitatis,</span> <span class='ocrx_word' id='word_1_127' title='bbox 906 2205 1090 2290; x_wconf 88' lang='lat' dir='ltr'>Negaretus</span> <span class='ocrx_word' id='word_1_128' title='bbox 1114 2219 1146 2269; x_wconf 88' lang='lat' dir='ltr'>et</span> 
     </span>
     <span class='ocr_line' id='line_1_19' title="bbox 25 2301 1148 2390; baseline 0.004 -25"><span class='ocrx_word' id='word_1_129' title='bbox 25 2301 192 2369; x_wconf 89' lang='lat' dir='ltr'>Plasianus</span> <span class='ocrx_word' id='word_1_130' title='bbox 215 2329 255 2370; x_wconf 90' lang='lat' dir='ltr'>ac</span> <span class='ocrx_word' id='word_1_131' title='bbox 279 2316 346 2370; x_wconf 88' lang='lat' dir='ltr'>tres</span> <span class='ocrx_word' id='word_1_132' title='bbox 369 2302 426 2369; x_wconf 89' lang='lat' dir='ltr'>alii</span> <span class='ocrx_word' id='word_1_133' title='bbox 451 2326 564 2370; x_wconf 89' lang='lat' dir='ltr'>eorum</span> <span class='ocrx_word' id='word_1_134' title='bbox 590 2305 681 2368; x_wconf 91' lang='lat' dir='ltr'>socii.</span> <span class='ocrx_word' id='word_1_135' title='bbox 718 2302 851 2390; x_wconf 88' lang='lat' dir='ltr'>Ubique</span> <span class='ocrx_word' id='word_1_136' title='bbox 876 2303 1148 2388; x_wconf 89' lang='lat' dir='ltr'>conquisiverant</span> 
     </span>
     <span class='ocr_line' id='line_1_20' title="bbox 25 2398 1147 2489; baseline 0 -25"><span class='ocrx_word' id='word_1_137' title='bbox 25 2415 121 2486; x_wconf 84' lang='lat' dir='ltr'>testes,</span> <span class='ocrx_word' id='word_1_138' title='bbox 156 2405 213 2489; x_wconf 94' lang='lat' dir='ltr'>qui</span> <span class='ocrx_word' id='word_1_139' title='bbox 239 2413 354 2468; x_wconf 90' lang='lat' dir='ltr'>contra</span> <span class='ocrx_word' id='word_1_140' title='bbox 378 2403 583 2468; x_wconf 87' lang='lat' dir='ltr'>Bonifatium</span> <span class='ocrx_word' id='word_1_141' title='bbox 609 2401 690 2488; x_wconf 90' lang='lat' dir='ltr'>quid</span> <span class='ocrx_word' id='word_1_142' title='bbox 715 2398 892 2482; x_wconf 86' lang='lat' dir='ltr'>edicerent,</span> <span class='ocrx_word' id='word_1_143' title='bbox 919 2413 1079 2486; x_wconf 82' lang='lat' dir='ltr'>eiusque</span> <span class='ocrx_word' id='word_1_144' title='bbox 1103 2401 1147 2465; x_wconf 89' lang='lat' dir='ltr'>ad</span> 
     </span>
     <span class='ocr_line' id='line_1_21' title="bbox 28 2495 1147 2566; baseline 0.001 -4"><span class='ocrx_word' id='word_1_145' title='bbox 28 2501 165 2565; x_wconf 89' lang='lat' dir='ltr'>medium</span> <span class='ocrx_word' id='word_1_146' title='bbox 190 2523 317 2566; x_wconf 90' lang='lat' dir='ltr'>annum</span> <span class='ocrx_word' id='word_1_147' title='bbox 344 2500 430 2566; x_wconf 90' lang='lat'>1310</span> <span class='ocrx_word' id='word_1_148' title='bbox 455 2501 489 2564; x_wconf 91' lang='lat' dir='ltr'>in</span> <span class='ocrx_word' id='word_1_149' title='bbox 506 2497 619 2564; x_wconf 87' lang='lat' dir='ltr'>Gallia</span> <span class='ocrx_word' id='word_1_150' title='bbox 643 2509 675 2561; x_wconf 89' lang='lat' dir='ltr'>et</span> <span class='ocrx_word' id='word_1_151' title='bbox 698 2495 796 2562; x_wconf 90' lang='lat' dir='ltr'>Italia</span> <span class='ocrx_word' id='word_1_152' title='bbox 819 2499 1008 2562; x_wconf 91' lang='lat' dir='ltr'>testimonia</span> <span class='ocrx_word' id='word_1_153' title='bbox 1031 2499 1147 2564; x_wconf 84' lang='lat' dir='ltr'>andita</span> 
     </span>
     <span class='ocr_line' id='line_1_22' title="bbox 27 2597 1146 2683; baseline 0.002 -24"><span class='ocrx_word' id='word_1_154' title='bbox 27 2597 159 2678; x_wconf 89' lang='lat' dir='ltr'>luerunt,</span> <span class='ocrx_word' id='word_1_155' title='bbox 192 2609 229 2661; x_wconf 90' lang='lat' dir='ltr'>ut</span> <span class='ocrx_word' id='word_1_156' title='bbox 251 2597 309 2663; x_wconf 82' lang='lat' dir='ltr'>tali</span> <span class='ocrx_word' id='word_1_157' title='bbox 335 2598 431 2663; x_wconf 90' lang='lat' dir='ltr'>modo</span> <span class='ocrx_word' id='word_1_158' title='bbox 457 2619 629 2683; x_wconf 87' lang='lat' dir='ltr'>processus</span> <span class='ocrx_word' id='word_1_159' title='bbox 653 2597 879 2663; x_wconf 89' lang='lat' dir='ltr'>instrueretur.</span> <span class='ocrx_word' id='word_1_160' title='bbox 927 2597 1069 2660; x_wconf 80' lang='lat' dir='ltr'>Exstant</span> <span class='ocrx_word' id='word_1_161' title='bbox 1093 2597 1146 2662; x_wconf 90' lang='lat' dir='ltr'>de-</span> 
     </span>
     <span class='ocr_line' id='line_1_23' title="bbox 27 2693 1147 2782; baseline 0.002 -26"><span class='ocrx_word' id='word_1_162' title='bbox 27 2699 198 2780; x_wconf 88' lang='lat' dir='ltr'>positiones</span> <span class='ocrx_word' id='word_1_163' title='bbox 221 2698 357 2782; x_wconf 89' lang='lat' dir='ltr'>triginta</span> <span class='ocrx_word' id='word_1_164' title='bbox 381 2705 507 2781; x_wconf 89' lang='lat' dir='ltr'>septem</span> <span class='ocrx_word' id='word_1_165' title='bbox 538 2697 680 2778; x_wconf 89' lang='lat' dir='ltr'>testium,</span> <span class='ocrx_word' id='word_1_166' title='bbox 713 2696 799 2759; x_wconf 90' lang='lat' dir='ltr'>inter</span> <span class='ocrx_word' id='word_1_167' title='bbox 823 2716 905 2781; x_wconf 91' lang='lat' dir='ltr'>quos</span> <span class='ocrx_word' id='word_1_168' title='bbox 929 2693 1064 2757; x_wconf 89' lang='lat' dir='ltr'>fuerunt</span> <span class='ocrx_word' id='word_1_169' title='bbox 1087 2696 1147 2758; x_wconf 91' lang='lat' dir='ltr'>cir·</span> 
     </span>
     <span class='ocr_line' id='line_1_24' title="bbox 27 2792 1147 2879; baseline -0.001 -23"><span class='ocrx_word' id='word_1_170' title='bbox 27 2797 95 2858; x_wconf 86' lang='lat' dir='ltr'>citer</span> <span class='ocrx_word' id='word_1_171' title='bbox 118 2793 299 2859; x_wconf 87' lang='lat' dir='ltr'>duodecim</span> <span class='ocrx_word' id='word_1_172' title='bbox 326 2793 449 2876; x_wconf 90' lang='lat' dir='ltr'>clerici,</span> <span class='ocrx_word' id='word_1_173' title='bbox 474 2793 530 2879; x_wconf 93' lang='lat' dir='ltr'>qui</span> <span class='ocrx_word' id='word_1_174' title='bbox 548 2803 663 2857; x_wconf 90' lang='lat' dir='ltr'>contra</span> <span class='ocrx_word' id='word_1_175' title='bbox 679 2792 885 2856; x_wconf 86' lang='lat' dir='ltr'>Bonifatium</span> <span class='ocrx_word' id='word_1_176' title='bbox 909 2793 1069 2856; x_wconf 91' lang='lat' dir='ltr'>immania</span> <span class='ocrx_word' id='word_1_177' title='bbox 1094 2792 1147 2856; x_wconf 91' lang='lat' dir='ltr'>de·</span> 
     </span>
     <span class='ocr_line' id='line_1_25' title="bbox 26 2889 1146 2976; baseline -0.002 -21"><span class='ocrx_word' id='word_1_178' title='bbox 26 2902 208 2976; x_wconf 88' lang='lat' dir='ltr'>posuerunt,</span> <span class='ocrx_word' id='word_1_179' title='bbox 234 2894 280 2956; x_wconf 92' lang='lat' dir='ltr'>ita</span> <span class='ocrx_word' id='word_1_180' title='bbox 304 2902 340 2956; x_wconf 90' lang='lat' dir='ltr'>ut</span> <span class='ocrx_word' id='word_1_181' title='bbox 364 2889 617 2972; x_wconf 88' lang='lat' dir='ltr'>incredulitatis,</span> <span class='ocrx_word' id='word_1_182' title='bbox 642 2892 782 2974; x_wconf 86' lang='lat' dir='ltr'>magiae,</span> <span class='ocrx_word' id='word_1_183' title='bbox 808 2890 979 2972; x_wconf 88' lang='lat' dir='ltr'>simoniae,</span> <span class='ocrx_word' id='word_1_184' title='bbox 1004 2889 1146 2975; x_wconf 91' lang='lat' dir='ltr'>impudi-</span> 
     </span>
     <span class='ocr_line' id='line_1_26' title="bbox 27 2987 1145 3073; baseline -0.002 -20"><span class='ocrx_word' id='word_1_185' title='bbox 27 2993 112 3054; x_wconf 80' lang='lat' dir='ltr'>citiae</span> <span class='ocrx_word' id='word_1_186' title='bbox 137 2991 318 3072; x_wconf 89' lang='lat' dir='ltr'>maximae,</span> <span class='ocrx_word' id='word_1_187' title='bbox 343 2989 490 3054; x_wconf 89' lang='lat' dir='ltr'>haeresis</span> <span class='ocrx_word' id='word_1_188' title='bbox 514 2999 717 3073; x_wconf 86' lang='lat' dir='ltr'>argueretur.</span> <span class='ocrx_word' id='word_1_189' title='bbox 765 2989 831 3054; x_wconf 87' lang='lat' dir='ltr'>Sed</span> <span class='ocrx_word' id='word_1_190' title='bbox 855 2991 882 3053; x_wconf 93' lang='lat' dir='ltr'>si</span> <span class='ocrx_word' id='word_1_191' title='bbox 907 2987 1145 3067; x_wconf 87' lang='lat' dir='ltr'>consideratur,</span> 
     </span>
     <span class='ocr_line' id='line_1_27' title="bbox 26 3085 1144 3174; baseline -0.002 -25"><span class='ocrx_word' id='word_1_192' title='bbox 26 3089 127 3174; x_wconf 82' lang='lat' dir='ltr'>quales</span> <span class='ocrx_word' id='word_1_193' title='bbox 151 3089 281 3152; x_wconf 90' lang='lat' dir='ltr'>fuerint</span> <span class='ocrx_word' id='word_1_194' title='bbox 302 3088 454 3153; x_wconf 88' lang='lat' dir='ltr'>homines</span> <span class='ocrx_word' id='word_1_195' title='bbox 479 3085 525 3151; x_wconf 92' lang='lat' dir='ltr'>illi</span> <span class='ocrx_word' id='word_1_196' title='bbox 561 3087 617 3172; x_wconf 87' lang='lat' dir='ltr'>qui</span> <span class='ocrx_word' id='word_1_197' title='bbox 642 3085 838 3151; x_wconf 87' lang='lat' dir='ltr'>Pontificem</span> <span class='ocrx_word' id='word_1_198' title='bbox 871 3095 1079 3167; x_wconf 86' lang='lat' dir='ltr'>accusarunt,</span> <span class='ocrx_word' id='word_1_199' title='bbox 1119 3087 1144 3148; x_wconf 92' lang='lat' dir='ltr'>si</span> 
     </span>
     <span class='ocr_line' id='line_1_28' title="bbox 27 3183 1146 3272; baseline -0.002 -24"><span class='ocrx_word' id='word_1_200' title='bbox 27 3189 106 3270; x_wconf 88' lang='lat' dir='ltr'>ipsae</span> <span class='ocrx_word' id='word_1_201' title='bbox 134 3187 378 3264; x_wconf 86' lang='lat' dir='ltr'>accusationes,</span> <span class='ocrx_word' id='word_1_202' title='bbox 411 3207 552 3272; x_wconf 83' lang='lat' dir='ltr'>querum</span> <span class='ocrx_word' id='word_1_203' title='bbox 584 3183 696 3270; x_wconf 90' lang='lat' dir='ltr'>plures</span> <span class='ocrx_word' id='word_1_204' title='bbox 729 3194 807 3248; x_wconf 88' lang='lat' dir='ltr'>aunt</span> <span class='ocrx_word' id='word_1_205' title='bbox 829 3185 1066 3270; x_wconf 88' lang='lat' dir='ltr'>ineptissimae,</span> <span class='ocrx_word' id='word_1_206' title='bbox 1097 3185 1146 3246; x_wconf 91' lang='lat' dir='ltr'>in·</span> 
     </span>
     <span class='ocr_line' id='line_1_29' title="bbox 27 3283 1145 3370; baseline -0.002 -24"><span class='ocrx_word' id='word_1_207' title='bbox 27 3288 213 3370; x_wconf 87' lang='lat' dir='ltr'>spiciuntur,</span> <span class='ocrx_word' id='word_1_208' title='bbox 245 3285 271 3349; x_wconf 89' lang='lat' dir='ltr'>si</span> <span class='ocrx_word' id='word_1_209' title='bbox 297 3293 365 3348; x_wconf 90' lang='lat' dir='ltr'>tota</span> <span class='ocrx_word' id='word_1_210' title='bbox 389 3285 459 3348; x_wconf 89' lang='lat' dir='ltr'>vita</span> <span class='ocrx_word' id='word_1_211' title='bbox 484 3283 642 3347; x_wconf 89' lang='lat' dir='ltr'>Bonifatii</span> <span class='ocrx_word' id='word_1_212' title='bbox 667 3293 700 3346; x_wconf 90' lang='lat' dir='ltr'>ct</span> <span class='ocrx_word' id='word_1_213' title='bbox 724 3304 923 3347; x_wconf 87' lang='lat' dir='ltr'>coaevorum</span> <span class='ocrx_word' id='word_1_214' title='bbox 952 3283 1077 3366; x_wconf 90' lang='lat' dir='ltr'>optima</span> <span class='ocrx_word' id='word_1_215' title='bbox 1101 3289 1145 3344; x_wconf 91' lang='lat' dir='ltr'>te·</span> 
     </span>
     <span class='ocr_line' id='line_1_30' title="bbox 27 3378 1147 3468; baseline -0.003 -24"><span class='ocrx_word' id='word_1_216' title='bbox 27 3385 171 3448; x_wconf 77' lang='lat' dir='ltr'>stimonia</span> <span class='ocrx_word' id='word_1_217' title='bbox 186 3381 447 3468; x_wconf 89' lang='lat' dir='ltr'>perpenduntur,</span> <span class='ocrx_word' id='word_1_218' title='bbox 472 3389 560 3445; x_wconf 89' lang='lat' dir='ltr'>certo</span> <span class='ocrx_word' id='word_1_219' title='bbox 586 3379 761 3466; x_wconf 85' lang='lat' dir='ltr'>colligitur,</span> <span class='ocrx_word' id='word_1_220' title='bbox 780 3379 862 3444; x_wconf 91' lang='lat' dir='ltr'>illud</span> <span class='ocrx_word' id='word_1_221' title='bbox 878 3381 1046 3464; x_wconf 88' lang='lat' dir='ltr'>negotium</span> <span class='ocrx_word' id='word_1_222' title='bbox 1063 3378 1147 3442; x_wconf 92' lang='lat' dir='ltr'>nihil</span> 
     </span>
     <span class='ocr_line' id='line_1_31' title="bbox 27 3477 1145 3564; baseline -0.002 -22"><span class='ocrx_word' id='word_1_223' title='bbox 27 3481 104 3546; x_wconf 87' lang='lat' dir='ltr'>aliud</span> <span class='ocrx_word' id='word_1_224' title='bbox 129 3483 246 3560; x_wconf 89' lang='lat' dir='ltr'>fuisse,</span> <span class='ocrx_word' id='word_1_225' title='bbox 271 3482 336 3545; x_wconf 91' lang='lat' dir='ltr'>nisi</span> <span class='ocrx_word' id='word_1_226' title='bbox 353 3481 548 3563; x_wconf 85' lang='lat' dir='ltr'>mysterium</span> <span class='ocrx_word' id='word_1_227' title='bbox 573 3477 743 3564; x_wconf 90' lang='lat' dir='ltr'>quoddam</span> <span class='ocrx_word' id='word_1_228' title='bbox 766 3479 962 3564; x_wconf 90' lang='lat' dir='ltr'>iniqnitatis.</span> <span class='ocrx_word' id='word_1_229' title='bbox 993 3477 1145 3541; x_wconf 87' lang='lat' dir='ltr'>Perversi</span> 
     </span>
     <span class='ocr_line' id='line_1_32' title="bbox 29 3575 1145 3660; baseline -0.002 -20"><span class='ocrx_word' id='word_1_230' title='bbox 29 3578 66 3642; x_wconf 91' lang='lat' dir='ltr'>illi</span> <span class='ocrx_word' id='word_1_231' title='bbox 88 3582 151 3644; x_wconf 86' lang='lat' dir='ltr'>viri</span> <span class='ocrx_word' id='word_1_232' title='bbox 181 3589 214 3642; x_wconf 90' lang='lat' dir='ltr'>et</span> <span class='ocrx_word' id='word_1_233' title='bbox 237 3577 417 3642; x_wconf 88' lang='lat' dir='ltr'>consiliarii</span> <span class='ocrx_word' id='word_1_234' title='bbox 442 3577 529 3660; x_wconf 88' lang='lat' dir='ltr'>regis</span> <span class='ocrx_word' id='word_1_235' title='bbox 553 3575 644 3640; x_wconf 89' lang='lat' dir='ltr'>hunc</span> <span class='ocrx_word' id='word_1_236' title='bbox 667 3575 882 3656; x_wconf 88' lang='lat' dir='ltr'>seduxerunt,</span> <span class='ocrx_word' id='word_1_237' title='bbox 905 3585 940 3638; x_wconf 89' lang='lat' dir='ltr'>et</span> <span class='ocrx_word' id='word_1_238' title='bbox 962 3597 1042 3640; x_wconf 90' lang='lat' dir='ltr'>auro</span> <span class='ocrx_word' id='word_1_239' title='bbox 1067 3575 1145 3639; x_wconf 90' lang='lat' dir='ltr'>dein</span> 
     </span>
     <span class='ocr_line' id='line_1_33' title="bbox 29 3672 1145 3763; baseline -0.001 -25"><span class='ocrx_word' id='word_1_240' title='bbox 29 3689 112 3742; x_wconf 86' lang='lat' dir='ltr'>testes</span> <span class='ocrx_word' id='word_1_241' title='bbox 136 3678 248 3763; x_wconf 92' lang='lat' dir='ltr'>iniqui</span> <span class='ocrx_word' id='word_1_242' title='bbox 273 3675 429 3740; x_wconf 90' lang='lat' dir='ltr'>conducti</span> <span class='ocrx_word' id='word_1_243' title='bbox 454 3685 540 3740; x_wconf 88' lang='lat' dir='ltr'>sunt.</span> <span class='ocrx_word' id='word_1_244' title='bbox 565 3711 608 3721; x_wconf 92' lang='lat'>-</span> <span class='ocrx_word' id='word_1_245' title='bbox 632 3675 814 3755; x_wconf 87' lang='lat' dir='ltr'>Postremo,</span> <span class='ocrx_word' id='word_1_246' title='bbox 838 3695 926 3738; x_wconf 90' lang='lat' dir='ltr'>anno</span> <span class='ocrx_word' id='word_1_247' title='bbox 950 3674 1045 3752; x_wconf 87' lang='lat'>1311,</span> <span class='ocrx_word' id='word_1_248' title='bbox 1071 3672 1145 3737; x_wconf 90' lang='lat' dir='ltr'>Phi-</span> 
     </span>
     <span class='ocr_line' id='line_1_34' title="bbox 28 3770 1145 3860; baseline -0.001 -24"><span class='ocrx_word' id='word_1_249' title='bbox 28 3773 123 3860; x_wconf 87' lang='lat' dir='ltr'>lippus</span> <span class='ocrx_word' id='word_1_250' title='bbox 157 3784 298 3838; x_wconf 87' lang='lat' dir='ltr'>eatenus</span> <span class='ocrx_word' id='word_1_251' title='bbox 334 3771 497 3838; x_wconf 84' lang='lat' dir='ltr'>Clementi</span> <span class='ocrx_word' id='word_1_252' title='bbox 534 3770 711 3836; x_wconf 90' lang='lat' dir='ltr'>obsecutus</span> <span class='ocrx_word' id='word_1_253' title='bbox 746 3782 804 3854; x_wconf 88' lang='lat' dir='ltr'>est,</span> <span class='ocrx_word' id='word_1_254' title='bbox 843 3781 1006 3858; x_wconf 89' lang='lat' dir='ltr'>quatenus</span> <span class='ocrx_word' id='word_1_255' title='bbox 1040 3781 1145 3835; x_wconf 93' lang='lat' dir='ltr'>totum</span> 
     </span>
     <span class='ocr_line' id='line_1_35' title="bbox 31 3869 1145 3959; baseline -0.004 -23"><span class='ocrx_word' id='word_1_256' title='bbox 31 3876 185 3959; x_wconf 83' lang='lat' dir='ltr'>negotium</span> <span class='ocrx_word' id='word_1_257' title='bbox 212 3871 255 3936; x_wconf 91' lang='lat' dir='ltr'>de</span> <span class='ocrx_word' id='word_1_258' title='bbox 279 3871 446 3937; x_wconf 90' lang='lat' dir='ltr'>Bonifatio</span> <span class='ocrx_word' id='word_1_259' title='bbox 471 3871 533 3957; x_wconf 90' lang='lat' dir='ltr'>ipsi</span> <span class='ocrx_word' id='word_1_260' title='bbox 558 3869 770 3956; x_wconf 90' lang='lat' dir='ltr'>relinqueret,</span> <span class='ocrx_word' id='word_1_261' title='bbox 802 3878 903 3954; x_wconf 91' lang='lat' dir='ltr'>atque</span> <span class='ocrx_word' id='word_1_262' title='bbox 927 3880 1007 3932; x_wconf 91' lang='lat' dir='ltr'>tunc</span> <span class='ocrx_word' id='word_1_263' title='bbox 1031 3869 1145 3932; x_wconf 88' lang='lat' dir='ltr'>tristis·</span> 
     </span>
     <span class='ocr_line' id='line_1_36' title="bbox 30 3970 733 4055; baseline 0 -23"><span class='ocrx_word' id='word_1_264' title='bbox 30 3973 117 4036; x_wconf 91' lang='lat' dir='ltr'>simas</span> <span class='ocrx_word' id='word_1_265' title='bbox 141 3970 197 4036; x_wconf 91' lang='lat' dir='ltr'>ille</span> <span class='ocrx_word' id='word_1_266' title='bbox 223 3990 397 4055; x_wconf 88' lang='lat' dir='ltr'>processus</span> <span class='ocrx_word' id='word_1_267' title='bbox 421 3990 499 4034; x_wconf 87' lang='lat' dir='ltr'>mox</span> <span class='ocrx_word' id='word_1_268' title='bbox 524 3971 650 4055; x_wconf 91' lang='lat' dir='ltr'>sopitus</span> <span class='ocrx_word' id='word_1_269' title='bbox 673 3979 733 4032; x_wconf 90' lang='lat' dir='ltr'>est.</span> 
     </span>
    </p>
   </div>
   <div class='ocr_carea' id='block_1_5' title="bbox 30 4115 1145 4304">
    <p class='ocr_par' dir='ltr' id='par_1_5' title="bbox 30 4115 1145 4304">
     <span class='ocr_line' id='line_1_37' title="bbox 105 4115 1143 4206; baseline -0.008 -18"><span class='ocrx_word' id='word_1_270' title='bbox 105 4124 157 4188; x_wconf 81' lang='lat'>80.</span> <span class='ocrx_word' id='word_1_271' title='bbox 187 4120 258 4186; x_wconf 91' lang='lat' dir='ltr'>Sed</span> <span class='ocrx_word' id='word_1_272' title='bbox 275 4123 370 4206; x_wconf 91' lang='lat' dir='ltr'>petiit</span> <span class='ocrx_word' id='word_1_273' title='bbox 385 4119 571 4206; x_wconf 88' lang='lat' dir='ltr'>Philippus,</span> <span class='ocrx_word' id='word_1_274' title='bbox 596 4129 633 4184; x_wconf 93' lang='lat' dir='ltr'>ut</span> <span class='ocrx_word' id='word_1_275' title='bbox 647 4117 804 4184; x_wconf 87' lang='lat' dir='ltr'>Pontifex</span> <span class='ocrx_word' id='word_1_276' title='bbox 817 4115 1010 4197; x_wconf 88' lang='lat' dir='ltr'>declararet,</span> <span class='ocrx_word' id='word_1_277' title='bbox 1036 4117 1143 4200; x_wconf 90' lang='lat' dir='ltr'>ipsum</span> 
     </span>
     <span class='ocr_line' id='line_1_38' title="bbox 30 4212 1145 4304; baseline -0.003 -24"><span class='ocrx_word' id='word_1_278' title='bbox 30 4241 126 4304; x_wconf 86' lang='lat' dir='ltr'>regem</span> <span class='ocrx_word' id='word_1_279' title='bbox 154 4221 248 4285; x_wconf 90' lang='lat' dir='ltr'>bona</span> <span class='ocrx_word' id='word_1_280' title='bbox 277 4217 341 4282; x_wconf 88' lang='lat' dir='ltr'>fide</span> <span class='ocrx_word' id='word_1_281' title='bbox 375 4220 408 4282; x_wconf 93' lang='lat' dir='ltr'>iu</span> <span class='ocrx_word' id='word_1_282' title='bbox 441 4235 541 4282; x_wconf 85' lang='lat' dir='ltr'>causa</span> <span class='ocrx_word' id='word_1_283' title='bbox 577 4219 638 4282; x_wconf 90' lang='lat' dir='ltr'>ista</span> <span class='ocrx_word' id='word_1_284' title='bbox 674 4217 789 4299; x_wconf 90' lang='lat' dir='ltr'>egisse,</span> <span class='ocrx_word' id='word_1_285' title='bbox 830 4223 862 4278; x_wconf 90' lang='lat' dir='ltr'>et</span> <span class='ocrx_word' id='word_1_286' title='bbox 895 4212 965 4278; x_wconf 86' lang='lat' dir='ltr'>nelo</span> <span class='ocrx_word' id='word_1_287' title='bbox 1000 4212 1145 4300; x_wconf 88' lang='lat' dir='ltr'>quodam</span> 
     </span>
    </p>
   </div>
   <div class='ocr_carea' id='block_1_6' title="bbox 0 0 1426 4840">
    <p class='ocr_par' dir='ltr' id='par_1_6' title="bbox 0 0 1426 4840">
     <span class='ocr_line' id='line_1_39' title="bbox 0 0 1426 4840; baseline 0 0"><span class='ocrx_word' id='word_1_288' title='bbox 0 0 1426 4840; x_wconf 95' lang='lat' dir='ltr'> </span> 
     </span>
    </p>
   </div>
  </div>
 </body>
</html>
