2858 4834
251 445 304 499 1136
381 521 383 526 ,
520 439 620 494 XXVI.
639 439 679 492 De
699 437 864 493 Pontificatn
883 437 1038 492 iunocentii
1057 437 1109 492 111.

253 585 460 652 Coloniensis
491 583 615 669 aliique
637 584 806 668 principes
830 581 945 648 Ottoni
973 581 1133 645 faventes.
1181 580 1233 646 Illi
1264 601 1372 646 omnes

252 687 286 749 in
310 686 379 749 suis
401 683 518 746 litteris
541 681 607 746 alte
629 679 803 763 sonabant,
828 702 913 767 quae
929 679 972 743 ab
988 678 1110 744 Ottone
1133 678 1178 742 ad
1194 680 1371 766 Imperium

253 791 368 847 evecto
392 802 451 867 pro
475 777 627 844 Ecclesia
651 799 784 863 sperare
807 776 963 858 liceret.¹)

343 933 395 996 11.
426 928 611 1015 Philippus,
636 951 700 1015 quo
726 938 873 1014 tempore
898 928 1063 991 Henricus
1087 927 1137 992 VI
1163 927 1374 1006 moriebatur,

253 1029 387 1095 suberat
410 1028 748 1092 excommunicationi
779 1049 800 1091 a
824 1025 1010 1090 Coelestino
1033 1024 1085 1089 III
1114 1027 1149 1090 in
1174 1047 1251 1090 eum
1281 1026 1374 1112 latae,

253 1128 341 1215 quod
365 1149 468 1214 quum
493 1125 563 1190 dux
586 1126 729 1189 Tusciae
753 1135 852 1206 esset,
882 1123 1075 1188 Pontificius
1099 1123 1244 1188 ditiones
1268 1123 1377 1188 hostili

253 1249 353 1290 manu
379 1224 564 1288 invasisset.
612 1223 770 1286 Attamen
794 1221 955 1306 elegatis
984 1231 1058 1307 post
1084 1220 1274 1287 Innocentii
1299 1221 1377 1286 eleo·

253 1325 377 1388 tionem
402 1323 436 1386 in
461 1319 676 1385 Germaniam
701 1321 811 1384 missis
835 1329 996 1384 secretam
1019 1318 1264 1384 absolutionem
1288 1341 1374 1384 acca·

253 1423 312 1507 pit,
344 1421 429 1503 (sine
453 1418 589 1483 licentia
611 1417 808 1504 Pontificis),
840 1439 944 1504 quum
974 1415 1236 1482 satisfactionem
1270 1417 1377 1505 quoad

253 1518 336 1584 illud
359 1519 484 1583 factum
509 1527 542 1580 et
565 1517 674 1603 quoad
697 1517 763 1581 alia
786 1515 951 1602 postulata
975 1513 1053 1581 Sedi
1070 1515 1287 1601 Apostolicae
1311 1539 1377 1602 pro-

254 1619 407 1688 misisset.
454 1613 630 1680 Caeterum
661 1614 763 1678 multo
787 1615 955 1678 remissius
980 1636 1080 1699 quam
1105 1612 1183 1703 Otto
1215 1615 1308 1701 apud
1331 1617 1379 1678 Iu-

253 1716 445 1780 noccntium
476 1716 552 1798 egit,
586 1721 623 1777 ut
653 1711 770 1776 electio
803 1714 907 1797 ipsius
936 1714 969 1776 in
994 1733 1105 1796 regem
1129 1723 1378 1796 agnosceretur3

253 1823 366 1878 tamen
396 1823 428 1876 et
452 1813 522 1897 ipse
545 1810 663 1894 legatis
692 1809 940 1874 discedentibus
968 1809 1093 1874 litteras
1118 1810 1161 1875 ad
1185 1812 1380 1877 Pontificem

255 1910 356 1994 dedit,
381 1913 487 1996 iisque
512 1907 738 1992 demandavit,
763 1916 800 1972 ut
823 1918 976 1972 oretenus
1000 1929 1076 1972 cum
1101 1907 1299 1974 Innocentio
1323 1912 1378 1974 isto

254 2009 296 2073 de
320 2011 451 2094 negotio
475 2007 650 2091 agereret)
679 2006 780 2071 Haud
806 2007 927 2070 mirum
951 2027 1030 2070 vero
1054 2016 1113 2088 est,
1139 2006 1228 2093 quod
1254 2010 1375 2072 offensa

255 2108 360 2193 ipsius
396 2116 429 2169 et
459 2105 597 2170 Henrici
631 2106 683 2169 VI
717 2107 751 2169 in
784 2104 904 2170 Sedcm
937 2103 1163 2190 Apostolicam
1200 2116 1233 2170 et
1273 2107 1380 2172 Eccle-

255 2207 349 2287 siam,
375 2213 565 2290 suspectum
589 2225 663 2267 eum
689 2203 842 2269 Pontifici
867 2201 1054 2268 redderent.

176 2363 232 2402 0¹¹¹
348 2356 399 2422 12.
439 2355 654 2419 Innocentius
677 2353 729 2418 III
753 2365 866 2418 tamen
889 2355 1038 2440 maxima
1061 2352 1297 2440 sollicitudine,
1321 2375 1377 2419 nec
1410 2417 1411 2424 ,

256 2454 376 2517 minori
402 2455 578 2540 aequitate,
604 2451 743 2516 dissidia
766 2450 823 2514 illa
847 2449 888 2514 de
913 2452 1056 2536 Imperio
1081 2474 1294 2539 compescere
1318 2465 1378 2516 stu·
1410 2539 1411 2542 Ἴ

257 2550 339 2614 duit.
369 2551 538 2635 Imprimis
561 2549 679 2614 litteris
702 2550 812 2612 missis
835 2551 978 2612 tentavit
1001 2551 1087 2614 inter
1102 2561 1282 2637 utrumque
1299 2571 1379 2615 com·

256 2651 431 2734 petitorem
456 2657 487 2711 et
511 2649 597 2711 inter
610 2647 746 2733 Imperii
771 2647 940 2732 principes
956 2647 1168 2712 concordiam
1194 2649 1378 2728 conciliare,

257 2768 378 2833 eosque
402 2747 534 2811 enixius
558 2747 696 2827 monuit,
721 2755 767 2826 ut,
790 2742 905 2808 litibus
929 2747 1090 2830 sepositis,
1116 2749 1321 2812 unanimiter
1342 2747 1378 2810 de
1410 2801 1411 2804 ,

256 2866 333 2928 rege
370 2843 600 2909 constituendo
634 2844 861 2906 convenirent.
910 2841 1034 2907 Verum
1064 2853 1204 2931 utraque
1234 2867 1312 2932 pars
1340 2845 1379 2909 ad
1410 2849 1411 2858 ’

257 2963 349 3006 arma
373 2942 532 3027 confugit,
557 2951 589 3004 et
615 2940 737 3005 bellum
755 2939 854 3004 civile
879 2941 913 3003 in
929 2937 1110 3005 Germania
1134 2963 1213 3006 mox
1230 2955 1379 3008 exortum
1410 2989 1411 2996 .

257 3049 316 3104 est.
365 3040 476 3120 Quum
501 3040 542 3104 de
566 3037 729 3125 ejusmodi
754 3036 839 3102 bello
857 3035 1072 3102 Germaniam
1097 3039 1295 3106 devastante
1318 3064 1377 3106 cer·
1410 3031 1411 3036 ¹

257 3138 321 3200 tior
343 3138 450 3201 factus
473 3149 559 3201 esset
581 3134 746 3218 Pontifex,
779 3138 882 3200 variis
905 3134 1022 3200 litteris
1046 3137 1194 3202 hortatus
1218 3151 1269 3204 est
1297 3141 1376 3226 priu-
1410 3159 1411 3172 ¹

258 3236 358 3320 cipes,
383 3245 419 3298 ut
442 3256 558 3320 pacem
574 3236 784 3298 restituerent
807 3243 839 3298 et
864 3233 1007 3319 Imperio
1023 3236 1248 3321 providerent,
1274 3237 1377 3302 simul·

257 3355 322 3419 quc
346 3332 478 3413 indixit,
511 3335 576 3398 nisi
601 3332 635 3396 id
659 3333 816 3414 facerent,
851 3332 915 3397 sibi
940 3335 975 3398 in
1000 3355 1119 3399 causae
1149 3337 1250 3424 hujus
1273 3338 1376 3424 dispo·

257 3431 375 3494 sitione
403 3424 840 3515 interveniendum'fore.³)
887 3431 927 3495 In
958 3431 1021 3496 hac
1053 3435 1211 3498 scissione
1234 3435 1375 3522 Imperii,

257 3527 346 3593 unde
377 3537 470 3592 tanta
494 3528 579 3593 mala
603 3529 855 3614 proveniebant,
884 3529 956 3615 jam
981 3533 1163 3616 oportuisse
1194 3531 1237 3596 ad
1262 3533 1375 3598 Sedem

257 3626 484 3712 Apostolicam
508 3649 577 3690 rem
595 3627 732 3706 deferre,
757 3627 919 3712 adquam
943 3651 1043 3692 causa
1067 3631 1131 3694 ista
1150 3632 1376 3718 principaliter

257 3733 290 3789 et
303 3723 452 3808 finaliter
475 3725 648 3810 pertineat.
695 3725 924 3812 Principalitcr
947 3727 1092 3812 quidem,
1118 3729 1263 3814 eoquod
1281 3729 1376 3796 Sedes

333 4026 352 4092 ι)
372 4025 403 4080 V.
424 4024 515 4079 Balut.
536 4025 641 4090 ibidem,
661 4041 687 4093 p.
708 4026 762 4080 688
780 4041 836 4092 sqq.

331 4123 352 4190 ²)
371 4123 405 4179 V.
422 4123 515 4180 leut.
535 4124 553 4179 l.
572 4140 594 4178 c.
613 4139 639 4192 p.
659 4123 720 4179 690.
739 4123 801 4192 (Ep.
822 4124 875 4194 12.)

331 4220 352 4289 ⁸)
372 4221 439 4290 Ero·
461 4221 708 4289 L.11.epp.‘293.
728 4223 798 4287 294;
818 4237 860 4289 ar.
880 4229 971 4286 usius.
992 4233 1008 4285 1.
1029 4245 1050 4282 0.
1069 4245 1112 4298 pp.
1133 4231 1185 4284 534
1204 4244 1260 4296 sqq.
