2828 4842
373 458 414 512 De
432 457 537 512 haeresi
555 457 754 525 Albigensiurn.
1076 457 1129 512 31?

34 601 76 665 cfr.
98 604 207 665 etiam:
232 601 291 664 W.
316 600 466 682 Molitor,
498 601 561 664 Die
584 601 752 664 Decretole
783 602 867 679 „Per
888 599 1130 679 venerabilius

34 697 159 762 lltnster
190 699 291 780 18763
330 698 591 782 Hergenritther,
626 699 740 762 Kirclre
773 698 840 762 aud
875 696 980 778 Sicut,
1023 698 1130 778 VIII.,·

33 795 160 865 Bianclri,
189 797 285 860 Delia
303 809 433 882 potesta
457 820 472 860 e
496 795 583 860 della
612 795 730 882 politia
761 793 849 860 della
873 793 1004 876 Odiosa,
1034 795 1129 860 Libro

31 906 110 971 actm·
130 893 277 980 Phillips,
303 895 344 958 K.
369 895 485 972 Recto
509 893 548 960 T.
573 893 634 958 ΙΙΙ.
661 897 688 959 l.

549 1306 585 1370 1.

30 1463 78 1526 De
102 1465 265 1528 haerese
292 1461 578 1546 Alhtperestum
605 1481 654 1528 oc
682 1463 734 1528 de
762 1463 863 1528 bello
891 1471 1036 1530 corma
1063 1482 1130 1530 eos

468 1576 666 1652 suscepto.

95 1747 123 1811 3.
150 1745 225 1826 Quo
258 1757 406 1831 ternpore
442 1745 519 1808 fidei
554 1746 682 1810 fervore
716 1747 868 1828 accensi,
908 1749 1128 1832 crucesignati

29 1845 116 1908 verius
148 1847 181 1908 in
207 1845 365 1908 orientem
398 1843 627 1929 expeditiones
658 1865 846 1929 suscepere,
878 1855 915 1908 ut
938 1868 958 1908 a
976 1846 1058 1930 jugo
1083 1847 1133 1911 in-·

27 1940 150 2006 fidelium
175 1953 297 2006 terram
330 1953 477 2005 sanctam
509 1940 702 2020 liberarent,
744 1943 777 2005 in
803 1944 881 2032 ipsis
905 1945 1016 2027 regnis
1046 1943 1128 2008 chri-

26 2041 120 2103 ¹*tionis
143 2039 345 2120 Occidentis,
371 2050 403 2104 et
427 2041 572 2104 maxime
596 2042 629 2104 in
654 2038 764 2104 Gallia
790 2039 1006 2120 meridionali,
1038 2041 1128 2104 fune-

26 2138 146 2201 stissima
169 2161 242 2202 sese
266 2139 464 2223 propagavit
486 2136 641 2214 haeresis,
666 2160 725 2223 per
749 2160 849 2223 quam
873 2147 942 2202 tota
974 2136 1126 2202 Ecclesia

25 2235 49 2294 in
70 2235 240 2300 discrimen
272 2257 438 2299 summum
469 2247 587 2300 vocata
616 2245 673 2302 est.
721 2235 789 2300 Ista
820 2235 882 2298 fuit
907 2233 1287 2300 catharorumcchcomm

25 2353 68 2394 seu
90 2319 317 2418 Albigensium
342 2335 533 2418 turpissima
557 2333 717 2414 doctrina,
749 2333 790 2397 de
822 2334 918 2418 cujus
948 2332 1058 2398 indole
1087 2355 1126 2398 ac

1163 2305 1269 2344 hsemsls.

25 2435 217 2513 repressione,
242 2431 429 2496 Innocentii
453 2431 504 2496 llI
521 2453 620 2517 opera
635 2454 674 2494 ac
692 2431 803 2496 labore
818 2433 1011 2516 praesertim
1029 2431 1126 2512 facta,

26 2532 191 2594 accuratius
229 2529 292 2593 hoc
323 2526 394 2592 loco
433 2550 531 2612 agere
571 2530 738 2594 convenit.
784 2567 826 2576 —
871 2529 922 2592 De
966 2551 1128 2593 novorum

28 2623 275 2692 llanichaeorum
300 2626 447 2691 adventu
480 2627 515 2690 in
539 2623 755 2692 Occidentem
782 2647 962 2712 eorumque
987 2625 1047 2690 sub
1073 2649 1127 2690 va-

26 2723 68 2784 riis
94 2725 284 2790 nominibus
316 2726 350 2788 in
382 2726 483 2788 variis
514 2724 706 2808 regionibus
739 2725 977 2810 propagatione
1007 2723 1085 2788 inde
1108 2747 1129 2788 a

26 2823 118 2902 primis
141 2825 314 2888 decenniis
348 2822 471 2886 saeculi
504 2821 704 2905 duodecimi,
730 2823 801 2908 jam
828 2825 862 2886 in
886 2822 1128 2886 Dissertatione

28 2919 292 3007 vigesimaquarta
316 2943 424 3006 pauca
448 2920 604 2986 diximus.
637 2921 695 2984 Isti
720 2919 877 2984 haeretiei
894 2917 1042 3002 Bulgari,
1065 2919 1129 2984 Bu·

26 3018 71 3089 rri.
91 3017 266 3105 anlipini,
292 3016 442 3100 Gazzari,
467 3018 689 3100 Tesserantes,
715 3019 881 3098 Potareni,
907 3015 959 3081 vel
978 3015 1052 3081 aliis
1074 3039 1127 3082 vo-

27 3111 100 3179 cibus
121 3115 277 3203 appellati
312 3125 397 3196 sunt,
430 3117 622 3201 praesertim
655 3138 732 3180 vero
761 3113 933 3198 Catlari,¹)
970 3124 1069 3200 atque
1093 3115 1127 3178 in

30 3293 212 3306 κ--ιν-ι

82 3363 99 3428 ι)
124 3363 164 3419 De
188 3361 357 3431 etymologia
386 3363 459 3416 vocis
487 3361 604 3416 Gothori
635 3361 729 3415 variae
757 3361 869 3415 inerunt
900 3361 1046 3430 opiniones.
1084 3362 1128 3416 Sic

27 3439 120 3496 uun:
146 3445 299 3511 „Dicuntur
318 3441 438 3506 cathari,
459 3441 486 3496 id
506 3448 548 3497 est
565 3441 722 3496 diffluentes
739 3456 788 3509 per
806 3441 883 3506 vitia,
908 3442 1031 3507 cestha,
1057 3442 1127 3509 quod

28 3527 58 3572 et
72 3521 174 3592 luctum
204 3523 250 3578 vel
269 3523 388 3582 (lutheri.
419 3523 495 3590 qnasi
515 3523 591 3588 cesti,
620 3523 684 3589 quia
701 3538 731 3576 se
746 3522 835 3590 jnstos
854 3528 883 3576 et
900 3528 988 3576 castos
1007 3522 1128 3578 faciunt:

29 3600 58 3652 ul
73 3601 158 3660 Catari
176 3605 305 3658 dicuntur
328 3618 345 3656 a
369 3609 438 3668 ceto,
466 3602 531 3670 quis
558 3603 714 3657 oscuiantur
732 3602 883 3670 posteriore
907 3601 969 3666 esti,
997 3602 1026 3656 in
1051 3602 1127 3670 cujm

29 3683 102 3745 specie,
125 3683 277 3748 nedicunt,
304 3690 418 3750 apparet
436 3683 475 3737 eis
494 3683 627 3738 Lucifer.“
666 3683 717 3736 Sed
736 3681 876 3736 indubium
895 3680 1011 3746 videtur,
1030 3697 1127 3734 nomen

30 3757 171 3830 lamptani
198 3779 259 3818 esse
277 3779 311 3818 ex
335 3778 433 3832 graeco
452 3769 578 3831 satrapa,
607 3779 660 3829 qua
679 3762 863 3831 appellatione
888 3761 945 3830 jein
973 3761 1127 3827 antiquitus

30 3841 167 3898 i*sebentnr
190 3843 331 3903 haeretici,
355 3843 401 3911 qni
427 3859 491 3911 pree
516 3843 626 3911 reliquis
650 3844 799 3910 puritatem
818 3849 846 3895 et
864 3841 1056 3910 perlectionem
1074 3839 1127 3895 sibi

30 3921 184 3978 radiabant.
210 3953 247 3964 -·
268 3923 323 3977 Snb
342 3923 448 3977 nomine
467 3925 549 3978 Alani
568 3921 700 3977 habetur:
732 3922 856 3989 „Summa
874 3921 1075 3990 quadripartite
1093 3921 1126 3974 de

32 3999 67 4052 ue
89 4004 214 4060 attalica
243 4009 337 4058 uonna
361 4003 516 4070 valdenses,
548 4003 710 4072 Albigenses
738 4009 767 4057 et
794 4002 862 4056 alios
890 4001 970 4070 hujus
997 4001 1126 4070 temporis
1224 4061 1227 4070 ,

32 4075 175 4143 'teeretieosf¹
214 4084 320 4138 Passim
338 4083 388 4137 hoc
412 4099 477 4152 opns
505 4083 668 4139 adscribitur
685 4083 772 4137 diano
800 4081 833 4136 ab
852 4081 961 4146 insulis,
995 4081 1041 4136 sed
1068 4081 1126 4150 jam

32 4165 166 4219 crnreoinnt
184 4165 294 4229 eruditi,
312 4163 382 4217 hanc
399 4163 534 4218 Summam
552 4179 610 4219 esse
630 4164 718 4217 Alani
736 4165 770 4217 de
790 4163 877 4216 Pedio
899 4161 963 4215 Ord.
978 4162 1054 4228 (list,
1078 4161 1126 4228 qui

33 4241 181 4300 {soterem
192 4244 246 4299 XII
256 4244 335 4298 vixit.
350 4243 405 4299 crr.
418 4243 507 4300 Freib.
517 4244 610 4300 Kirch.
622 4243 686 4300 Lex.
697 4243 737 4299 ed.
748 4244 788 4308 2⁴,
798 4242 829 4296 Τ.
840 4243 862 4299 Ι.
872 4241 922 4296 snb
933 4257 997 4297 voce
1004 4245 1123 4296 Aturrus.
