2868 4844
173 2075 266 2114 Bonifa-

136 2138 219 2178 tinsIX
234 2138 261 2176 R.
271 2138 295 2176 P.

304 461 356 514 272
536 458 668 514 XXXIII.
686 459 728 514 De
747 473 846 528 magno
865 455 1019 514 Occidentis
1037 457 1190 514 schismate.

305 602 455 668 doctores
472 602 675 668 Parisienscs
692 611 726 667 et
737 603 904 667 ,loannem
921 625 941 666 a
957 601 1150 668 Montcseno
1168 602 1407 668 Dominicannn

305 699 506 787 dijudicavit
542 709 642 788 atque
680 701 824 766 diremit
880 699 1001 766 Varias
1035 698 1194 764 videlicet
1230 721 1351 764 errores
1384 701 1408 762 in

307 798 531 864 Universitate
544 799 723 864 parisiensi
747 807 964 884 proposuerat
984 797 1144 879 Ioannes,
1168 811 1202 862 et
1224 820 1246 862 a
1266 797 1409 862 ωιιιιιιιιιι

305 906 405 982 atque
429 920 449 962 a
473 898 621 962 censuris
646 895 881 962 Universitatis
916 906 949 960 et
977 897 1126 982 episcopi
1150 897 1346 962 Par-islensis
1377 893 1410 958 ad

304 993 452 1058 tribunal
469 993 652 1060 Clementis
668 994 736 1058 VH
759 993 952 1080 appellavit.
993 993 1059 1058 Hic
1074 1015 1164 1074 vero,
1187 1017 1224 1058 rs
1240 995 1412 1058 examinata

305 1102 339 1156 et
361 1113 471 1158 coram
488 1094 559 1178 ipso
575 1092 733 1174 discussa,
754 1095 951 1158 sententiam
968 1093 1205 1157 Universitatis
1228 1102 1262 1156 et
1285 1092 1413 1176 episcopi

306 1189 559 1275 confirmavit.¹)
591 1189 676 1254 Cum
702 1190 779 1255 dein
804 1213 835 1254 a.
862 1189 946 1254 1387
973 1188 1145 1254 Urbanum
1171 1189 1214 1254 ob
1236 1187 1413 1254 Cardinnles

306 1309 365 1352 sno
396 1288 494 1374 jussu
526 1287 611 1352 clam
643 1287 760 1352 ultimo
791 1287 955 1373 supplicio
978 1288 1116 1353 affectos
1147 1286 1262 1352 multis
1287 1289 1413 1350 invisnn

305 1386 431 1450 factum
456 1397 614 1465 cerneret,
640 1387 749 1450 missis
774 1387 808 1450 in
831 1386 1025 1471 provincias
1049 1384 1167 1468 legatis
1189 1387 1261 1469 egit
1281 1385 1413 1450 deoscu-

306 1485 436 1550 menico
462 1482 622 1565 Concilio,
647 1483 736 1569 quod
761 1485 855 1548 initio
879 1482 1068 1548 schismatis
1092 1483 1277 1563 exhorruit,
1303 1504 1413 1565 conge

305 1583 426 1668 gando,
460 1593 497 1648 ut
528 1584 563 1647 in
587 1603 625 1645 eo
651 1583 877 1646 controversia
901 1581 1121 1646 dirimeretur.
1171 1581 1272 1660 Quod
1300 1580 1413 1666 quiden

307 1679 445 1746 subdole
460 1680 584 1744 factum
608 1699 679 1744 esse
704 1679 820 1744 merito
844 1680 1006 1764 suspicari
1023 1677 1110 1743 licet.
1147 1679 1310 1744 Urbanus
1325 1691 1413 1742 auten

307 1801 345 1842 co
368 1787 517 1863 tempore
537 1777 614 1862 jura
638 1799 697 1842 sna
722 1777 812 1842 haud
837 1775 941 1842 dubia
964 1799 1042 1858 csse,
1076 1799 1139 1842 nec
1163 1777 1320 1842 Concilio
1343 1797 1414 1840 oecu-

308 1877 438 1940 menico
461 1875 591 1940 adrem
615 1875 837 1939 dirimendam
855 1897 938 1960 opus
953 1897 1034 1957 esse,
1061 1875 1230 1940 nonnullis
1246 1873 1414 1940 amunta.

308 1975 496 2058 principum
521 1972 724 2038 Germaniae
748 1973 958 2058 responditi)

396 2073 450 2138 34.
491 2069 603 2150 Quum
629 2071 786 2137 Urbanus
810 2071 859 2136 VI
881 2093 911 2135 a.
940 2071 1024 2136 1389
1048 2071 1256 2152 decessisset,
1284 2069 1424 2148 Clemens

308 2181 340 2234 et
363 2171 434 2255 ejus
459 2168 655 2234 cardinales
672 2169 847 2234 Avenionc
871 2168 1053 2233 residentes
1077 2168 1253 2255 putabant,
1281 2166 1424 2232 Cat-dina}

306 2267 354 2333 les
367 2267 533 2332 Romanos
549 2265 637 2330 haud
655 2265 818 2331 electuros
835 2265 939 2331 alium
955 2266 1163 2348 Pontificem,
1187 2267 1250 2330 sed
1266 2267 1417 2350 agnitum*

308 2387 377 2431 csse
394 2365 610 2430 Clementem.
658 2363 704 2430 At
721 2365 793 2450 jam
818 2363 873 2430 die
898 2365 937 2428 2⁰
955 2363 1156 2430 Novembris
1179 2363 1416 2450 quatuordecim

309 2463 514 2542 Cardinales,
548 2464 604 2549 qni
631 2461 766 2528 Urbano
791 2472 981 2528 constanter
1004 2461 1237 2543 adhaeserant
1267 2461 1417 2546 elegerun

308 2565 341 2626 in
367 2562 492 2645 Papam
509 2559 723 2626 Cardinalcm
747 2561 875 2624 Petram
895 2559 1096 2638 llmmncclli,
1120 2563 1177 2646 qui
1202 2582 1329 2626 nomen
1345 2558 1417 2623 Bou·

300 2661 387 2746 sotii
409 2661 458 2723 IX
479 2659 667 2743 assumpsit.
714 2659 797 2722 Erat
820 2667 931 2723 autem
948 2657 1137 2723 Bonifatius
1159 2660 1285 2723 aetatis
1310 2659 1423 2724 circites

309 2755 701 2844 quadragintaquinque
725 2777 902 2836 annorum,
934 2777 1076 2840 magnae
1109 2777 1166 2820 seu
1190 2777 1355 2841 procerae
1375 2766 1418 2818 su·

309 2867 402 2918 turae
436 2865 468 2918 et
501 2853 640 2918 decorus
679 2853 775 2934 facie,
816 2851 963 2917 moribus
998 2855 1242 2937 integerrimus,
1286 2850 1419 2918 affabilis

310 2951 467 3038 prudens,
500 2951 659 3032 disertus3
700 2952 810 3014 minus
843 2959 956 3016 minen
987 2952 1112 3036 peritus
1145 2952 1180 3015 in
1212 2951 1419 3034 theologias

306 3051 382 3136 jure
399 3050 570 3125 canonico,
594 3067 695 3136 quani
721 3050 755 3112 in
780 3047 1056 3114 administrandis
1072 3051 1257 3134 negotiis.³)
1286 3049 1422 3114 Clemens

311 3149 444 3232 cognita
467 3146 641 3212 Bonifatii
659 3146 820 3210 electione
852 3149 1234 3212 excommunicationem
1270 3149 1307 3212 in
1332 3149 1419 3232 ipsun

311 3245 553 3331 promulgavit;
587 3244 774 3310 Bonifatius
799 3263 877 3308 vero
902 3241 1106 3310 Clementem
1130 3246 1175 3310 ad
1199 3245 1419 3331 deponendus

311 3343 541 3430 pontificatum
565 3341 760 3406 adhortatus
785 3352 843 3424 est,
876 3343 906 3405 ei
935 3341 1151 3428 apostolicam
1176 3341 1377 3426 legationem
1397 3341 1419 3400 in

311 3507 511 3515 —-———.—.-.

311 3591 368 3646 Nec
376 3591 408 3645 B.
419 3591 524 3652 Petrus,
543 3605 626 3656 quum
644 3589 737 3643 scissio
748 3588 884 3644 Ecclesiae
902 3589 1046 3643 accidisset
1065 3597 1193 3658 tempore.
1211 3605 1267 3658 quo
1280 3589 1421 3660 ipsstm

312 3685 397 3726 annos
415 3668 540 3735 habehat,
558 3685 607 3736 per
618 3685 648 3724 ss
660 3669 847 3736 quaestionem
860 3670 920 3736 quir
932 3675 1005 3724 emet
1015 3670 1156 3738 legitimus
1168 3669 1304 3725 Pontifex
1312 3669 1421 3746 cirinen

312 3757 430 3818 poterat.
449 3779 483 3790 -
502 3749 616 3840 ltmnino
635 3749 716 3804 ahter
735 3765 778 3803 res
796 3765 825 3804 sc
843 3749 927 3804 habet
944 3750 1031 3816 quoad
1054 3767 1076 3804 s.
1096 3749 1278 3806 Catharinam
1297 3749 1421 3851 Q

311 3837 342 3886 et
358 3847 380 3885 e.
401 3829 576 3884 Gatharrnam
596 3829 741 3894 saeuam,
760 3830 803 3884 uti
822 3845 856 3884 ex
874 3829 955 3884 dintis
974 3829 1066 3898 colligi
1085 3835 1184 3898 potest.

389 3921 408 3986 ¹)
427 3917 460 3971 V.
479 3916 612 3984 Raynald.
637 3934 662 3973 a.
689 3918 888 3984 138⁷.n.1c;
920 3917 996 3974 1389.
1015 3933 1041 3978 ιι,
1063 3919 1097 3974 tt
1115 3933 1172 3984 sqq.
1204 3949 1238 3960 -
1270 3917 1420 3984 nunaunt.

312 3999 343 4056 T.
364 3996 415 4054 111.
439 3997 457 4054 l.
481 3996 555 4054 XIV.
585 4027 618 4038 -
646 3996 755 4052 NatnIIs
774 3997 928 4054 Alexander
952 3997 985 4054 Η.
1010 3999 1042 4054 Ε.
1067 3998 1094 4052 in
1119 4013 1189 4055 saec
1209 3998 1290 4055 XIII.
1315 4006 1342 4052 at
1364 3993 1420 4050 nn.

314 4078 343 4134 C.
365 4077 415 4134 [ΙΙ.
435 4081 495 4137 Art,
516 4077 593 4134 XIII.

386 4157 411 4225 ²)
429 4156 562 4223 Raynnld.
581 4173 605 4213 a.
629 4157 703 4214 1387.
723 4172 750 4214 n.
769 4157 794 4214 9.

388 4237 411 4304 ³)
431 4235 471 4292 Cf.
492 4235 593 4292 Hefelc.
614 4237 643 4294 C.
664 4237 705 4301 G..
726 4237 772 4295 VI.
792 4239 809 4306 5
829 4239 888 4294 ilii.
