2832 4844
336 438 377 493 De
394 438 546 494 studiorum
563 438 803 495 Universitstibus.
1072 437 1126 492 stt

11 667 12 670 Ἴ
42 581 205 663 defensione,
245 580 497 665 diffunderetur,
537 591 570 647 et
600 582 748 647 culturae
781 580 1013 647 intellectualis
1047 601 1126 666 opes

11 719 12 722 =
40 703 122 744 uerae
153 691 253 766 atque
287 679 446 765 profanae
469 703 529 766 per
560 682 813 765 generationum
845 681 964 744 seriem
994 676 1126 764 populis
1150 689 1287 730 ramessem

40 777 227 842 traderentur:
251 800 295 842 ex
319 777 429 842 indole
452 781 500 842 rei
515 800 672 864 suprema
694 781 757 843 ista
781 780 815 842 in
839 799 874 841 re
898 799 978 842 cura
1001 776 1045 841 ad
1064 776 1126 840 ltlc·
1145 752 1284 792 ”⁰¹¹¹⁰¹⁸¹¹‘¹⁰'

38 873 139 940 alesiam
161 875 344 962 spectabat
390 875 561 941 Ecclesiae
582 877 729 961 profecto
753 874 901 941 officium
925 885 959 940 et
975 875 1032 960 jus
1055 895 1126 960 pro·

36 975 117 1057 prium
138 983 194 1056 est,
219 972 335 1038 tuendi
360 973 579 1059 tradendique
596 976 752 1039 veritates
768 972 1044 1058 supernaturales,
1069 994 1127 1037 seu

35 1071 268 1158 easdisciplinas
284 1070 430 1156 regendi,
455 1093 540 1158 quae
554 1070 753 1157 theologiam
771 1081 923 1158 spectant
945 1080 979 1136 et
995 1071 1053 1157 jus
1077 1093 1128 1134 ca-

35 1171 169 1235 nonicum.
199 1170 278 1236 Jam
295 1191 374 1234 vero
398 1167 517 1234 harum
534 1168 786 1254 disciplinarum
803 1171 966 1234 institutio
982 1171 1127 1254 primum

35 1269 57 1330 in
81 1265 353 1332 Universitatibus
390 1277 423 1329 et
460 1268 676 1352 praecipuum
714 1266 858 1332 obtinuit
895 1267 1013 1334 locum.
1061 1266 1129 1332 Sed

33 1367 106 1430 etiam
128 1368 306 1430 veritatum
337 1364 656 1452 disciplinarumque
688 1365 889 1430 naturalium
913 1367 1065 1430 instituta
1092 1366 1127 1430 in

32 1485 81 1526 reu
100 1463 265 1548 religionis
297 1485 337 1526 ac
373 1484 501 1529 morum
532 1465 698 1528 maximae
728 1465 933 1528 auctoritatis
970 1472 1056 1548 sunt,
1096 1471 1129 1528 et

32 1561 185 1626 secundum
226 1561 314 1647 quod
339 1571 428 1624 recta
451 1570 510 1624 aut
540 1560 624 1625 falsa
648 1561 834 1644 traduntur,
870 1561 924 1626 vel
947 1583 1128 1648 permagna

32 1655 95 1722 bona
115 1658 306 1724 homiuibus
322 1669 551 1743 procurantur,
577 1657 630 1722 vel
653 1659 687 1722 in
708 1659 849 1743 grandia
865 1658 980 1724 salutis
995 1661 1058 1744 ipsi
1073 1658 1127 1723 de·

31 1753 169 1822 ducuntur
200 1755 360 1842 pericula.
418 1755 516 1822 Unde
539 1755 645 1838 vides,
670 1759 769 1820 etiam
794 1756 856 1821 sub
881 1757 944 1821 hoc
975 1767 1127 1842 respectu

30 1857 232 1921 crebritatem
257 1853 346 1918 illam
364 1853 535 1919 Ecclesiae
559 1865 592 1918 et
611 1853 707 1920 Sedis
722 1854 933 1940 Apostolicae
957 1857 992 1919 in
1008 1854 1127 1920 Studia

28 1951 176 2032 generalia,
202 1953 307 2037 ipsius
332 1952 532 2017 christianae
556 1954 722 2017 societatis
746 1955 971 2018 constitutioni
996 1976 1126 2039 respon·

29 2047 93 2114 dere.
135 2051 240 2114 Hisce
270 2059 513 2114 connectuntur
536 2043 734 2136 multiplicia
763 2050 820 2115 illa
852 2049 1037 2136 privilegia,
1069 2051 1127 2114 im·

29 2151 187 2228 uuniutes,
214 2149 452 2233 exemptiones,
477 2147 650 2232 beneficia,
675 2171 760 2234 quae
785 2171 804 2213 a
828 2149 914 2214 Sede
935 2147 1127 2234 Apostolica

29 2256 127 2310 uotum
152 2245 439 2312 Univeraitatibus
462 2246 604 2310 conferri
629 2249 822 2332 poterant.¹)

95 2345 165 2412 108.
207 2341 374 2422 Quamvis
397 2347 476 2408 v‘ero
500 2365 542 2408 ex
567 2344 831 2412 Universitatum
855 2343 985 2409 illarum
1010 2345 1127 2408 consti·

27 2443 128 2506 tutione
158 2452 193 2506 et
226 2441 459 2507 florentissima
490 2441 749 2528 amplificatione
779 2442 882 2506 multa
913 2451 1129 2527 sequerentur

29 2531 101 2618 lona,
132 2561 240 2626 quum
264 2540 477 2604 scientiarum
502 2543 671 2604 variarum
704 2540 814 2606 studia
844 2539 1023 2604 admodum
1055 2560 1126 2626 pro·

29 2648 226 2718 uererentur,
257 2659 297 2702 ac
326 2639 474 2702 virorum
494 2638 676 2703 doctorum
707 2648 820 2703 coetus
851 2640 935 2704 varii
967 2638 1127 2703 coalesce-

26 2747 85 2816 rent,
107 2745 221 2800 tamen
246 2737 346 2800 etiam
370 2737 580 2800 incommoda
609 2737 773 2822 quaedam
807 2748 840 2800 et
863 2737 986 2801 damna
1016 2737 1125 2822 quoad

24 2849 116 2912 nores,
148 2831 363 2918 disciplinam
397 2843 429 2896 et
459 2835 710 2918 institutionem,
744 2836 889 2898 maxime
921 2833 1125 2918 clericorum,

23 2925 81 2992 inde
102 2933 227 3016 passim
252 2931 455 3016 provenisse,
487 2931 618 2996 silentio
652 2934 717 3016 tegi
747 2954 814 2996 non
845 2932 954 2997 debet.
986 2930 1126 2996 Scholae

22 3026 157 3094 videlicet
181 3028 392 3094 cathedrales
416 3039 450 3093 et
472 3033 686 3111 monasticae,
720 3053 804 3116 quae
828 3041 926 3095 antea
950 3029 1047 3094 valde
1071 3029 1126 3094 flo-

21 3139 142 3206 rucrant,
168 3125 359 3212 quibusque
373 3127 507 3193 adnexa
530 3137 625 3192 erant
648 3130 825 3192 seminaria
849 3150 907 3213 pro
932 3126 1125 3192 clericorum

21 3219 217 3305 educatione,
253 3226 359 3308 magis
392 3226 564 3312 magisque
588 3227 813 3293 conciderunt.
860 3226 1127 3310 Properaverunt

20 3317 155 3386 videlicet
180 3323 332 3404 magistri
356 3321 552 3387 celebriores
580 3323 624 3388 ad
647 3325 893 3404 universitates,
918 3323 975 3387 ubi
1001 3323 1127 3409 majora

21 3431 95 3481 eraut
117 3419 305 3484 studiorum
333 3421 523 3502 commoda3
555 3444 593 3486 co
626 3423 726 3486 etiam
758 3421 979 3507 properabant
1011 3441 1126 3485 omnes

21 3517 63 3596 qui
84 3527 238 3601 poteraut
264 3517 386 3600 clerici,
419 3541 522 3604 quurn
556 3518 731 3584 excolendi
765 3521 900 3604 ingenii,
931 3542 971 3583 ac
1001 3521 1126 3606 passim

22 3612 100 3676 etiam
132 3614 300 3679 liberioris
331 3617 434 3698 vitae,
466 3616 580 3702 cupidi
613 3629 731 3683 essent.
787 3618 916 3682 Revera
949 3617 1074 3682 nullum
1106 3641 1126 3683 a

21 3721 115 3790 quarto
139 3711 273 3776 decimo
297 3713 428 3778 saeculo
452 3716 667 3779 seminarium
686 3717 841 3801 reperias,
867 3717 937 3779 sive
960 3714 1052 3802 apud
1074 3737 1125 3780 ca·

21 3803 164 3873 thedrales
189 3809 358 3894 ecclesias,
383 3813 453 3876 sive
477 3812 565 3898 apud
591 3813 829 3878 monachorum
854 3813 1023 3878 coenobia.

77 3987 94 4050 ²]
114 3987 198 4040 Plura
219 3986 320 4042 hacde
339 3987 449 4042 reside
468 3989 497 4043 in
517 3989 714 4045 Dissertatioue
734 3991 763 4044 Ρ.
783 3990 817 4045 de
835 3991 956 4046 Robiano
976 3991 1005 4047 0.
1026 3992 1064 4056 P,
1087 3993 1124 4048 lte

21 4057 71 4116 lure
88 4065 225 4120 Ecclesiae
243 4067 272 4120 in
292 4067 492 4123 Universitates
511 4069 674 4134 Studiorum,
700 4087 723 4126 c.
744 4071 791 4125 VI.
811 4071 927 4126 Lovanii
947 4072 1029 4139 1863;
1049 4079 1078 4127 et
1096 4073 1124 4128 in

21 4137 206 4282 {qffitqqqq
218 4145 250 4200 Β.
266 4146 297 4200 D.
312 4147 377 4200 Bou.
395 4147 497 4214 Pouan,
516 4150 556 4202 De
569 4149 718 4204 Seminario
733 4150 903 4216 clericorum,
922 4151 991 4206 Sect
1006 4152 1026 4207 1.
1040 4170 1061 4206 c.
1075 4154 1123 4208 lv.
