2836 4848
389 499 400 506 ·
429 485 468 537 De
487 481 622 537 Decretali
642 484 734 536 Nor-it.
1070 487 1121 541 381

104 627 149 690 tt.
192 625 369 691 Concludit
407 626 541 691 demum
580 626 753 690 Pontifex:
803 628 853 690 Ne
892 651 963 714 erpo
1003 640 1123 694 tantam

32 723 195 788 discordiam
223 725 389 788 uideamur
411 724 467 788 sub
492 725 744 788 dissimulatione
760 724 885 810 fouere,
920 727 1123 792 dissimula-re

33 819 219 904 reliqiasorum
250 823 389 887 locorum
421 823 579 886 eucidium
609 833 639 885 et
669 835 806 908 etrapem
834 823 989 909 neplipere
1008 827 1112 913 popul
1119 829 1126 843 ⁸

31 920 180 999 risistiuni,
209 919 324 984 dilecto
348 921 421 1004 filio
454 921 563 984 abbati
599 917 791 998 Cosemarii,
829 923 993 1006 praedicto
1022 924 1124 1009 deputo

31 1016 150 1082 dedimus
169 1022 203 1082 iu
223 1021 415 1105 praeceptis,
446 1030 489 1096 ut,
521 1020 587 1082 nisi
608 1041 666 1082 ren
689 1020 757 1104 ipse
780 1017 829 1082 ael
860 1018 996 1086 solidam
1013 1043 1126 1106 pacem

30 1138 80 1176 mm
95 1117 257 1201 praedicto
281 1141 352 1202 repe
375 1116 534 1203 reformet,
566 1115 615 1180 vel
644 1128 768 1202 treupao
791 1119 879 1180 ineat
912 1129 1125 1204 competentes,

30 1213 65 1274 rel
90 1214 191 1277 saltem
224 1215 383 1278 lumiliter
407 1217 568 1300 patiatur,
599 1226 636 1278 ut
657 1216 741 1278 idem
764 1215 864 1278 abbae
887 1226 917 1278 et
938 1217 1128 1281 uenerabilis

22 1310 112 1394 ‚ir-ater
132 1325 235 1376 noster
257 1315 510 1398 archiepiscopus
524 1313 731 1376 Bituriceneis
756 1313 794 1376 de
805 1313 908 1399 plano
931 1325 1127 1400 capreoscoat,

28 1419 111 1471 utrum
125 1415 214 1498 juata
238 1412 281 1474 eit
304 1412 508 1496 querimonia,
533 1432 626 1496 quam
649 1422 760 1474 contro
774 1434 842 1474 eum
852 1415 1009 1497 proponit
1024 1435 1128 1476 coram

26 1505 151 1570 Ecclesia
171 1531 231 1572 rec·
254 1509 438 1594 duplarum,
462 1509 512 1572 vel
536 1513 603 1597 ejus
626 1511 768 1594 acceptio
793 1510 833 1572 ait
857 1508 1006 1594 lepitima,
1036 1534 1129 1596 quam

26 1615 117 1668 aratra
140 1629 206 1669 eam
224 1629 287 1692 per
309 1629 385 1670 suas
408 1606 499 1670 nolis
523 1606 647 1670 litterae
665 1605 758 1670 duait
778 1607 1011 1694 exprimendae,
1029 1613 1129 1698 jueta

21 1703 142 1784 ,tamam
179 1704 241 1768 eid-i
275 1705 384 1768 datam
418 1728 439 1767 a
470 1705 562 1768 nolis
590 1703 762 1790 procedere
790 1727 855 1768 nan
887 1707 1020 1768 omittat.
1053 1755 1060 1770 .
1086 1755 1093 1770 .
1121 1756 1128 1771 .

26 1799 140 1884 ideoque
169 1803 373 1864 universitati
402 1813 523 1866 vestrae
550 1825 611 1887 per
639 1803 714 1865 laec
737 1801 923 1887 Apostolica
952 1806 1072 1890 scripta
1102 1815 1132 1866 et

26 1899 50 1956 iu
76 1901 183 1962 uirtute
212 1899 409 1963 obedientiae
432 1899 574 1963 dictricte
593 1901 821 1985 praecipimus,
852 1912 1013 1985 quotenus,
1042 1913 1130 1986 post·

24 2016 99 2076 quam
129 1997 214 2060 idern
245 1997 344 2060 abbas
374 2019 470 2081 super
498 1997 553 2060 hoc
580 1997 764 2060 mandatum
785 1997 891 2082 fuerit
913 1997 1131 2083 Apostolicum

24 2105 163 2173 saecutus,
188 2097 375 2158 sententium
399 2097 475 2182 ejus,
504 2096 565 2157 imo
589 2103 731 2157 nostram
754 2097 867 2172 verius,
891 2097 1055 2181 recipiatis
1078 2098 1131 2160 liu-

24 2189 124 2255 militer
162 2204 192 2256 et
229 2215 284 2256 ooo
320 2194 386 2278 ipsi
416 2195 545 2256 servetis
579 2203 609 2254 et
627 2191 768 2277 faciatis
792 2192 831 2255 ab
855 2193 932 2256 aliis
954 2193 1133 2274 obseruari;

22 2290 127 2368 scituri,
151 2290 237 2375 qssad
259 2292 288 2355 si
310 2313 396 2355 secus
418 2291 552 2376 aperitis,
577 2290 824 2354 inobedientiam
838 2301 973 2353 uestram
995 2292 1134 2376 praviter

19 2391 218 2469 punionue.¹)

96 2485 149 2551 80.
198 2486 309 2550 Etiam
334 2487 368 2548 in
393 2484 456 2548 hac
480 2484 646 2548 Decretali
672 2485 772 2548 Noe-it
795 2485 895 2569 igitur
917 2485 1132 2550 innocentius

22 2603 197 2666 supremam
214 2583 309 2648 Sedis
325 2582 537 2668 Apostolicac
561 2585 800 2662 auctoritatem,
825 2593 931 2647 certas
954 2583 996 2647 ob
1014 2606 1131 2649 causas

22 2682 186 2746 exercendi
214 2681 482 2766 jurisdictionem
519 2683 553 2745 in
577 2681 772 2766 temporalia
796 2681 947 2762 adstruit,
981 2690 1014 2743 et
1044 2681 1131 2746 hanc

21 2789 204 2862 potestatem
235 2780 349 2844 ultimo
380 2781 500 2864 repetit
523 2803 565 2842 ex
583 2780 660 2865 jure
692 2780 816 2844 diviua.
864 2780 995 2843 Bonum
1018 2779 1130 2844 Eccle-

20 2877 83 2947 siae,
120 2899 184 2942 seu
220 2879 256 2941 in
279 2899 359 2942 casu
382 2876 663 2962 perturbationem
701 2886 733 2940 et
768 2876 926 2941 damnum
965 2879 1130 2942 societatis

20 2973 208 3040 christianae
244 2997 301 3060 per
337 2985 475 3060 peecata
509 2996 630 3060 magna
664 2985 696 3038 et
725 2973 870 3060 publica,
910 2975 1037 3040 indicat
1059 2998 1129 3040 csse

19 3076 179 3154 rationem,
204 3095 264 3136 cur
280 3072 321 3137 de
337 3073 481 3156 negotiis
497 3072 721 3136 saecularibus
736 3095 867 3159 quoque
891 3075 921 3136 ei
938 3072 1013 3137 talis
1030 3074 1130 3158 juris·

18 3169 103 3236 dictio
120 3171 313 3236 conveniat.
345 3169 386 3234 In
402 3169 465 3234 hec
478 3169 655 3253 Decreteli,
680 3172 727 3234 uti
744 3171 900 3254 diximus,
924 3170 968 3234 ad
984 3172 1128 3256 speciem

17 3270 201 3354 applicatur,
227 3267 315 3354 quod
338 3271 521 3352 generatim
545 3269 700 3332 Pontifex
718 3270 790 3354 jam
805 3268 936 3333 dixerat
959 3271 992 3332 in
1009 3269 1128 3336 Decre-

17 3365 61 3430 uli
91 3367 200 3432 altera
230 3375 389 3431 statuens:
430 3365 507 3430 Non
535 3365 636 3430 solum
667 3368 702 3429 iu
731 3367 891 3430 Ecclesiae
922 3369 1128 3452 patrimonio,

16 3489 181 3552 superque
200 3463 332 3550 plenam
354 3467 389 3528 in
414 3464 638 3550 temporalibus
651 3466 787 3549 perimus
798 3475 999 3550 potestatem,
1023 3488 1129 3529 oerum

16 3565 96 3626 stiam
125 3567 163 3628 in
194 3561 271 3626 aliis
294 3561 474 3646 repionibus
497 3564 590 3626 certis
613 3565 718 3626 cousie
747 3565 898 3648 inspectio
928 3563 1128 3648 temporalem

11 3662 255 3742 jurisdictionem
278 3681 463 3724 exercemus.
489 3697 533 3706 -
557 3659 688 3724 Includi
713 3661 812 3724 etiam
830 3661 1016 3724 coactivam
1040 3671 1127 3745 pote·

16 3774 116 3823 statem
142 3761 208 3824 iste
234 3759 268 3820 in
277 3756 519 3841 jurisdictione,
545 3779 587 3820 ex
602 3757 770 3822 Decretali
793 3758 894 3821 Novit
916 3757 1126 3822 manifestum

18 3874 63 3923 est.
107 3859 145 3922 ln
171 3881 213 3922 ea
239 3855 382 3942 quidem,
414 3857 504 3920 etin
528 3855 645 3920 litteris
676 3878 760 3941 quae
784 3856 827 3920 ad
851 3856 1019 3939 negotium
1045 3855 1126 3920 illud

17 3959 177 4038 pertinent,
205 3952 397 4017 minabatur
420 3953 634 4017 innocentius
658 3953 709 4018 111
741 3963 870 4017 tantum
902 3954 1126 4017 excommuni-

17 4057 180 4136 cationem3
215 4051 273 4115 sed
298 4053 406 4136 ipsum
432 4053 598 4115 censuisse
626 4051 763 4116 ulterius
785 4051 921 4137 procedi
945 4072 1051 4137 posse,
1082 4050 1126 4115 ad

76 4269 95 4334 ¹)
113 4271 163 4335 Ap.
184 4263 318 4318 Harduin.
339 4263 418 4318 Cone.
439 4263 485 4318 VI.
507 4263 583 4319 1969.

1169 2502 1259 2542 ludulae

1147 2565 1300 2606 auctorttatts.
