2902 4848
288 431 343 484 364
415 430 527 486 XXXV.
546 429 587 484 De
607 431 707 484 Concil.
725 430 876 486 Basileeusi
894 447 926 484 ac
943 431 977 486 de
995 432 1101 498 Synodo
1122 432 1285 485 Florentius

288 574 413 638 invasit
442 577 566 658 opinio,
597 597 618 637 a
647 573 855 659 principibus
884 573 1112 640 saecularibus
1142 577 1302 640 unitatem
1330 597 1394 661 qus-

289 691 432 756 cumque
458 674 513 736 via
537 671 777 737 restituendam
802 695 883 752 esse,
909 675 955 736 ita
971 683 1008 736 ut
1019 673 1098 757 jura
1115 673 1284 738 Ecclesiae
1306 672 1394 736 veluti

288 767 465 835 obliterata
496 783 615 836 essent.
664 771 714 834 Ita
745 771 878 834 Aeneas
909 769 1063 855 Sylvius,
1101 774 1160 856 qui
1201 771 1265 836 illis
1295 770 1395 836 diebus

288 868 451 933 Friderici
465 871 517 933 ΙΙΙ
533 870 748 954 Imperatoris
762 871 960 934 secretarius
976 879 1061 934 erat:
1088 868 1278 952 ,Omnibus
1301 867 1393 952 disph-

288 976 341 1030 eet
364 967 520 1046 schisma,
545 988 660 1032 omnes
683 966 873 1032 abhorrent.
911 969 1014 1032 Viam
1037 979 1149 1032 autem
1174 967 1325 1052 sepiendi
1345 965 1395 1030 hoc
1435 987 1436 1018 ὲ

289 1063 413 1128 malum
426 1063 566 1130 Carolus
579 1087 638 1130 rex
650 1065 824 1146 Frauciae,
849 1067 912 1130 uisi
928 1065 1033 1146 fallor,
1057 1076 1091 1128 et
1106 1075 1212 1130 tutam
1229 1076 1262 1130 et
1278 1065 1396 1129 brevem
1435 1113 1436 1120 ,

288 1162 441 1242 ostendit,
467 1175 502 1226 ut
526 1163 584 1228 fiat
606 1175 791 1228 conventus
814 1165 1003 1249 principum
1028 1162 1083 1228 vel
1099 1183 1215 1228 eorum
1236 1162 1396 1228 Oratorem

287 1261 322 1324 in
347 1263 516 1326 communi
540 1259 650 1346 aliquo
675 1260 756 1341 loco,
789 1260 904 1346 ibique
937 1283 1004 1324 una
1036 1259 1204 1338 conclusio
1234 1257 1397 1343 recipiatur

287 1378 346 1442 per
369 1379 494 1422 omnes.
520 1407 527 1424 .
554 1411 560 1424 .
588 1415 593 1424 .
620 1359 713 1422 Haec
739 1360 795 1422 via
819 1381 885 1424 non
910 1369 1020 1443 posset
1043 1358 1210 1444 impediri,
1236 1379 1300 1422 nec
1320 1357 1397 1440 Papa

286 1475 349 1521 nec
374 1453 561 1520 Concilium
590 1457 689 1520 reniti
722 1467 864 1542 possent,
895 1467 1054 1542 tanquam
1086 1456 1150 1521 hoe
1180 1454 1309 1541 absque
1330 1455 1397 1538 ipsis

287 1551 357 1616 fieri
382 1554 544 1638 nequiret
591 1554 688 1618 Licet
715 1555 805 1618 enim
835 1553 1044 1640 principibus
1077 1552 1306 1618 saecularibus
1336 1573 1396 1615 eon·

287 1652 401 1714 venire
426 1653 531 1716 invito
555 1651 657 1732 clero,
683 1663 715 1715 et
739 1662 850 1718 tamen
875 1651 942 1716 illic
966 1653 1045 1716 unio
1069 1653 1140 1716 lieri
1165 1664 1287 1737 posset.
1325 1650 1395 1713 Nan

286 1746 447 1833 illePapa
470 1749 679 1814 indubitatus
703 1759 798 1828 esset,
824 1751 878 1814 cui
903 1771 1016 1816 omues
1040 1750 1210 1835 principos
1226 1747 1394 1814 obedirent

285 1845 360 1910 Non
386 1846 484 1911 video
509 1847 656 1928 elericos,
681 1850 738 1933 qui
757 1847 860 1912 velint
884 1870 942 1933 pro
967 1849 1030 1912 ista
1054 1846 1107 1911 vel
1131 1847 1187 1912 illa
1212 1857 1306 1932 parte
1329 1866 1396 1910 mar·

285 1946 409 2028 tyrium
434 1945 553 2012 facere.
601 1943 727 2011 Omnes
750 1944 838 2010 hano
861 1945 961 2010 fidem
986 1945 1158 2026 habemus,
1183 1965 1284 2030 quam
1308 1943 1395 2008 nosci

285 2041 463 2128 principes,
497 2045 553 2129 qui
589 2046 616 2108 si
642 2041 789 2108 colerent
811 2042 948 2126 idolum,
980 2054 1012 2108 et
1044 2065 1104 2108 nos
1128 2042 1322 2107 coleremus.
1363 2039 1397 2104 Er

286 2161 353 2204 non
378 2138 484 2204 solum
509 2141 636 2226 Papam
661 2140 717 2205 sed
744 2139 913 2206 Christum
948 2142 1046 2206 etiam
1080 2163 1290 2226 negaremus,
1323 2149 1395 2224 potc-

285 2247 369 2302 state
394 2237 556 2302 saeculari
580 2249 728 2323 urgente.
776 2236 865 2318 Quia
897 2239 1049 2322 refriguit
1078 2241 1208 2319 caritas,
1243 2249 1277 2302 et
1304 2237 1397 2302 omnis

285 2337 412 2400 interiit
435 2336 528 2418 fides,
561 2347 742 2423 utcumque
766 2339 808 2402 sit
833 2359 949 2421 pacem
974 2337 1213 2417 desideramus,
1236 2358 1324 2422 quae
1338 2337 1395 2398 sire

285 2455 344 2518 per
368 2433 459 2498 aliud
476 2434 664 2500 Concilium
689 2436 761 2499 sive
785 2457 844 2520 per
861 2446 1062 2500 conventum
1087 2436 1279 2520 principum
1303 2433 1396 2497 detur.

284 2529 380 2594 nihili
405 2531 526 2616 pendo.
573 2533 648 2598 Nou
674 2534 762 2598 enim
788 2533 829 2597 de
854 2534 998 2614 nomine,
1024 2533 1082 2598 sed
1099 2531 1140 2598 de
1157 2529 1393 2596 recontenden·

285 2628 365 2694 dum
389 2641 454 2711 est3
481 2652 564 2694 voca
580 2653 702 2716 panem
725 2633 753 2695 si
777 2630 886 2717 placet
908 2630 1064 2716 lapidem,
1090 2642 1123 2694 et
1139 2630 1196 2696 des
1221 2629 1305 2694 mihi
1329 2627 1394 2692 dum

283 2727 438 2794 famesco.
486 2729 560 2794 Non
586 2742 722 2793 vocetur
747 2728 945 2810 Concilium,
971 2740 1109 2794 vocetur
1132 2740 1328 2804 conventus,
1351 2747 1395 2786 vo·

283 2835 378 2888 cetur
402 2825 670 2908 conciliabulum,
703 2829 925 2912 congregatio,
950 2849 1130 2912 synagoga,
1155 2826 1238 2892 nihil
1264 2828 1396 2892 interest

283 2921 364 2986 dum
390 2922 535 2988 schisma
559 2924 713 3010 depellat.
759 2925 839 2990 Ideo
864 2925 947 2990 mihi
971 2925 1150 2990 admodum
1177 2923 1295 3010 placet,
1319 2919 1394 3009 quod

284 3041 343 3083 rex
387 3022 550 3086 Franciae
592 3021 723 3104 scribit,
769 3023 863 3108 cujus
905 3025 1087 3086 sententiae
1131 3022 1392 3096 inhaererem.“¹)

284 3116 449 3198 Quamvis
482 3121 515 3183 in
549 3120 601 3183 his
625 3121 758 3185 Aeneae
783 3120 890 3205 Sylvii
930 3119 1041 3184 verbis
1080 3119 1243 3206 quaedam
1282 3121 1394 3183 ironice

282 3215 473 3299 dictasint,
508 3217 592 3283 hene
616 3228 727 3282 tamen
753 3219 913 3284 exhibent
936 3218 1140 3283 tendentium
1173 3215 1305 3283 illorum
1329 3227 1394 3280 tem-

282 3337 411 3401 porum,
443 3339 545 3403 quum
576 3319 744 3403 principes
775 3339 816 3381 ex
841 3317 1007 3382 discordia
1038 3319 1124 3382 inter
1146 3313 1343 3381 Pontificem
1369 3326 1393 3374 at

284 3413 472 3479 Concilium
505 3439 564 3479 sua
595 3414 769 3480 commoda
801 3417 833 3479 in
866 3415 1101 3480 detrimentum
1132 3413 1305 3478 Ecclesiae
1335 3431 1394 3496 pro

282 3533 418 3576 movere
441 3512 622 3576 studerent.

373 3609 425 3676 25.
473 3608 674 3674 Germaniae
705 3611 872 3696 principes
902 3608 1005 3674 veluti
1042 3607 1265 3688 fluctuabant,
1305 3618 1391 3692 atque

281 3709 382 3772 minis
407 3707 602 3772 defectionis
626 3709 669 3772 ad
693 3707 813 3774 multas
838 3709 1067 3773 eoncessiones
1081 3707 1269 3792 Eugenium
1287 3723 1391 3790 cogere

283 3837 432 3844 ——-.--
450 3839 496 3844 -—.

281 3895 473 3960 ,Damnabant
491 3900 583 3949 autem
602 3893 808 3950 neutralitatem
826 3894 922 3948 amhae
939 3901 1040 3962 partes,
1058 3909 1108 3948 nec
1125 3892 1248 3960 patribus
1256 3890 1390 3946 tenetes

278 3975 355 4030 sibus
368 3991 417 4030 nee
426 3975 551 4044 Eugenio
564 3973 753 4029 neutralitatis
765 3989 862 4028 nomen
875 3974 1012 4041 placebam
1030 3974 1186 4028 damnatam
1198 3971 1391 4026 necashaim

281 4055 404 4123 impiam,
433 4055 577 4123 injustam,
602 4055 769 4110 haereticam
794 4054 929 4110 aiebant.“
973 4055 1080 4108 Aeneas
1106 4053 1226 4120 Sylvius,
1250 4051 1292 4108 De
1314 4049 1390 4120 getth

280 4135 381 4194 Concil.
400 4135 483 4189 Basii
502 4136 520 4192 Ι,
539 4135 561 4192 Ι.

357 4217 378 4286 ¹)
398 4216 448 4282 Ep.
468 4215 503 4268 56
522 4215 557 4268 ad
575 4213 654 4283 Casp.
674 4215 789 4270 Schlich
