2858 4834
313 443 365 495 202
550 443 635 497 XXV.
655 445 695 498 De
714 461 795 498 cause
814 463 834 498 s.
853 446 971 500 Thomas
991 445 1201 501 Cantauriensis.

313 593 352 657 ul
370 595 627 657 intermeantibus
643 591 826 676 referretur,
852 590 1015 674 respondit
1038 590 1259 654 Eboracensis.
1285 609 1424 676 qrsaereus

313 693 477 755 seditionis
501 701 659 756 consortes
681 700 710 752 et
733 688 906 750 schismatis
931 689 1114 763 incentores,
1131 692 1320 775 juramenta
1332 689 1424 778 liujus*

312 790 398 852 modi
421 791 485 853 nisi
508 789 547 853 de
562 789 723 854 uoluntate
746 788 829 871 repis
852 785 1038 850 condecere
1051 789 1225 872 praestari,
1244 792 1424 882 praesertim}

312 887 352 950 ab
376 888 541 974 episcopis,
571 889 647 972 quia
678 897 747 948 erat
780 895 890 948 contra
921 883 1110 966 dipnitatem
1127 885 1291 971 principis
1314 897 1343 948 et
1365 911 1424 970 am¹

312 987 493 1050 suetudines
523 986 652 1072 repete)
700 982 872 1048 Gilbertus
895 983 1141 1046 Londcniensis
1171 983 1308 1068 quidem
1333 979 1424 1048 haesi

312 1085 405 1163 tavit,
429 1107 471 1148 an
496 1107 530 1148 se
554 1082 762 1147 submitteret
785 1079 943 1144 Thomas.
978 1078 1041 1144 Sed
1064 1082 1150 1144 bomo
1172 1083 1265 1167 pacis
1289 1084 1424 1170 inimicus

311 1193 340 1244 et
363 1179 525 1246 Ecclesiae
549 1181 692 1244 turbator
707 1179 917 1244 Eboracemis
941 1179 1104 1256 dissuasit,
1129 1179 1303 1260 consulens,
1330 1191 1362 1244 ut
1377 1173 1424 1268 pol

312 1281 375 1344 tias
398 1280 524 1343 adirent
548 1279 708 1342 dominum
731 1301 832 1362 repom
855 1277 909 1361 qni
932 1278 977 1340 eis
1001 1298 1120 1362 semper
1132 1279 1356 1362 patrocinatus
1380 1289 1424 1370 est

311 1389 340 1440 et
363 1379 492 1442 essentias
516 1379 673 1440 mitterent
696 1376 740 1439 ad
762 1399 875 1438 neurim
906 1397 1016 1460 repent,
1052 1376 1107 1460 qui
1135 1376 1365 1460 persuaderent
1395 1379 1424 1488 “ll

310 1475 394 1559 quod
417 1496 485 1538 enm
508 1475 662 1560 deponere
694 1472 845 1551 volumus,
876 1496 969 1558 quum
991 1495 1059 1549 nos,
1091 1472 1159 1535 Deo
1191 1485 1275 1552 teste,
1307 1476 1337 1537 si
1369 1476 1424 1560 ipse

310 1571 470 1636 Ecclesiae
501 1572 692 1658 proflantem
725 1583 784 1650 est,
822 1570 985 1634 mallemus
1023 1593 1091 1634 erem
1120 1593 1184 1634 non
1218 1572 1309 1634 modo
1342 1569 1424 1640 uacci

310 1693 437 1756 repnum
463 1671 638 1756 possidere,
670 1670 726 1732 sed
749 1668 945 1755 amplissima
970 1679 1000 1730 et
1017 1668 1118 1754 plura
1141 1691 1238 1752 repna
1269 1641 1424 1732 ter-reruni

312 1769 417 1856 Hujus
441 1791 511 1831 cero
537 1767 705 1852 lopationis
728 1767 863 1852 siqnifm
886 1778 932 1828 est
949 1766 1192 1830 archidiaconus
1216 1778 1323 1830 noster
1338 1765 1416 1848 (Gan

311 1865 416 1928 fridus
441 1865 545 1941 Ridel,
570 1867 782 1929 adversarius
806 1889 830 1928 s.
855 1863 1034 1948 Thomael3
1066 1887 1141 1926 nam
1164 1864 1376 1927 Eborecensis
1404 1891 1416 1918 r

310 1965 372 2026 dae
391 1964 540 2049 praefati
563 1965 703 2050 episcopi
727 1961 987 2048 transfretarunt,
1013 1973 1055 2038 ut,
1081 1963 1164 2046 qnod
1188 1963 1275 2026 Deus
1299 1975 1418 2026 auertat

310 2063 554 2124 circumveniant
577 2061 737 2124 dominnm
759 2082 869 2145 repam,
893 2070 923 2122 et
946 2060 1097 2124 adversus
1112 2060 1289 2124 Ecclesiam
1310 2083 1419 2124 emeca

310 2159 381 2222 lent
405 2161 486 2222 iram
510 2163 586 2247 ejus.
634 2161 787 2222 lr’ecerunt
816 2173 920 2223 autem
943 2159 1068 2222 euocari
1090 2181 1183 2222 senas
1203 2181 1362 2244 personas
1384 2177 1424 2230 sne

310 2259 447 2320 coritium
471 2257 680 2334 ecclesiarum,
705 2267 739 2320 ut
753 2254 884 2320 consilio
909 2280 1013 2319 eorum
1037 2267 1147 2320 contra
1170 2279 1305 2320 canones
1331 2281 1403 2320 cora

309 2377 388 2440 repe,
427 2356 461 2417 in
491 2355 595 2418 alieno
626 2378 730 2438 repas,
768 2353 924 2432 fratribus
959 2356 1024 2416 sais
1053 2353 1245 2433 absentibus,
1283 2352 1409 2418 celebrer

309 2452 487 2516 electionem
525 2454 741 2538 episcoporum
774 2453 961 2538 prouinciae
997 2463 1133 2518 nostrae.
1193 2451 1285 2525 Quod
1325 2454 1356 2514 si
1390 2453 1416 2508 s'

309 2548 419 2613 electos
448 2548 639 2614 noluerimus
671 2571 862 2628 consecrare,
892 2549 1039 2613 uidentur
1069 2549 1131 2613 sibi
1160 2549 1273 2614 babere
1305 2573 1403 2612 cause

309 2649 489 2712 seminandi
512 2649 705 2711 discordiam
728 2649 811 2711 inter
832 2669 890 2710 nos
914 2657 943 2710 et
966 2649 1126 2712 dominum
1148 2649 1290 2733 mysni)

157 2807 251 2846 mac
265 2807 287 2846 11
399 2791 453 2855 47.
501 2789 701 2854 Cantauriae
724 2811 877 2876 proceres
908 2789 984 2854 laici
1009 2801 1041 2852 et
1065 2789 1177 2854 clerici
1201 2789 1344 2854 rebelles
1369 2811 1407 2852 ne

198 2870 241 2914 ’Μ’
311 2897 480 2950 cessarunt
504 2887 790 2973 archiepiscopum
815 2887 946 2973 injuriis
968 2899 1000 2951 et
1024 2890 1118 2951 vexis
1141 2887 1321 2969 lacessere3
1348 2887 1417 2950 Heu

309 2987 398 3047 ricus
424 2986 539 3070 junior
562 3008 639 3050 vero
664 3008 740 3049 eum
764 2986 806 3049 ad
831 2987 1027 3071 adspectum
1061 3008 1157 3050 suum
1187 2987 1419 3050 admitterem

310 3085 449 3146 cussrit.
498 3083 655 3169 Episcopi
687 3093 797 3148 autem
830 3083 876 3147 illi
917 3095 996 3166 tres,
1037 3087 1093 3170 qui
1126 3087 1160 3148 in
1191 3085 1399 3148 Normannis

309 3180 612 3263 transfretaverant,
646 3183 690 3246 ibi
726 3185 840 3266 paucis
865 3183 983 3247 diebus
1016 3194 1092 3246 ante
1117 3181 1268 3246 Natalem
1294 3183 1418 3245 Domiu

309 3277 536 3362 advenientes,
560 3302 672 3364 regem
697 3280 818 3362 adiere,
844 3291 875 3344 et
892 3279 1011 3344 multas
1035 3289 1151 3344 contra
1165 3281 1346 3366 primatem
1362 3251 1424 3363 quel

309 3378 476 3457 simonias,
503 3379 606 3442 multe
629 3380 879 3443 accusationum
896 3381 1006 3464 capita
1022 3378 1064 3442 ad
1085 3378 1156 3464 ejus
1172 3376 1321 3442 detulere
1338 3377 1424 3460 majo

309 3483 437 3556 statem,
462 3474 616 3560 publicae
640 3477 901 3562 perturbatorem
926 3480 1027 3563 pacis,
1052 3489 1295 3564 persecutorem
1311 3437 1424 3562 episcd

309 3594 436 3658 porum,
468 3575 554 3656 regis
583 3577 756 3638 inimicum
790 3575 1017 3640 inclamantes.
1065 3575 1127 3638 His
1159 3584 1346 3640 commotus
1377 3597 1419 3637 re.

309 3673 344 3734 in
369 3671 484 3753 vigilia
508 3671 636 3736 Natalis
660 3673 807 3757 Domini,
841 3675 890 3738 sui
916 3696 994 3758 prae
1019 3675 1067 3738 ira
1100 3673 1190 3738 haud
1222 3695 1369 3758 compos,
1400 3675 1407 3734 i

309 3769 476 3832 funestam
501 3791 617 3833 vocem
642 3771 778 3855 erupit·
795 3771 950 3835 omnibus
974 3770 1196 3836 familiaribus
1219 3773 1289 3835 suis
1313 3783 1348 3835 et
1372 3769 1417 3834 sib

309 3875 444 3950 propter
466 3865 628 3930 beneficis
653 3867 806 3932 obnoxiis
830 3869 1043 3951 maledicens,
1069 3869 1157 3955 quod
1174 3871 1284 3955 ipsum
1309 3871 1353 3934 de
1370 3892 1424 3946 uu¹

309 3963 478 4027 sacerdote
511 3987 649 4050 regnum
683 3989 777 4030 suum
813 3969 858 4030 ite
882 3967 1096 4052 perturbante
1121 3989 1187 4031 non
1211 3969 1424 4036 vindicarent
