2828 4842
283 449 337 502 320
444 445 560 504 XXVII.
579 447 619 501 De
638 445 739 501 haeres.
760 446 926 514 repressione
946 461 977 500 sc
996 445 1029 500 de
1048 445 1245 503 Decretalibus.

284 591 326 655 de
349 589 444 655 Valle
470 587 613 674 Cernnji,
638 589 721 674 qaod
743 590 880 675 quidam*
902 591 986 652 inter
1017 589 1192 654 haereticos
1223 589 1393 654 dicebantur

278 690 464 776 perfecti
487 677 539 752 seu
564 687 638 752 bani
659 688 806 766 leminea,
841 687 902 750 alii
929 688 1150 752 credentes
1173 689 1390 753 baereticorum.

288 785 351 860 Qui
379 785 566 850 dicebantur
592 785 803 871 perfecti,
842 788 969 871 niprum
1001 785 1141 848 babilam
1168 786 1391 874 praeferebant.

284 887 462 948 castitatem
485 906 516 948 se
549 895 652 947 tenere
686 883 932 962 mentiebaatnr;
963 905 1048 946 esum
1082 886 1235 964 carnium,
1270 907 1392 957 aconem,

285 983 378 1060 casei,
403 983 528 1045 omnino
552 981 805 1064 detestabantar3
830 1005 894 1045 non
917 983 1101 1046 mentientes
1124 981 1228 1046 videri
1253 983 1392 1057 uolebant,

284 1103 377 1166 quum
399 1081 466 1166 ipsi
487 1081 623 1142 manime
647 1080 685 1142 de
708 1081 778 1143 Deo
802 1081 895 1166 qscasi
917 1081 1063 1142 continue
1078 1083 1292 1144 mentirentur.
1316 1081 1393 1144 Dice·

285 1178 362 1242 bant
385 1179 475 1258 enim,
501 1177 584 1261 qnod
606 1175 697 1241 nulla
720 1201 859 1262 unquam
881 1179 1006 1241 ratione
1022 1177 1157 1242 debeant
1172 1183 1296 1267 jurare.
1325 1176 1393 1242 Cro-

285 1277 424 1341 dentes
448 1285 551 1338 autem
560 1277 786 1339 baereticorum
800 1275 988 1340 dicebantur
999 1275 1061 1352 illi,
1074 1277 1129 1360 qui
1142 1277 1348 1341 saeculariter
1362 1278 1393 1338 ri-

284 1385 398 1454 oentes,
424 1373 495 1437 licet
518 1373 563 1436 ad
584 1376 682 1436 vitam
700 1373 915 1459 perfectorum
942 1374 1133 1438 imitandam
1160 1399 1223 1438 non
1249 1376 1394 1460 pertinge·

284 1483 364 1550 rent,
389 1474 424 1534 in
442 1471 506 1556 pide
531 1481 636 1534 tanuen
659 1469 787 1534 illorum
811 1493 842 1535 se
870 1469 993 1535 salvari
1024 1471 1218 1558 sperabant;
1248 1473 1345 1535 diuisi
1365 1473 1395 1532 si·

284 1571 408 1658 quidem
424 1579 515 1633 erant
528 1570 563 1632 in
578 1569 706 1635 uiuendi
721 1569 811 1633 modo
820 1594 831 1649 ;
846 1570 902 1633 sed
918 1572 952 1633 in
968 1569 1027 1646 yide
1041 1580 1070 1632 et
1080 1573 1113 1633 in
1124 1569 1313 1653 infidelitate
1327 1569 1397 1632 uirili

285 1679 387 1732 erant.
415 1665 478 1740 Qui
496 1666 681 1730 dicebantur
704 1667 926 1732 credentes
948 1667 1183 1748 baereticorum,
1201 1667 1304 1731 dediti
1319 1678 1396 1730 erant

284 1769 400 1846 usuris,
430 1767 567 1851 rapinis,
594 1766 771 1830 homicidiis
799 1776 829 1828 et
861 1767 968 1830 carnia
1002 1765 1169 1846 illecebris,
1195 1765 1353 1854 perjuriis
1373 1773 1396 1824 et

280 1863 544 1954 perversitatibus
566 1864 732 1927 universis.
778 1864 839 1927 Isti
861 1863 1013 1949 siqnidem
1044 1863 1116 1927 ideo
1147 1864 1288 1927 securius
1312 1874 1340 1924 et
1361 1859 1397 1944 ef·

276 1963 466 2050 fraenatius
484 1961 669 2046 peccabant,
693 1962 768 2046 quia
793 1961 971 2040 credebant,
996 1963 1061 2024 sinc
1077 1962 1274 2025 restitutione
1290 1959 1397 2023 ablato·

284 2085 364 2138 rum,
389 2060 456 2123 sine
480 2058 675 2144 confessione
697 2069 726 2122 et
742 2059 943 2144 poenitent-ia
970 2082 1001 2122 se
1025 2082 1089 2123 esse
1115 2057 1301 2135 salvandos,
1325 2057 1397 2120 dum

284 2157 375 2222 modo
400 2159 433 2220 in
456 2179 599 2242 supremo
623 2157 733 2219 mortis
771 2154 906 2220 articula
932 2157 1051 2220 Pater·
1081 2166 1222 2220 noster
1253 2155 1398 2218 uicena

284 2279 411 2320 manum
433 2257 664 2342 impositionem
686 2257 858 2340 reciperen
870 2257 1030 2340 mapistris
1046 2256 1111 2318 suis
1124 2254 1316 2341 potuissent.
1342 2249 1399 2314 Pol·

286 2355 375 2419 liceri
405 2363 508 2416 autem
540 2351 712 2432 debebant,
745 2375 776 2416 se
811 2365 883 2415 ante
912 2364 1041 2416 mortem
1064 2351 1155 2416 illam
1178 2353 1398 2437 impositionem

285 2475 442 2530 manuum,
467 2474 546 2536 qnae
566 2449 612 2516 Co
623 2475 644 2514 n
656 2473 695 2514 so
707 2447 719 2511 l
726 2476 747 2513 a
758 2462 928 2514 mentum
945 2451 1117 2531 dicebatur,
1139 2471 1261 2536 quaque
1275 2449 1400 2534 persenti

285 2549 565 2626 constituebantur,
590 2559 788 2634 suscepturos
812 2549 917 2630 esse¹).
955 2548 1136 2613 Credentes
1160 2545 1397 2611 multitudinem

286 2647 531 2713 constituebant
555 2669 735 2732 eorumque
759 2649 967 2730 ingesserat
990 2669 1164 2728 numerus3
1188 2645 1398 2731 perfectorum

286 2769 364 2811 vero
389 2767 546 2810 numerus
570 2743 672 2808 multo
697 2747 805 2809 minor
827 2755 906 2808 erat.

117 2917 266 2957 essenorum
377 2896 406 2960 8.
432 2895 485 2958 Ex
500 2895 654 2979 persentis
670 2916 766 2980 porro
781 2895 998 2960 sumebantur
1012 2893 1230 2958 Catharorum
1255 2893 1401 2970 ministri,

123 2979 259 3019 ¹¹¹⁰m⁰¹¹¹⁸¹
286 2995 343 3080 qui
375 2991 597 3056 hierarchiam
631 2992 877 3056 constituebant
908 2991 1091 3056 catholicae
1122 2991 1276 3057 similem.
1333 2991 1399 3075 Epi·

286 3113 401 3177 scopos
431 3088 610 3171 habebant,
644 3113 683 3154 ac
717 3088 799 3154 duos
831 3093 936 3154 socios
968 3113 1025 3154 seu
1058 3091 1200 3155 vicarios
1227 3089 1400 3176 generales.

286 3212 426 3278 quorum
459 3189 542 3253 alter
575 3188 748 3252 dicebatur
779 3188 866 3252 filius
900 3188 1021 3274 major,
1053 3188 1136 3253 alter
1166 3187 1255 3253 iilius
1287 3175 1400 3266 minori

286 3289 440 3373 episcopo
466 3287 617 3350 morienti
637 3285 831 3372 plerumque
844 3287 1045 3352 succedebat
1056 3285 1143 3350 iilius
1164 3286 1281 3372 major.
1307 3285 1399 3366 Quos·

287 3386 362 3450 dam
388 3406 466 3448 vero
492 3383 569 3448 inde
593 3383 635 3447 ab
660 3385 800 3449 infantia
828 3384 871 3448 ad
896 3407 1016 3449 munus
1050 3384 1236 3470 episcopale
1270 3385 1399 3456 destina«,

285 3482 377 3562 bant,
402 3505 441 3546 ao
465 3483 557 3568 pueri
583 3481 628 3545 illi
654 3505 695 3545 ne
719 3481 803 3546 laete
832 3483 967 3569 quidem
1000 3493 1142 3547 matrum
1170 3484 1291 3547 nutriri
1325 3495 1390 3568 pate

286 3591 370 3662 rant,
396 3581 453 3644 sed
468 3579 722 3664 amygdalarum
739 3603 837 3645 succo
855 3604 911 3645 scu
928 3581 1013 3646 lacta
1031 3580 1312 3646 sustentabantur.
1345 3579 1398 3666 Has

285 3676 410 3742 bebant
434 3689 603 3763 praeterea
629 3677 795 3761 diaconos,
821 3690 854 3743 et
876 3701 976 3765 super
998 3681 1168 3768 episcopos
1192 3701 1307 3743 eorum
1337 3671 1398 3740 cani

286 3777 391 3840 stituti
417 3784 511 3838 erant
534 3777 744 3860 septuaginta
768 3777 833 3841 duo
850 3779 992 3842 ministri
1017 3778 1114 3860 (forte
1137 3777 1179 3842 ad
1205 3779 1312 3841 instar
1334 3775 1397 3840 Car

287 3872 447 3939 dinaiium
473 3871 633 3938 ecclesiae
657 3874 849 3957 Romanae).
888 3874 953 3940 Sed
971 3876 1123 3940 exstabat
1137 3875 1235 3938 etiam
1261 3891 1397 4087 summu]

288 3970 506 4036 Catharorum
531 3971 691 4056 pontifex,
725 3973 766 4037 de
791 3995 854 4059 quo
880 3973 996 4038 scribit
1020 3972 1192 4038 Conradus
1216 3971 1384 4037 Portuensi

362 4227 382 4300 ¹)
401 4227 475 4282 nist
493 4225 584 4296 albig.
603 4243 623 4280 c.
644 4229 668 4282 2.
