2844 4840
432 484 517 539 Initia
535 483 721 542 Pontificatus.
1107 484 1142 536 19

119 633 164 695 19.
202 630 391 694 Bonifatius
423 626 501 692 inde
532 628 574 693 ab
599 629 693 692 initio
726 627 938 713 pontificatus
967 630 1016 692 sui
1042 627 1140 715 pluri·

47 747 117 790 num
139 725 347 792 adlaboravit
370 727 528 811 varioque
552 747 716 810 successu,
745 735 781 790 ut
804 747 920 811 paoem
945 728 1030 791 inter
1052 713 1140 813 prin·

47 827 116 910 cipes
137 825 333 890 christianos
356 827 552 892 restitueret.
601 824 696 906 Quae
720 828 754 889 in
780 825 842 889 hoc
860 826 990 908 negotio
1015 825 1139 907 fecerit,

45 925 138 1006 paucis
168 925 314 988 sufficiat
350 923 508 988 indicare.
568 923 712 1008 Legatos
744 924 835 986 misit
868 922 912 986 ad
947 921 1139 1008 Philippum

45 1019 150 1086 Galliac
173 1033 205 1087 et
222 1021 418 1086 Eduardum
435 1020 578 1105 Angliae
601 1043 696 1106 reges
720 1021 806 1086 bello
831 1022 917 1084 inter
940 1043 974 1084 se
999 1020 1139 1100 divisos3

44 1140 101 1182 cum
123 1119 183 1184 hac
207 1120 371 1205 legatione
395 1118 478 1184 nihil
503 1120 674 1198 effecisset,
706 1117 895 1205 bellumque
919 1120 1028 1182 acrius
1051 1101 1140 1203 gerb-

43 1231 121 1295 retur,
143 1240 172 1283 a.
192 1219 278 1284 1296
302 1216 433 1281 duobus
457 1217 591 1300 regibus
607 1217 760 1282 inducias
777 1218 889 1294 suasit,
915 1227 947 1280 et
962 1226 1037 1302 post
1051 1216 1139 1280 bien·

42 1315 114 1378 nium
138 1337 254 1401 pacem
278 1318 364 1380 inter
387 1336 441 1378 eos
466 1317 644 1395 constituit,
680 1335 754 1378 cum
780 1313 877 1378 ambo
903 1315 1140 1400 compromisis-

43 1425 98 1475 sent
127 1415 158 1477 in
190 1413 396 1494 Pontificem,
433 1422 577 1476 attamen
612 1422 776 1498 quatenus
808 1412 863 1476 hic
898 1423 968 1477 orat
1000 1433 1140 1497 persona

41 1511 160 1592 privata,
184 1511 388 1576 Benedictus
413 1509 593 1596 Cajctanus
605 1512 691 1596 juris
716 1511 887 1596 utriusque
910 1512 1139 1596 peritissimus.

41 1605 251 1694 Promnlgavit
272 1623 385 1673 tamen
410 1609 606 1673 sententiam
632 1608 762 1673 arbitrii
787 1608 975 1673 solemniter
998 1621 1034 1671 ut
1057 1607 1140 1672 Pon-

41 1705 180 1772 111111-
204 1708 243 1771 In
268 1705 382 1771 Sicilia
414 1719 447 1770 et
478 1708 664 1790 Arragonia
694 1705 767 1771 lites
799 1709 846 1771 ita
877 1709 1069 1792 composuit,
1104 1717 1141 1770 ut

41 1803 167 1869 lacobus
190 1827 362 1870 rexomne
382 1805 439 1890 jus
463 1807 498 1869 in
522 1802 671 1870 Siciliam
695 1804 828 1868 cederet
852 1803 968 1868 Carolo
993 1803 1036 1884 11,
1068 1807 1138 1890 ipse

41 1921 102 1966 vero
124 1905 216 1988 regni
240 1904 455 1987 Arragoniae,
480 1903 687 1988 principatus
710 1901 885 1966 Valentius
910 1913 942 1966 et
965 1903 1139 1967 comitatus

39 1997 277 2065 Barcinonensis
300 2003 531 2065 investituram
560 2002 726 2085 acciperet
757 2023 777 2064 a
809 1999 916 2084 legato
950 1999 1138 2086 apostolico

38 2093 90 2159 Sed
120 2096 233 2180 Siculi,
264 2100 311 2162 uti
341 2099 507 2181 diximus,
539 2097 702 2164 Gallicam
736 2098 994 2163 dominationem
1026 2099 1139 2163 adver-

38 2203 140 2276 santes,
171 2194 377 2260 Fridcricum
402 2197 522 2261 Jaccbi
552 2197 687 2260 fratrem
711 2218 822 2280 regem
847 2195 1041 2278 salutarunt,
1073 2195 1138 2261 bel·

38 2289 155 2377 lumque
179 2294 358 2359 recruduit.
406 2293 506 2358 Haud
539 2294 678 2358 dubium
708 2303 767 2376 est,
801 2293 1004 2358 Bonifatium
1039 2297 1136 2358 ctiam

37 2390 109 2473 inde,
133 2390 222 2478 quod
246 2413 304 2477 pro
329 2389 438 2455 officio
463 2413 521 2455 suo
547 2389 656 2456 Caroli
670 2391 704 2455 Il
728 2393 816 2475 regis
834 2391 912 2476 jura
936 2391 1137 2473 defenderet,

36 2488 107 2552 inter
139 2488 268 2554 Siculos
305 2497 337 2552 et
377 2488 458 2554 alios
489 2488 604 2567 Italos,
642 2489 698 2574 qui
741 2489 1000 2553 dominationem
1033 2499 1138 2553 extra·

36 2605 116 2652 neam
141 2607 276 2652 exosam
300 2585 479 2667 habebant,
504 2587 713 2652 adversarios
737 2596 871 2651 nactum
894 2585 1006 2652 fuisse.
1053 2586 1136 2651 Tan·

35 2682 97 2748 dem
120 2708 188 2771 pax
211 2686 394 2770 composita
417 2685 481 2749 fuit
504 2707 543 2749 ea
565 2682 650 2770 lege,
674 2697 711 2748 ut
735 2683 926 2749 Friderious
940 2683 1137 2750 Eleonoram

35 2781 129 2847 Caroli
153 2782 187 2847 II
219 2782 321 2846 liliam
346 2803 483 2846 cruorem
509 2781 653 2864 duceret,
688 2793 720 2846 et
744 2782 829 2846 dotis
853 2781 1059 2868 profectitiac
1082 2804 1137 2848 no·

34 2883 108 2944 nine
131 2883 288 2945 retineret
311 2878 469 2962 Siciliam,
502 2901 587 2966 quae
611 2891 685 2966 post
708 2880 778 2966 ejus
803 2888 940 2944 mortem
973 2880 1016 2944 ad
1040 2879 1137 2944 Caro·

33 2973 89 3041 lum
113 2978 279 3065 hujusque
303 2977 462 3042 haeredes
485 2977 618 3042 rediret.
634 3015 677 3026 -
697 2977 737 3042 In
754 2977 936 3043 Germania
959 2989 1033 3063 post
1056 3000 1137 3043 mor·

33 3087 86 3138 tem
110 3076 276 3162 Rudolphi
301 3081 345 3156 (a.
372 3075 470 3157 1291)
495 3073 617 3140 electus
640 3075 704 3140 fnit
727 3074 902 3160 Adolphus
926 3097 1034 3140 comes
1057 3076 1137 3140 Nas-

32 3175 141 3257 scviae,
176 3174 234 3238 sed
259 3194 338 3237 mox
360 3172 569 3259 principibus
599 3175 737 3251 invisus,
769 3195 798 3238 a.
825 3173 911 3238 1298
936 3175 969 3238 in
994 3177 1137 3238 comitiis

32 3269 224 3354 llognntiuis
248 3271 417 3357 depositus
441 3281 499 3350 est,
534 3272 623 3336 etin
646 3270 756 3335 locum
780 3270 852 3356 ejus
875 3269 998 3336 electus
1023 3271 1136 3336 Alber·

31 3380 73 3432 tus
95 3368 262 3455 Budolphi
285 3368 373 3433 filius
397 3379 430 3433 et
453 3369 609 3434 Austriac
633 3369 712 3450 dux,
745 3391 765 3432 a
789 3390 854 3454 quo
877 3367 1052 3454 Adolphus
1087 3391 1136 3434 co·

32 3463 93 3529 dem
116 3489 205 3532 anno
229 3468 338 3532 victus
361 3477 394 3532 et
417 3490 532 3532 caesus
555 3477 613 3531 est.
657 3466 843 3531 Bonifatius
867 3488 945 3532 vero
962 3466 1135 3532 Albertum

31 3563 111 3629 initio
135 3586 316 3650 agnoscere
339 3564 455 3647 noluit,
479 3587 519 3630 ao
543 3575 676 3651 propter
691 3565 827 3651 perjurii
853 3575 885 3629 et
906 3563 1015 3630 laesae
1039 3566 1136 3651 maje-

31 3665 110 3727 statis
131 3664 275 3728 crimina
298 3685 374 3727 enm
398 3663 601 3749 increpavit3
625 3673 770 3727 attamen
796 3684 897 3748 quum
922 3661 1079 3727 Albertns
1102 3685 1136 3727 se

31 3755 188 3826 Ecclesiae
211 3782 251 3825 ac
275 3783 300 3825 s.
325 3759 402 3826 Sedi
427 3759 584 3825 devotum
608 3760 806 3842 ostenderet,
831 3759 1039 3844 indulgentia
1062 3783 1135 3846 pru·

32 3855 133 3924 denter
156 3879 238 3924 usus
261 3859 369 3945 ipsum
401 3860 548 3944 agnovit,
581 3868 615 3922 ct
637 3857 822 3922 emendatis
851 3856 1020 3922 electionis
1045 3861 1135 3923 vitiis

32 3955 54 4018 ci
74 3957 257 4024 Romanum
282 3957 463 4042 Imperium
488 3954 740 4042 confirmavit.¹)

32 4141 131 4154 u...
137 4146 231 4154 -.-

92 4259 109 4320 ι1
127 4258 161 4312 V.
181 4257 295 4313 Dissert.
315 4257 519 4327 praecedentem
537 4264 566 4312 et
585 4257 721 4324 Wouters,
742 4255 831 4325 ecmp.
850 4256 880 4312 T.
900 4257 937 4312 11.
957 4273 982 4326 p.
1002 4259 1063 4314 306.

977 4356 1012 4410 a*

1151 629 1246 676 Negotia
1256 637 1307 667 cnm

1157 690 1306 740 principibus.
