2850 4834
346 463 534 531 Depositiones
552 463 770 531 Templariornm.
892 491 894 498 ·
1095 461 1145 514 133

41 629 93 670 trec
113 609 249 671 intraret
273 607 434 686 ordinem,
464 609 526 670 nisi
552 617 737 670 remaneret
760 604 825 669 sibi
855 627 937 668 uxor
962 627 1020 669 sua
1044 607 1146 668 etita

40 715 100 766 orat
121 703 181 768 sibi
205 707 422 790 permissum3
448 714 480 768 et
502 703 661 768 recedens
676 702 718 767 ab
736 705 807 790 ejus
831 702 1017 788 praesentia
1041 703 1147 766 exivit

39 801 196 887 capellam.
245 803 365 867 Dictus
389 825 469 866 vero
492 802 594 867 frater
610 802 810 866 Laurentius
834 801 1025 886 etquidem
1050 799 1145 882 alius,

39 899 72 962 de
95 901 185 985 cujus
201 903 336 964 nomine
352 922 418 964 non
434 899 558 982 recolit,
583 904 686 964 sconti
712 899 846 962 fuerunt
868 898 1021 962 eumdem
1045 907 1077 960 et
1099 919 1145 960 re-

38 997 272 1082 prehenderunt
296 1021 382 1078 eum,
416 998 564 1062 dicentes
592 997 679 1083 quod
708 1009 779 1061 erat
809 997 919 1061 fatuus
947 997 1026 1081 quia
1055 1017 1145 1059 recu·

37 1095 119 1158 sabat
142 1095 241 1161 talem
266 1106 299 1159 et
322 1107 450 1160 tautum
468 1095 636 1176 honorem,
661 1094 837 1158 suadentes
853 1094 960 1158 eidem
985 1093 1074 1178 quod
1098 1115 1144 1156 re-

36 1192 119 1268 diret,
150 1195 229 1278 quia
252 1192 338 1257 bene
362 1204 448 1258 esset
470 1192 544 1271 sibi,
569 1202 601 1256 et
624 1194 692 1278 ipae
716 1205 746 1256 et
768 1215 851 1255 recor
874 1215 933 1255 atta
952 1202 1147 1277 ponerentur·

36 1303 60 1352 rt
80 1302 177 1354 arent
198 1292 293 1354 simol
319 1294 354 1354 in
377 1315 443 1355 ono
465 1292 556 1354 domo
614 1291 689 1376 Ipse
713 1311 791 1353 vero
823 1291 870 1353 sic
898 1289 1053 1353 inductus
1089 1310 1147 1374 per

35 1409 90 1468 eos,
114 1411 264 1452 reversus
279 1399 328 1453 est
344 1409 419 1452 cum
435 1391 483 1452 eis
499 1389 542 1454 ad
559 1389 682 1452 dictam
700 1386 894 1473 cappellam.
923 1387 1019 1451 Tunc
1034 1398 1144 1451 autem
1156 1387 1181 1425 Ρ·
1192 1387 1313 1436 30‘80‘02·

35 1483 131 1549 dictus
163 1487 264 1550 frater
286 1488 489 1552 Laurentius
512 1488 591 1552 fecit
614 1509 689 1551 eum
710 1488 823 1573 jurare
847 1489 1031 1566 caetitatem,
1071 1485 1144 1549 cbo·

35 1582 194 1667 dientiam,
220 1637 276 1651 ...
302 1586 390 1671 qued
414 1609 479 1650 nou
495 1585 675 1649 habitarent
698 1609 765 1650 cum
788 1584 917 1648 marliaco
945 1605 1005 1648 neo
1027 1582 1144 1647 orado-
1228 1609 1232 1618 ·

36 1693 132 1744 rentur
155 1686 256 1746 eam.“
304 1683 416 1750 Secuti
442 1684 520 1748 dein
545 1696 623 1747 sunt
649 1687 731 1748 ritus
755 1685 863 1748 illiciti
888 1683 983 1747 soliti.
1032 1682 1147 1760 „Dicit

35 1781 123 1843 etiam
146 1779 256 1845 dictus
280 1785 372 1846 testis
396 1782 485 1868 quod
509 1784 579 1868 ipse
596 1783 765 1846 confessus
789 1783 852 1846 fuit
875 1782 917 1846 de
941 1781 1038 1845 dictis
1061 1803 1145 1844 erro·

35 1875 124 1960 ribos,
148 1881 182 1942 in
208 1879 290 1943 festo
315 1879 464 1944 Paschae
488 1891 568 1944 tunc
592 1881 741 1965 sequenti
776 1885 939 1965 (receptus
962 1891 1032 1942 erat
1056 1880 1145 1942 cirea

35 1975 141 2040 festum
165 2001 191 2042 s.
218 1979 364 2058 llartini)
386 1979 479 2043 fratri
504 1977 683 2043 Guilielmo
708 1977 796 2042 dieto
818 1976 972 2042 Menavel
997 1975 1144 2062 ejusdem

34 2069 169 2153 Ordinis,
194 2075 250 2160 qui
275 2075 419 2140 absolvit
443 2098 529 2159 eum,
553 2075 705 2162 injuncta
729 2074 792 2139 sibi
817 2077 1030 2161 poenitentia,
1055 2073 1144 2159 quod

30 2169 185 2252 jejunaret
206 2184 332 2258 septem
359 2172 476 2239 diebus
498 2174 647 2254 Veneris,
673 2174 787 2238 dicens
811 2173 873 2237 sibi
891 2173 989 2259 quod,
1014 2193 1055 2234 ex
1079 2193 1144 2257 quo

34 2267 78 2330 illa
100 2281 194 2334 eraut
218 2270 259 2335 do
284 2275 417 2356 punctis
440 2271 567 2336 ordinis
592 2273 718 2356 etipse
746 2273 869 2336 iecerat
898 2271 959 2335 hoc
989 2271 1144 2353 (abnega-

33 2367 158 2448 tionem)
183 2390 248 2433 non
275 2370 375 2434 corde
399 2370 456 2434 sed
482 2391 537 2434 ore
561 2379 699 2453 tanturn,
734 2391 798 2433 non
823 2368 961 2432 multum
988 2389 1144 2453 peccave-

34 2477 82 2534 rat,
112 2466 254 2553 ideoque
287 2489 353 2530 non
379 2467 572 2554 imponebat
606 2470 636 2531 ei
667 2468 906 2553 poenitentiam
943 2467 1142 2552 graviorem.

34 2559 115 2626 llixit
139 2566 251 2646 etiam,
277 2565 365 2652 quod
391 2566 461 2650 ipse
485 2565 549 2630 fuit
572 2565 613 2629 de
631 2565 811 2651 praedictis
828 2563 995 2628 erroribus
1019 2563 1144 2630 confes·
1184 2572 1187 2578 '

34 2681 78 2722 sus
99 2662 233 2726 cuidam
257 2664 349 2726 fratri
375 2663 496 2727 lllinori
521 2662 734 2728 conventuali
758 2661 973 2746 Lingonensi,
1008 2665 1064 2749 qui
1088 2685 1144 2728 arr·

34 2756 94 2821 ditn
115 2760 323 2825 confessione
348 2760 455 2825 noluit
478 2783 553 2825 eum
578 2761 761 2842 absolvere,
787 2760 844 2824 sed
869 2761 964 2840 dixit,
989 2759 1078 2846 quod
1102 2760 1144 2824 de

33 2855 77 2918 tuli
100 2857 188 2921 lacto
211 2857 330 2922 adiret'
343 2859 479 2944 Papam.
529 2861 627 2924 Dixit
650 2863 750 2924 etiam
784 2858 893 2924 dictus
923 2863 1025 2938 testis,
1055 2861 1144 2946 quod

34 2967 215 3040 praeceptor
238 2955 348 3020 dietae
373 2956 492 3021 domus
516 2955 557 3020 de
574 2957 637 3022 Val
662 2958 703 3022 de
727 2959 809 3021 Tors
833 2957 950 3022 habuit
973 2957 1061 3021 bona
1085 2979 1145 3020 sua

34 3051 156 3116 mobilia
181 3065 212 3116 et
236 3053 422 3118 immobilia
453 3075 558 3140 usque
582 3055 624 3120 ad
649 3056 796 3121 valorem
828 3057 1085 3142 quingentarum
1107 3053 1144 3118 li·

33 3145 151 3214 brarum
177 3151 434 3232 Turonensium,
458 3163 492 3216 et
515 3163 649 3238 propter
677 3153 741 3218 boc
764 3153 970 3218 induxerunt
992 3174 1078 3236 eum,
1108 3164 1145 3217 ut

33 3247 157 3312 intraret
188 3239 382 3334 religionem
414 3253 593 3332 eorum.“¹)
650 3252 796 3318 Omnino
830 3251 1050 3337 improbabile
1084 3265 1142 3334 est,

33 3343 180 3428 ejusmodi
195 3347 435 3433 depositionem
449 3371 520 3412 esse
537 3349 722 3416 confictam.
749 3348 923 3414 Caeterum
940 3372 1018 3415 vero
1032 3353 1144 3414 omnia

33 3443 58 3504 in
79 3443 191 3508 eedem
216 3447 341 3531 optimc
366 3445 553 3528 cohaerent,
578 3458 612 3512 et
635 3447 821 3528 ostendunt,
851 3460 932 3532 quot
954 3448 1079 3513 abusus
1108 3449 1142 3512 in

33 3537 144 3606 Ordine
168 3542 298 3628 Templi
330 3545 510 3628 viguerint.
562 3545 710 3610 Advertc
740 3547 851 3624 etiam,
883 3546 1015 3611 fratrem
1049 3547 1142 3611 illum

34 3635 235 3705 Laurentium
261 3642 400 3705 Parisiis
415 3641 605 3706 combustum
629 3665 695 3707 non
713 3643 815 3707 fuisse
831 3645 1051 3711 innocentem.
1079 3645 1143 3710 Hic

34 3748 72 3798 est
91 3741 264 3823 (quantum
286 3739 454 3820 recordor)
479 3743 598 3805 unicus
615 3763 721 3823 cneus,
748 3743 781 3805 in
806 3763 870 3827 quo
895 3741 996 3807 frater
1018 3767 1061 3808 ex
1085 3743 1144 3809 Or·

34 3831 97 3897 dine
119 3835 285 3902 llinorum
311 3837 454 3924 denegat
466 3838 720 3924 absolutionem,
744 3852 777 3903 et
792 3841 930 3904 remittit
946 3841 988 3906 nd
1004 3842 1142 3927 Papam,

34 3943 115 4016 atque
137 3936 238 4000 etiem
263 3935 346 4001 haec
371 3939 620 4002 circumstantia
650 3960 725 4002 curn
751 3947 821 4002 tota
844 3959 953 4002 rerum
979 3941 1062 4004 serie
1086 3963 1140 4025 ap·

35 4030 122 4108 prime
146 4032 311 4099 cohaeret.
358 4034 531 4120 Agebatur
555 4035 596 4102 de
621 4036 773 4122 religioso
798 4047 947 4118 uxorato,
982 4039 1038 4123 qui
1064 4037 1144 4102 fecit

39 4173 226 4190 ‘⁸¹¹’-

94 4234 110 4296 ¹l
128 4235 224 4292 Preces
242 4245 294 4294 etc.
314 4238 336 4292 1.
356 4254 380 4306 p.
400 4239 461 4296 591.
