2850 4834
1415 239 1416 304 l

273 387 326 440 184
469 381 585 440 XXXII.
605 384 646 437 Dc
664 383 841 436 Pontificibus
860 385 1000 440 Aveuione
1019 389 1200 445 commoratis
1415 343 1416 458 X

1415 493 1416 537 l

272 529 438 594 Joannem
463 536 596 613 propter
620 528 885 592 circumstantias
908 551 1018 593 rerum
1042 531 1221 615 prudenter
1236 555 1289 620 per
1305 532 1416 600 Con-X

273 629 479 690 stitutionem
503 625 556 688 Ad
571 624 765 689 conditorem
788 624 973 691 dominium
998 626 1143 740 plurium
1167 653 1268 694 reram
1284 631 1385 696 Mino

272 726 345 788 ritis
367 724 559 802 restituisse,
589 725 635 786 ita
658 733 732 808 post
733 745 832 808 quam
857 726 1022 788 exstincta
1040 726 1112 839 jam
1137 739 1219 792 esset
1241 731 1389 814 praeteri-

272 832 381 888 torum
406 822 536 886 invidia
551 831 747 906 temporum,
772 832 805 886 et
828 821 1040 888 calumniae
1032 826 1209 909 impiorum
1224 828 1256 890 iu
1271 827 1387 892 Sedem

273 921 382 1006 Apost
369 919 502 983 tolicam
536 918 681 1003 sepultae
707 918 875 984 oblivione
904 932 1022 1002 essent,
1054 922 1196 987 Romani
1219 925 1389 988 Pontifices

272 1020 433 1105 pristinae
448 1019 482 1080 iu
499 1017 643 1080 Minores
668 1016 918 1081 benevolentiae
943 1018 1054 1083 officia
1076 1021 1272 1106 explicuere.
1304 1022 1392 1086 Inter

273 1139 356 1203 quos
377 1117 541 1179 Martinus
557 1113 598 1192 V,
624 1115 868 1179 Constitutione
891 1116 1033 1180 loannis
1056 1117 1110 1181 Aa
1133 1120 1323 1183 conditorem
1346 1145 1389 1183 ca·

273 1237 391 1278 acaum
408 1213 578 1296 abrogata,
600 1212 785 1277 dominium
802 1234 911 1276 rerum
929 1213 973 1277 ad
987 1215 1161 1280 Minoritas
1178 1219 1390 1302 spectantium
1415 1279 1416 1282 ,

274 1315 394 1376 iterum
427 1311 588 1396 suscepit3
623 1332 721 1396 quem
752 1310 864 1396 plures
891 1311 948 1376 alii
972 1310 1152 1377 Pontifices
1182 1316 1284 1380 secati
1311 1327 1390 1385 sunt,

275 1418 312 1473 ut
335 1431 373 1473 ea
398 1407 557 1492 singulari
579 1407 732 1472 clientela
748 1409 826 1472 tecti
841 1407 1018 1474 Minoritae
1042 1411 1086 1474 ad
1103 1410 1257 1478 divinum
1271 1413 1389 1476 cultum

274 1508 412 1572 liberius
437 1505 656 1570 intenderent.

365 1605 419 1670 34
451 1603 549 1683 Quod
574 1613 700 1688 spectat
722 1602 766 1667 ad
789 1603 926 1668 alteram
951 1607 1179 1691 quaestionem
1204 1606 1246 1672 de
1261 1629 1392 1693 pauper·

105 1677 258 1779 sll‘spdlsl
219 1737 264 1777 ·s.
276 1714 342 1768 tate
368 1701 491 1768 Christi
522 1701 659 1764 Domini
691 1712 723 1765 et
753 1702 999 1787 Apostolorum,
1030 1704 1171 1768 Joannis
1195 1703 1299 1770 XXII
1332 1727 1391 1768 seu·

275 1804 355 1866 tent'
348 1825 388 1880 ra,
414 1822 480 1887 qua
504 1799 678 1864 damnavit
700 1811 737 1864 ut
760 1795 962 1864 haereticam
987 1803 1213 1883 assertionem,
1242 1800 1392 1867 Chr-istra

276 1905 401 1989 ejusque
425 1897 638 1985 Apostolos
625 1920 660 1960 aa
682 1897 817 1984 spetiali
845 1921 910 1962 aaa
940 1898 1086 1963 babuisse
1118 1898 1242 1984 aliqua,
1280 1924 1339 1964 nec
1366 1902 1393 1962 ia

276 1999 430 2063 commum
461 1997 565 2073 etiam,
602 2016 677 2058 cum
706 1994 836 2060 Nicolai
861 1996 912 2060 III
939 1999 1131 2079 assertione,
1168 1996 1339 2063 Christum
1368 2015 1394 2060 et

277 2095 453 2182 Apostolos
476 2093 722 2158 abdicationem
747 2096 896 2158 omnium
919 2117 1030 2160 rerum
1046 2093 1159 2159 verbis
1182 2105 1214 2158 ct
1238 2094 1395 2182 exemplis

277 2196 438 2276 docuisse,
463 2191 554 2256 haud
578 2191 756 2257 difficulter
779 2191 949 2256 conciliari
975 2203 1092 2278 potest.
1126 2193 1300 2278 Imprimis
1324 2194 1394 2258 dum

276 2291 434 2356 dicuntur
458 2290 609 2354 Christus
634 2299 666 2353 et
689 2290 839 2375 Apostoli
864 2312 930 2354 non
955 2289 1122 2373 habuisse,
1157 2291 1211 2356 vel
1234 2290 1395 2362 habuisse,

277 2389 405 2477 aliquid
434 2390 615 2476 proprium,
647 2410 705 2452 seu
737 2388 878 2475 alicujus
909 2390 957 2454 rei
981 2389 1167 2454 dominium
1192 2399 1252 2453 aut
1269 2391 1338 2475 jus,
1367 2389 1394 2452 id

276 2509 343 2552 non
368 2487 409 2551 de
425 2496 494 2552 tota
510 2488 599 2549 vitae
615 2485 746 2551 illorum
771 2489 865 2566 serie,
891 2487 949 2552 sed
974 2487 1016 2552 de
1031 2487 1172 2552 diversis
1196 2489 1396 2574 temporibus

277 2584 417 2670 intelligi
442 2595 558 2670 potest.
606 2585 693 2650 Sane
722 2586 793 2670 ipse
816 2585 974 2650 Nicolaus
997 2584 1049 2648 111
1078 2583 1248 2649 Christum
1279 2584 1396 2650 loculos

277 2683 436 2748 habuisse
460 2693 492 2746 et
515 2685 677 2767 pecuniae
701 2683 789 2747 illius
814 2682 999 2748 dominium
1023 2683 1218 2768 possedisse,
1252 2687 1395 2768 agnoscit

278 2792 311 2846 et
326 2781 479 2865 explicat,
506 2781 682 2845 Caeterum
698 2803 787 2862 vero,
813 2782 860 2845 uti
880 2781 952 2865 jam
976 2790 1125 2866 tempore
1140 2781 1287 2846 Joanuis
1302 2781 1393 2845 XXll

279 2879 472 2944 observavit
487 2876 692 2943 Bertrsndus
708 2877 907 2960 Cardinalis,
932 2878 1118 2942 Decretalis
1142 2879 1200 2943 illa
1216 2881 1322 2959 Exiit,
1346 2879 1394 2942 ubi

278 2979 401 3043 dicitur
424 2977 594 3042 Christum
618 2986 651 3072 et
673 2976 848 3062 Apostolos
879 2977 1052 3042 abdicasse
1076 2979 1315 3062 proprietatem
1339 2999 1394 3040 om·

278 3077 371 3141 nium
396 3096 505 3138 rerum
530 3097 597 3139 non
620 3084 688 3139 tam
713 3077 748 3138 iu
765 3075 912 3160 speciali,
936 3096 1036 3161 quam
1053 3077 1154 3138 ctiam
1170 3077 1206 3138 in
1222 3077 1394 3140 communi·

278 3175 403 3258 optime
427 3173 565 3258 intelligi
590 3183 706 3259 potest,
737 3184 772 3236 at
795 3173 867 3258 fert
889 3172 1022 3236 moralis
1046 3171 1195 3257 loquendi
1218 3173 1341 3248 modste,
1369 3183 1396 3234 et

278 3280 442 3355 quatenus
457 3272 595 3334 maaimo
611 3274 695 3335 citae
709 3272 807 3358 flacc
830 3282 860 3334 ct
873 3270 1132 3357 frequentissime
1146 3272 1289 3334 omnium
1304 3293 1395 3336 reram

278 3369 368 3452 epesi
390 3379 420 3432 ct
442 3371 553 3456 inopes
577 3369 723 3454 fuerant.
770 3369 853 3434 Inde
877 3391 896 3434 a
919 3368 1056 3432 Nicolao
1089 3377 1269 3452 paupertas
1291 3369 1393 3433 meritc

279 3466 512 3530 commendata
535 3479 599 3542 est;
636 3466 727 3532 baud
759 3489 838 3531 vero
871 3467 976 3547 docet,
1007 3469 1106 3530 ctiam
1137 3467 1247 3546 vastis,
1284 3466 1348 3532 cibi
1368 3479 1393 3527 er

279 3575 376 3651 potus
401 3567 635 3650 proprietatem
652 3587 672 3628 a
688 3563 819 3630 Christo
837 3575 869 3630 et
883 3564 1051 3650 Apostolis
1075 3565 1176 3628 irrisae
1199 3561 1393 3628 abdicatam.

281 3661 366 3726 Cum
391 3660 447 3725 illa
472 3661 596 3728 Christi
625 3674 820 3748 paupertate
844 3685 909 3728 nou
934 3673 1070 3748 pugnat,
1102 3661 1190 3747 qaod
1221 3661 1394 3748 aliquando

279 3758 404 3824 loculos
426 3759 555 3844 legatur
578 3759 745 3844 babuisse,
770 3761 805 3825 id
820 3771 941 3840 tamen,
966 3782 1068 3847 quum
1093 3760 1247 3824 videatur
1274 3764 1392 3846 signum

280 3952 359 4004 quem
385 3937 535 4002 comedunt,
565 3941 593 3990 et
618 3937 675 3991 riui
695 3938 765 4004 quod
789 3937 892 4000 bibunt,
921 3953 971 3992 nec
999 3945 1090 3991 mmen
1113 3953 1191 4004 posse
1217 3937 1269 3992 illa
1297 3939 1392 3992 donam.

280 4017 406 4082 vendere,
434 4023 549 4082 matare,
569 4017 708 4086 projicere.
747 4017 822 4072 Haec
841 4018 963 4085 quaestio
987 4017 1021 4071 ad
1040 4017 1119 4072 fldem
1142 4033 1196 4070 ιιοιι
1215 4019 1342 4086 pertinet,
1367 4025 1391 4067 ur

279 4098 338 4164 ipse
356 4096 475 4152 Joannes
493 4097 560 4151 dicit
578 4097 607 4152 in
626 4097 831 4167 Extravaganti
854 4099 926 4168 eria
945 4099 1145 4166 stomatasm,-
1162 4097 1216 4150 imo
1235 4097 1322 4152 adbuc
1339 4105 1392 4150 sunt

279 4177 313 4232 de
331 4177 382 4230 hac
400 4192 429 4231 re
447 4177 525 4232 varia
543 4177 688 4232 Doctorum
706 4179 886 4234 sententiac.“
