2868 4844
306 455 360 510 aaa
546 453 678 508 xxxln.
698 454 738 508 De
758 469 857 522 magno
876 453 1030 510 (loeidontis
1049 453 1202 508 schismate.

307 609 388 664 tunc
403 598 582 662 Berensem
607 597 896 684 archiepiscopum
921 597 1074 662 similiter
1098 599 1132 664 in
1147 599 1328 664 Romanum
1342 597 1414 660 Pon-

306 695 431 758 tificem
447 694 633 778 elegerunt;
660 706 740 762 tunc
756 694 946 760 Cardinalis
961 696 988 760 F
990 695 1184 774 lorentinus,
1210 697 1324 760 videns
1337 695 1416 780 qnod

307 793 393 858 duae
424 805 534 878 partee
565 803 598 857 et
628 793 739 879 plures
772 795 898 860 dictum
932 795 1222 880 archiepiscopum
1254 793 1415 878 elegerant.

307 893 389 976 ipsis
411 890 574 972 adhaesit,
605 901 638 956 et
669 892 823 958 eumdem
847 891 1137 978 archiepiscopum
1169 913 1251 976 pure
1275 903 1306 956 et
1326 891 1418 958 libere

226 999 283 1028 ⁰¹¹³
308 987 465 1072 ologitin
491 989 707 1054 continenti.“
743 1028 785 1038 -
817 991 979 1056 Narratur
1003 990 1091 1072 dein,
1126 988 1320 1056 Cardinales
1340 989 1418 1055 band

221 1062 270 1091 Μ’
308 1086 452 1152 voluisse
476 1089 589 1152 statim
613 1087 783 1173 publicare
807 1088 1014 1170 electionem,
1045 1098 1115 1154 tum
1147 1088 1236 1174 quod
1270 1090 1419 1156 timerent

306 1207 349 1250 ne
373 1184 476 1248 electo
501 1185 650 1250 nondum
675 1187 709 1250 in
736 1186 898 1252 Vaticano
930 1188 1097 1271 praesenti
1128 1186 1206 1252 mali
1237 1186 1320 1272 quid
1342 1185 1421 1250 liena

306 1282 458 1368 eoquod
492 1303 558 1347 non
594 1295 680 1348 esset
704 1284 883 1365 Romanus,
922 1295 993 1350 tum
1029 1284 1117 1370 quod
1153 1307 1236 1350 vasa
1270 1284 1420 1370 quaedam

305 1390 463 1464 argentea
487 1391 520 1444 et
543 1380 608 1446 alia
633 1383 666 1446 in
693 1380 851 1448 Conclavi
877 1383 1056 1449 existentia
1078 1395 1247 1469 asportare
1272 1383 1421 1448 desidera·

306 1489 389 1558 rent‚
425 1501 467 1544 ne
494 1479 594 1564 juxta
624 1479 766 1546 abueum
800 1482 959 1566 temporis
987 1505 1007 1546 a
1039 1481 1197 1551 Romanis
1216 1493 1421 1568 ¹raperentur.

308 1576 448 1640 Factum
480 1598 558 1640 vero
590 1592 647 1658 est,
688 1579 784 1660 (forte
815 1600 916 1664 quum
943 1601 1024 1644 vase
1054 1578 1108 1644 illa
1139 1581 1361 1660 efferrentur),
1396 1589 1422 1638 nt

305 1697 419 1740 rumor
444 1677 477 1740 in
502 1676 623 1761 populo
648 1689 868 1763 spargeretur,
894 1677 1090 1747 electionem
1109 1679 1179 1762 jam
1205 1699 1278 1744 esse
1304 1678 1421 1742 aean.

307 1773 451 1859 indeque
483 1774 644 1840 tumultus
672 1787 807 1840 exortus
838 1785 897 1840 est.
945 1775 1062 1856 Quum
1092 1775 1297 1842 clamoribus
1329 1789 1421 1860 postn-

305 1873 423 1951 larent,
463 1885 499 1936 ut
529 1875 603 1958 quis
634 1886 719 1936 esset
749 1872 873 1938 electus
902 1873 1099 1955 ediceretur,
1140 1875 1258 1938 missus
1299 1873 1365 1938 fuit
1389 1870 1421 1934 al

306 1971 494 2036 custodiam
520 1969 699 2036 Conclavis
722 1972 898 2055 episcopus
921 1970 1149 2052 Massiliensis,
1174 1972 1230 2055 qui
1255 1969 1367 2034 locum
1389 1989 1421 2032 te·

306 2069 409 2134 nebat
432 2071 618 2149 camerarii,
651 2070 745 2154 isque
769 2067 885 2154 lingua
907 2090 968 2133 sua
992 2067 1122 2152 vulgari
1153 2067 1257 2134 dixit:
1300 2068 1422 2132 Allez‘a

305 2170 402 2234 Saint
417 2167 538 2232 Pierre.
569 2166 653 2232 Inde
678 2165 771 2231 multi
797 2166 1044 2246 intellexerunt,
1067 2165 1280 2232 Cardinalem
1306 2191 1332 2232 s.
1349 2165 1431 2238 Petri

305 2287 376 2330 esse
400 2264 557 2346 electum,
590 2263 702 2330 etalii
727 2264 799 2350 ejas
829 2263 990 2350 palatium
1021 2263 1218 2349 spoliarunt,
1248 2263 1309 2330 alii
1333 2261 1431 2328 rema-³

305 2381 422 2430 nentes
447 2365 547 2448 ‘juxta
579 2363 780 2429 Vaticanum
814 2383 933 2446 magno
966 2383 1042 2428 cum
1074 2362 1197 2446 gaudio
1229 2360 1423 2428 clamarunt:

307 2461 515 2542 „Romanum
530 2460 707 2540 voluimus,
726 2461 914 2526 Romanurn
928 2459 1120 2529 habemns.“
1141 2459 1246 2546 Major
1258 2476 1423 2546 propterca

304 2558 493 2625 sollicitudo
516 2569 590 2624 crta
614 2569 665 2623 est
688 2557 936 2638 Cardinalibus,
968 2581 1010 2624 ne
1034 2560 1061 2624 ei
1086 2569 1200 2626 notum
1232 2557 1340 2638 fieret,
1379 2558 1430 2622 Pas

305 2679 435 2724 ransom
466 2680 536 2722 esse
569 2657 725 2732 electura,
765 2658 829 2741 ipsi
863 2656 940 2721 mali
974 2657 1054 2742 quid
1078 2655 1259 2734 accideret,
1300 2670 1338 2720 et
1361 2665 1430 2719 canl

304 2757 453 2841 quinque
478 2754 552 2820 aliis
576 2757 741 2840 episcopis
765 2753 827 2820 sub
853 2765 1028 2840 praetextu
1046 2755 1252 2837 negotiorum
1278 2777 1304 2819 s.
1323 2753 1425 2818 Eccle-

303 2856 373 2918 siae
397 2875 474 2920 eum
499 2855 543 2921 ad
567 2854 735 2940 palatium·
754 2855 960 2920 Vaticanum
983 2865 1203 2919 accerserunt.

396 2955 447 3017 14.
479 2952 626 3018 Prandio
643 2963 776 3038 peracto
801 2963 834 3018 et
860 2952 1035 3034 „omnibus
1059 2954 1148 3018 intus
1172 2961 1204 3016 et
1227 2961 1325 3014 extra
1341 2950 1424 3014 silan-

304 3055 389 3116 tium
413 3051 615 3134 tenentibus,
641 3051 798 3136 dictoque
817 3049 978 3118 Conclavi
1002 3050 1150 3136 undique
1167 3048 1279 3112 clauso
1301 3046 1390 3112 bene
1403 3061 1429 3118 er

304 3151 445 3230 firmato,
471 3149 551 3214 dicti
577 3159 658 3214 tunc
675 3147 871 3216 Cardinales
896 3150 929 3213 in
946 3147 1073 3234 capella
1096 3145 1290 3233 supradicta
1314 3147 1425 3210 iterun

303 3270 339 3311 se
363 3257 584 3328 retraxerunt,
608 3257 642 3310 et
665 3249 781 3312 iterato
806 3255 1046 3326 convenerunt,
1070 3244 1169 3310 etad
1193 3242 1359 3328 majorem
1384 3265 1426 3305 rx·

305 3347 507 3430 pressionem
532 3343 656 3410 liberae
682 3345 862 3410 voluntatis
879 3357 912 3410 et
927 3365 1108 3411 consensus
1121 3363 1245 3421 eorum,
1270 3340 1315 3406 ad
1334 3343 1419 3426 majo

304 3465 374 3508 rem
414 3442 577 3508 cautelam
617 3445 650 3508 in
689 3443 876 3528 praefatum
912 3455 992 3508 tunc
1025 3444 1215 3528 episcopum
1250 3439 1428 3506 Barensen

304 3543 421 3606 iterato
453 3563 535 3626 pure
565 3551 599 3606 et
630 3540 743 3618 libere,
776 3541 985 3606 concorditer
1008 3551 1041 3602 et
1064 3539 1267 3604 unanimiter
1298 3559 1424 3604 oenmn

303 3649 427 3720 serunt,
464 3639 613 3704 dicentes
646 3660 812 3724 expresse,
849 3639 940 3724 quod
973 3659 1048 3704 eum
1072 3636 1174 3702 libere
1197 3646 1232 3702 et
1254 3638 1375 3700 animo
1404 3650 1426 3694 a

305 3737 476 3803 voluntate
500 3749 536 3802 ut
559 3749 645 3802 esset
670 3759 767 3802 verus
790 3737 884 3821 Papa
907 3735 1084 3820 eligebant.
1118 3733 1233 3813 Quum
1255 3755 1301 3798 ex
1315 3735 1426 3800 timon

305 3835 453 3900 nondum
477 3834 672 3900 electionem
705 3834 927 3920 publicarent,
958 3833 1096 3900 Romani
1121 3831 1224 3918 aliqui
1255 3851 1317 3916 par
1342 3855 1427 3918 apoc

304 3945 411 3998 turam
437 3956 523 4019 quae
549 3956 606 4018 pro
628 3935 716 3998 vasis
730 3932 948 4018 deportandis
970 3931 1011 3998 de
1027 3929 1183 3996 mandato
1199 3928 1427 4004 cardinalium,

302 4033 392 4096 facta
430 4043 509 4110 erat,
551 4033 688 4116 ingressi
726 4041 812 4113 sunt,
852 4029 1068 4115 exploraturi,
1106 4029 1180 4114 quis
1214 4039 1302 4092 esset
1331 4027 1427 4121 Pap-sl

303 4129 400 4196 Tunc
412 4129 606 4194 Cardinales
621 4128 856 4194 ultramontani
868 4129 1010 4214 correpti
1021 4125 1147 4204 limare,
1165 4147 1205 4190 ne
1216 4126 1244 4188 si
1254 4145 1417 4210 cognosc·

304 4237 403 4308 retur,
429 4229 616 4292 &manum
634 4226 724 4292 haud
740 4249 811 4292 esse
823 4226 977 4306 electum,
992 4226 1134 4310 pessime
1146 4246 1165 4288 a
1177 4220 1302 4309 populo
1316 4233 1426 4288 tractr-
