2858 4834
297 443 348 494 lse
487 452 490 460 ·
529 442 612 496 XXV⁴
635 443 673 496 De
692 459 774 498 omns
792 463 812 498 s.
832 445 949 500 Thomas
968 446 1182 500 Canteturicnsis.

296 587 371 651 dato
397 586 628 652 londoniensis
661 599 689 649 ct
714 587 960 653 Sarisberiensis
990 591 1144 676 episcopi,
1177 615 1306 676 quorum
1336 592 1405 655 alter

294 688 436 750 incentor
459 687 635 750 schismatis
659 697 688 748 et
713 689 808 750 totius
830 687 973 751 malitiae
997 687 1120 773 artiseoe
1143 689 1183 752 ab
1202 689 1295 752 initio
1310 690 1403 774 cliqno·

294 787 393 848 scitur
428 786 595 864 emesenae,
635 797 664 848 et
692 796 756 848 tam
781 783 1054 864 Sarisberiensem,
1089 811 1182 872 quam
1205 810 1310 851 onenes
1341 811 1404 873 qnos

288 887 407 970 poterit,
432 886 466 946 in
490 885 606 946 crimen
629 883 860 946 inobedientiae
885 885 1057 970 impeqisse.
1091 886 1218 962 Nescio,
1242 909 1302 970 quo
1322 896 1404 970 pacto

288 1005 371 1068 pars
395 984 528 1045 Domini
550 1005 671 1068 semper
695 993 850 1045 mactatur
873 984 907 1044 in
931 984 1031 1058 curia,
1056 993 1089 1045 ut
1113 983 1279 1046 Barrabas
1303 983 1405 1048 euadat

294 1093 323 1144 et
351 1077 492 1144 Christus
515 1080 686 1143 occidatur.
734 1079 931 1142 Auctoritate
956 1082 1061 1143 curiae
1079 1085 1151 1170 jam
1173 1081 1313 1164 infimam
1336 1084 1406 1144 sesti

294 1183 373 1244 anni
390 1179 586 1265 proscriptio
610 1189 719 1240 nostro
752 1190 782 1241 et
814 1178 961 1241 ecclesiae
985 1179 1153 1242 calamitas
1170 1190 1337 1264 protracta
1360 1191 1404 1242 est.

297 1279 552 1342 (anclemnautur
586 1277 674 1361 apud
703 1299 756 1338 eos
790 1277 905 1352 miseri,
935 1276 1051 1352 erulos,
1082 1278 1271 1355 innocentes,
1301 1275 1405 1340 neceb

293 1377 394 1450 oliuei,
426 1387 460 1438 ut
485 1399 524 1438 eoo
548 1375 738 1438 conscientia
769 1373 890 1458 loquar,
920 1376 984 1436 nisi
1014 1376 1088 1458 quia
1115 1398 1276 1460 pauperes
1302 1375 1406 1440 Cbristi

293 1488 365 1540 senet
389 1486 418 1538 et
442 1471 619 1554 imbecilles,
645 1484 675 1536 et
698 1497 718 1536 a
734 1475 866 1560 justitio
891 1474 953 1535 Dei
976 1473 1118 1536 recedere
1142 1471 1329 1536 noluerunt:
1362 1473 1404 1533 ab·

293 1569 455 1638 solvuntur
480 1597 494 1635 e
518 1573 642 1656 reqione
656 1572 811 1658 sacrileqi,
837 1583 865 1634 et
881 1572 1068 1650 homicidae,
1093 1582 1250 1656 raptores,
1267 1573 1405 1657 impoeni-

293 1685 400 1750 tentes,
431 1696 514 1757 quos,
541 1670 655 1733 mundo
679 1670 878 1746 reclamante,
903 1695 958 1733 nec
982 1695 1000 1732 a
1026 1670 1128 1744 Petro,
1161 1671 1189 1732 si
1209 1667 1405 1753 praesideret:

292 1772 381 1856 apud
404 1771 504 1833 Deum
528 1768 649 1831 absolvi
666 1789 772 1854 posse,
797 1768 898 1830 libera
922 1790 1003 1846 uoce,
1032 1763 1153 1830 Christo
1177 1778 1313 1842 auctore,
1337 1757 1409 1851 pro·⁸

294 1871 413 1933 einnao.
445 1868 502 1931 Ait
525 1869 607 1930 enim
631 1869 664 1929 in
689 1866 848 1949 eeanqelio
874 1865 1041 1928 secunelum
1066 1867 1202 1928 lucam:
1228 1863 1287 1943 „Si
1304 1887 1404 1950 pecco·

292 1969 371 2030 verit
393 1968 427 2028 in
452 1977 480 2028 te
496 1965 617 2050 frater,
650 1965 779 2049 increpa
803 1961 915 2040 illum;
946 1975 975 2026 et
998 1965 1028 2026 si
1053 1965 1285 2048 paonitentiam
1308 1965 1415 2046 operit.¹

291 2065 412 2128 dimitte
438 2062 522 2126 illi.“
632 2062 795 2146 Numquid
819 2063 921 2124 otiosa
945 2073 1018 2124 sunt
1041 2061 1134 2123 uerba
1162 2059 1281 2124 Christi
1303 2060 1415 2144 quibos

291 2165 356 2225 ait:
379 2160 439 2238 „Si
457 2162 688 2246 poenitentiam
712 2161 854 2245 eqerit?“
876 2211 882 2225 .
902 2209 932 2224 ..
961 2161 1167 2244 Nequaquam
1192 2159 1230 2220 de
1253 2160 1403 2220 otiositate

275 2259 376 2323 'uerbi
399 2259 582 2322 redditurus
605 2268 651 2320 est
673 2259 707 2320 in
731 2258 782 2320 elie
799 2257 918 2346 judicii
942 2259 1107 2330 rationem,
1144 2257 1198 2319 sed
1217 2257 1328 2341 potius
1360 2277 1403 2316 eos

290 2358 510 2434 damnaturus,
541 2358 595 2440 qui
624 2367 735 2418 contra
756 2355 900 2439 sormam
934 2379 1027 2440 quam
1057 2355 1154 2430 dedit,
1191 2356 1314 2438 iniquos
1346 2356 1403 2414 sine

290 2456 484 2541 confessione
502 2466 531 2516 et
541 2455 742 2538 poenitentia
757 2455 848 2516 veinis
865 2452 1114 2516 absolutionibus
1128 2451 1307 2540 justificare
1321 2475 1403 2534 prae

289 2564 425 2629 sumunt,
458 2563 486 2615 et
509 2553 687 2640 justificare
722 2554 846 2615 animos
877 2553 930 2636 qui
963 2574 1023 2613 non
1055 2553 1169 2613 viueent.
1198 2598 1204 2612 .
1232 2601 1238 2613 .
1264 2599 1271 2611 .
1301 2549 1403 2610 Nonne

289 2661 400 2716 nostra
433 2661 489 2713 aut
508 2652 617 2735 potius
648 2648 793 2713 ecclesiae
826 2648 931 2734 spolia
960 2660 1046 2724 sient,
1087 2671 1164 2734 quae
1195 2648 1302 2709 orontii
1332 2647 1405 2728 reqis

293 2746 520 2814 Cardinalibus
550 2757 578 2810 et
610 2745 783 2812 curialibus
807 2748 987 2834 larqiuntur
1020 2760 1049 2810 et
1072 2747 1288 2832 promittant?
1326 2743 1403 2815 Quor

288 2848 442 2933 iniquitas
466 2845 639 2930 manifesta
668 2857 723 2922 est,
748 2847 777 2908 si
800 2845 859 2908 illa
891 2869 970 2931 quoe
994 2847 1029 2908 in.
1053 2843 1214 2906 ecelesiam
1238 2843 1302 2905 Dei
1324 2841 1403 2926 apul

289 2967 345 3009 nos
377 2955 537 3008 emercetur·
569 2943 692 3008 occulta
723 2945 790 3007 est?
838 2945 908 3007 Nos
931 2945 1090 3008 Ecclesiae
1125 2941 1301 3004 libertatem
1331 2939 1404 3001 enen?

216 3107 219 3118 ,
288 3067 351 3107 non
370 3065 550 3130 possumus,
576 3045 651 3127 quia
664 3041 761 3104 Sedes
774 3041 959 3128 Apostolica
980 3041 1246 3127 proscriptionem
1271 3049 1399 3101 nostrum

279 3147 352 3230 jam
375 3145 409 3205 in
423 3143 523 3224 finem
547 3142 630 3204 soscti
653 3141 732 3204 anni
753 3143 926 3226 protrusit.
966 3140 1089 3202 Viderit
1109 3139 1205 3202 Deus.
1231 3146 1258 3197 et
1275 3135 1399 3224 judicet.

288 3240 353 3304 Sed
373 3263 434 3325 pro
459 3261 494 3301 ea
518 3241 599 3302 mori
630 3241 747 3325 parati
784 3261 898 3304 sumus.
957 3237 1128 3324 Iusurqant
1165 3237 1219 3320 qui
1258 3231 1401 3296 noluerint

291 3335 490 3416 Cardinoles,
519 3347 640 3401 arment
667 3360 730 3400 non
753 3336 844 3400 modo
877 3360 976 3422 reqem
1001 3335 1147 3421 Aeeqliae,
1186 3333 1241 3396 sed
1265 3341 1354 3393 tot-un
1377 3327 1402 3388 si

282 3446 418 3520 possunt
441 3434 545 3498 orbem
567 3437 602 3498 in
611 3436 784 3520 perniciem
809 3445 957 3511 nostram,
983 3459 1036 3519 eqo
1054 3433 1121 3496 Deo
1141 3433 1339 3518 propitiante
1354 3449 1400 3489 ner

287 3535 320 3596 in
343 3534 410 3596 uita
433 3556 489 3595 nec
513 3535 547 3596 in
571 3543 667 3595 marte
692 3533 731 3596 ab
746 3531 904 3595 Ecclesiae
911 3531 1071 3614 fidelitate
1086 3531 1240 3594 recedam.
1277 3527 1398 3593 Causam

286 3654 374 3694 suam
407 3632 445 3694 ele
469 3641 591 3694 caetero
623 3632 776 3693 committo
801 3632 879 3708 Dee,
909 3653 970 3716 pro
995 3655 1055 3716 quo
1079 3629 1172 3691 eaelo
1190 3626 1399 3713 proscriptus:

284 3728 342 3792 ille
364 3729 535 3806 medeatur,
560 3740 595 3792 ut
617 3729 704 3792 novit
727 3729 886 3813 capedine.
917 3729 993 3791 Non
1017 3739 1062 3790 est
1087 3727 1161 3789 milei
1183 3723 1315 3788 ulterius
1331 3741 1397 3807 pre·

281 3827 420 3912 positum
443 3827 584 3890 venancii
606 3827 747 3906 curiam;
771 3849 840 3889 eam
864 3826 983 3917 adeant
1006 3825 1060 3911 qui
1078 3823 1270 3910 praevalent
1294 3825 1323 3884 in
1347 3818 1397 3880 ini·

285 3923 459 4010 quitatibus
483 3927 558 4016 suis,
585 3935 614 3986 et
639 3926 831 4010 triumphata
848 3925 981 4014 justitia
997 3936 1027 3987 et
1042 3921 1222 3986 innocent-ia
1237 3919 1415 4004 captivae„

284 4024 319 4084 in
342 4023 559 4108 confusionem
575 4021 734 4086 Ecclesiae
759 4024 891 4086 redeant
923 4023 1065 4106 qloriosi.
1117 4020 1246 4082 Utinam
1270 4019 1319 4082 uio
1343 4015 1394 4076 li·

285 4143 379 4183 mana
403 4143 464 4182 non
489 4123 591 4206 pratis
610 4123 794 4206 peremisset
819 4132 862 4184 tot
887 4122 1015 4184 miseros
1039 4123 1226 4182 innocentes.
1277 4113 1349 4187 Quis
1363 4107 1394 4168 le

284 4229 405 4281 caetero
431 4217 559 4280 aeeclebit
583 4218 636 4281 illi
658 4220 725 4303 reqi
747 4221 903 4296 resistere,
929 4242 1016 4304 quem
1041 4217 1170 4280 ecelesia
1196 4216 1336 4277 Hemone
1358 4217 1395 4268 tot
