2858 4834
395 493 433 546 De
452 493 540 546 luctae
560 494 772 546 continuatione.
1093 487 1144 539 187

55 656 141 699 ‘vn-on
172 639 260 722 repis,
292 649 325 700 nt
360 637 500 718 aedificet
531 650 559 699 et
577 638 713 723 plantet,
745 648 775 699 et
794 633 984 720 praesertim
1007 631 1146 694 eradicet

51 752 71 785 ‚s
89 735 199 806 vallat,
223 739 307 798 omni
331 735 466 798 remedio
491 735 720 821 appellationis
743 733 877 808 sublato,
902 742 932 794 et
949 731 1084 793 manime
1100 729 1145 791 od

58 831 228 896 laidcndam
246 833 462 920 principalem
486 857 563 920 quae
596 835 678 897 inter
714 856 815 920 repam
853 842 882 893 nt
921 851 975 892 nos
1012 829 1145 892 oei-titin-

49 953 161 1008 scruasn,
185 943 213 994 ct
224 955 330 995 omnes
342 931 526 1009 incidentia,
551 933 634 995 omni
658 931 836 1016 suceptioni
852 951 939 992 omne
956 927 993 990 de
1010 938 1142 1005 coetero,

50 1039 71 1086 ...⁴
90 1027 205 1104 dicitur,
236 1031 473 1119 praejudicinm
498 1029 669 1098 attatinos.
695 1079 701 1093 .
729 1082 735 1094 .
762 1078 768 1091 .
799 1026 886 1101 Quae
911 1027 939 1090 si
962 1047 1037 1089 vcra
1061 1035 1144 1101 ment,

49 1143 101 1186 nnn·
118 1127 227 1210 promel
242 1127 338 1190 dubio
355 1125 522 1212 meffocavit
538 1139 568 1191 et
583 1126 796 1212 stranpulaeit
812 1125 955 1188 dominus
975 1125 1065 1210 Papa
1080 1145 1144 1186 non

54 1225 115 1283 solo
138 1249 309 1310 personam
342 1238 491 1305 nostram,
523 1225 578 1289 sed
608 1235 636 1288 et
669 1247 700 1287 se
731 1235 760 1287 et
788 1247 893 1287 omines
916 1221 1144 1285 ecclesiasticas

42 1345 172 1402 ,suessanus
197 1325 483 1410 nte·insque1·e9ni,·
507 1326 568 1386 imo
591 1325 685 1387 etiam
709 1333 870 1407 utramque
895 1321 1055 1384 ecclesiam
1080 1331 1144 1382 tam

47 1419 225 1484 Gallicanam
264 1447 356 1506 quam
394 1415 614 1508 Anplicanam'.
666 1421 752 1494 Quid
790 1422 870 1483 enim
910 1417 1052 1504 enemplo
1088 1419 1144 1480 lioo

42 1519 151 1598 ,missu
187 1544 249 1582 non
273 1519 433 1583 audebunt
460 1523 578 1583 caeter-i
605 1522 769 1606 principes
803 1531 959 1582 terrarum
992 1517 1143 1579 adversus

46 1613 248 1680 aeclesiasticas
266 1618 449 1703 personas?
487 1618 540 1681 Ad
556 1641 643 1704 quem
667 1617 848 1680 secur-rent?
889 1613 1048 1688 Quomodo
1073 1635 1142 1675 con·

46 1711 113 1774 idere
130 1727 283 1800 poterunt
307 1715 345 1778 de
370 1716 670 1792 ecclesiaRomana,
695 1739 773 1801 quae
798 1739 855 1778 nos
875 1736 936 1800 pro
961 1714 1034 1797 ipsa
1057 1721 1143 1773 ston-

44 1824 81 1874 *κη
102 1824 128 1869 rt
150 1837 245 1899 nsque
270 1815 314 1876 ad
338 1815 521 1900 sanquinem
545 1813 739 1877 decertantes
762 1816 810 1876 ita
835 1812 971 1875 desernit
995 1821 1024 1872 et
1048 1808 1142 1870 desti-

40 1910 84 1968 ?uil
87 1949 220 1974 .....
219 1911 239 1975 5
239 1935 348 1976 ecserns
371 1915 413 1975 sit
437 1913 581 1976 dominus
598 1913 700 1998 Papo,
725 1911 807 1996 qscrod
832 1909 922 1973 nsdla
945 1909 1069 1970 ratione
1093 1907 1140 1967 in-

40 2009 167 2072 ‘atinus
192 2023 308 2073 terram
332 2013 413 2096 repis
436 2010 604 2096 litiyntum',
636 2033 689 2072 neo
713 2009 864 2072 stabimus
883 2007 1009 2094 judicio
1034 2009 1137 2072 inimi-

49 2131 119 2168 nrnm
144 2119 320 2171 nostrorum
344 2120 373 2171 et
390 2111 582 2194 praesertim
607 2109 785 2194 Pupiensis,
818 2109 872 2193 qui
896 2130 958 2169 non
981 2109 1049 2170 sitit
1072 2109 1137 2171 nisi

39 2209 195 2286 ›viiepninem
224 2217 374 2284 nostrum,
400 2219 433 2270 nt
457 2207 595 2270 obtineat
620 2207 722 2270 sedem
747 2215 897 2283 nostram,
922 2229 1000 2291 quoe
1024 2229 1143 2283 reveno,

42 2307 256 2390 incoepimus,
290 2307 319 2366 ei
335 2307 496 2391 promissa
521 2317 575 2382 est,
601 2305 766 2368 dnmmodo
790 2328 810 2367 a
834 2303 924 2367 nobis
944 2305 1047 2389 possit
1069 2305 1144 2368 libe-

41 2403 100 2464 ‚nn'.
145 2403 202 2466 Est
227 2413 256 2464 et
282 2401 373 2466 aliud
398 2405 429 2466 in
456 2427 514 2488 quo
537 2427 718 2487 prauumue,
751 2403 826 2488 qsein
851 2403 971 2466 nobiles
995 2403 1057 2465 visi
1081 2414 1145 2465 tam

38 2523 159 2579 proceres
183 2525 278 2586 quom
294 2503 435 2586 episcopi
458 2513 486 2563 et
510 2501 572 2564 alii
590 2498 736 2587 praelati
760 2501 797 2562 de
826 2524 919 2585 repno
937 2501 1143 2579 Francorum,

35 2599 86 2678 “jans
108 2599 199 2682 quasi
221 2599 384 2686 desperati
407 2599 445 2662 de
470 2601 569 2676 nobis,
594 2599 737 2662 calculos
762 2609 894 2676 nostros,
925 2623 1001 2686 quos
1025 2602 1143 2664 miseri·

39 2697 155 2759 corditer
178 2698 409 2775 sustentabunt,
444 2700 532 2762 nobis
556 2702 752 2776 remiserunt,
785 2700 840 2785 qui
854 2701 981 2785 fripore
1005 2711 1035 2762 et
1056 2699 1143 2782 fame

40 2791 64 2844 le
94 2805 210 2859 coetero
237 2795 398 2882 peribunt,
437 2799 517 2860 sicut
541 2809 570 2861 et
593 2799 723 2884 qnidam
739 2803 810 2886 jam
830 2800 1005 2884 perierunt.
1055 2799 1144 2862 Haec

40 2895 124 2954 mnia
148 2892 315 2979 diliqenter
337 2896 463 2959 domino
482 2897 589 2982 Papae
614 2899 753 2974 insinno,
778 2908 812 2960 nt
827 2897 996 2959 remedium
1013 2895 1144 2980 aliquod

39 3001 128 3054 vnn-a
150 2993 224 3055 leaeo
249 2992 335 3056 malo
358 2993 447 3056 nobis
466 2995 646 3080 provideat,
672 2997 751 3058 sicut
769 2996 926 3080 petimus;
949 2995 978 3056 si
993 2996 1069 3080 quid
1084 2995 1145 3058 zeli

40 3085 87 3148 ou·
108 3091 138 3150 in
162 3113 196 3153 co
221 3093 380 3170 remansit,
414 3093 497 3176 quod
527 3093 628 3154 adino
656 3116 828 3178 speramus,
860 3103 890 3154 et
922 3093 1043 3155 utinam
1073 3115 1144 3178 spes

42 3207 86 3244 un
108 3187 332 3272 cssnsssndatnr.
341 3188 365 3274 ¹)
412 3189 622 3273 Exaggerats
648 3212 689 3253 ex
714 3201 807 3274 parte
831 3200 925 3253 erant
949 3211 1033 3274 quas
1057 3189 1142 3253 Tho-

41 3301 97 3344 mas
120 3284 218 3348 relatu
247 3286 386 3352 fuscant.
435 3286 601 3352 Willelmo
633 3290 720 3372 regis
750 3289 857 3352 amico
884 3288 1045 3372 junxerat
1068 3287 1141 3351 Als-

41 3381 149 3444 iandci
171 3382 326 3448 Ottonem
352 3384 573 3468 Cardinalem,
607 3385 786 3471 providens
811 3387 891 3449 sutis
915 3408 1034 3450 causae
1057 3385 1141 3450 Tho·

42 3497 106 3556 mas,
129 3505 165 3544 sc
190 3483 287 3546 simul
310 3506 456 3569 sperans,
488 3483 697 3548 Willelmum
733 3483 774 3547 ob
800 3485 885 3568 regis
910 3484 1056 3547 livorem
1083 3485 1143 3546 uti·

42 3573 89 3638 lem
111 3579 175 3642 fore
198 3581 240 3645 ad
266 3603 380 3666 pacem
405 3582 654 3647 restituendam.

113 3735 163 3796 34.
209 3733 329 3797 Acrius
353 3735 452 3798 etiem
478 3756 502 3797 s,
527 3734 673 3798 Thomas
698 3737 918 3820 conqueritur,
944 3755 1045 3819 quum
1063 3732 1314 3824 Ale-sussum·

44 3827 150 3892 render
173 3829 220 3894 ΙΙΙ
245 3829 431 3895 Gilbcrtum
458 3831 705 3896 Londinensem
731 3834 921 3917 episcopum
956 3854 975 3895 s
1010 3831 1139 3896 Thoma
1185 3812 1274 3855 'must'

44 3931 342 3992 ⁹icommunicstum
358 3917 563 4011 absolvisset,
590 3932 623 3994 in
641 3930 779 4015 epistola
795 3930 837 3994 sd
855 3929 1029 3994 Albertum
1054 3952 1139 4015 pres-

45 4017 171 4100 byterum
197 4026 419 4091 Cardinulem.
469 4027 573 4091 Saluti
597 4041 680 4106 ssent,
706 4028 830 4095 scribit.
856 4028 1030 4115 apostolico
1054 4053 1140 4093 man-

102 4283 108 4310 ¹
137 4283 215 4346 Gilcs,
233 4285 280 4352 Ep.
302 4293 314 4337 t
342 4286 362 4337 1.
383 4302 423 4352 ep.
443 4287 486 4342 90.
