2836 4848
232 465 270 519 De
289 466 439 520 §centiens
459 466 639 536 chmatr'ca
657 483 678 522 e.
696 467 827 522 Lndorici
845 467 893 522 IX.
1073 467 1127 522 437

36 607 230 672 invalescente
263 608 383 672 hiemis
413 611 589 694 asperitate
622 619 654 674 et
684 633 836 675 annonae
867 611 1016 696 penuria,
1049 631 1126 674 cnm

34 709 160 791 principe
184 707 352 771 Tunetano
378 707 542 786 decennes
565 707 719 773 inducias
743 717 1008 793 composuerunt,
1041 709 1127 772 inter

34 804 81 866 alia
101 803 296 890 stipulantes
321 813 358 867 ut
375 803 554 869 Christiani
580 809 704 892 captivi
728 807 873 872 libertati
898 805 1125 886 redderentur,

34 921 55 964 ct
73 901 178 986 religio
193 901 371 966 christiana
394 904 429 967 in
444 911 510 968 toto
527 927 628 989 regno
652 904 756 970 libere
777 903 963 990 praedicari
989 911 1021 966 et
1037 925 1127 966 exer·

33 1001 81 1062 ceri
111 1009 226 1085 posset
249 1039 291 1048 —
322 1000 516 1066 Ludovicus
540 1003 591 1066 IX
622 1026 642 1066 a
672 1003 844 1067 Bonifacio
868 1001 953 1065 VIII
985 1025 1015 1067 a.
1042 1001 1127 1066 1298

33 1101 56 1160 in
76 1097 253 1181 catalogum
276 1097 473 1162 Sanctorum
498 1098 619 1164 relatus
643 1111 701 1164 est.

4 1275 5 1290 χ
101 1197 151 1259 titt.
197 1195 410 1281 Disceptatur
441 1198 527 1260 inter
558 1198 703 1261 eruditos
736 1199 856 1261 acriter
888 1197 929 1262 de
958 1196 1128 1261 Sanctione
1159 1197 1283 1300 5⁸²2&

4 1333 5 1368 n
27 1295 203 1378 pragmatico
236 1317 262 1357 s.
290 1293 474 1376 Ludovici,
505 1297 799 1381 quaestionemque
830 1295 871 1359 de
901 1295 1000 1382 hujus
1031 1272 1157 1358 decu-⁹
1185 1271 1221 1310 μ’
1285 1289 1290 1298 '

4 1391 5 1396 ’
32 1393 111 1452 nenti
134 1393 339 1473 genuInitate
363 1391 520 1456 hocloco
546 1392 710 1457 discutere
734 1395 901 1477 convenit,
926 1415 1028 1480 quum
1043 1394 1130 1456 inter

30 1493 177 1570 graviores
199 1489 355 1554 historiae
389 1489 632 1555 ecclesiasticae
662 1494 902 1556 controversias
933 1491 1050 1556 eadem
1082 1513 1129 1554 re-

32 1599 190 1652 censeatur.
215 1587 472 1666 Documentum,
498 1588 539 1652 de
563 1611 627 1674 quo
644 1591 784 1673 agimus,
810 1591 843 1652 in
860 1589 1031 1654 codicibus
1055 1609 1129 1652 eam

30 1684 202 1770 plenumque
232 1685 334 1749 babet
363 1689 631 1774 inscriptionem}
670 1685 799 1751 Sanctio
822 1689 1027 1774 praematica
1059 1697 1130 1750 tem-

29 1807 87 1866 pore
109 1786 211 1846 sancti
226 1783 378 1848 Ludouici
400 1787 482 1871 repis
498 1786 658 1848 Francius
682 1785 777 1849 edita.
815 1783 1003 1870 Appellatio
1018 1794 1131 1848 tamen

31 1882 171 1963 ejusmodi
196 1892 246 1944 sat
269 1883 354 1945 serio
379 1881 516 1946 inducta
540 1893 597 1963 est,
632 1884 842 1968 primumque
867 1884 1011 1945 occurrit
1041 1902 1129 1944 anno

33 1982 95 2042 lton
113 1983 147 2043 in
160 1980 382 2067 appellatione
399 1961 510 2066 siliqua
524 1980 758 2044 Universitatis
771 1981 976 2045 Parisiensis.
1001 1979 1130 2043 Nomen

31 2078 142 2141 ridetur
172 2079 385 2164 desumptum
416 2101 435 2141 a
467 2077 646 2144 Sanctione
678 2081 893 2163 pragmatica,
927 2099 1011 2164 quae
1042 2100 1129 2141 anno

34 2178 98 2239 ntes
122 2178 155 2240 in
181 2189 349 2241 conventu
367 2176 572 2240 ⁴Bituricensi
597 2175 770 2260 (Bourges)
794 2177 837 2240 ad
861 2199 913 2241 res
937 2176 1131 2240 ecclesiasti-

30 2275 290 2339 reordinandos
314 2274 404 2338 edita
427 2273 503 2356 fuit,
536 2273 578 2338 ob
603 2274 852 2338 similitudinem
883 2276 1052 2360 utriusque
1077 2273 1131 2338 do·

30 2375 195 2455 sumenti.¹)

100 2469 150 2535 61.
181 2468 316 2534 Sanctio
341 2479 451 2534 arrtem
476 2470 558 2534 haec
581 2473 787 2555 pragmatica
810 2495 834 2537 s.
860 2471 1025 2535 Ludovici
1050 2471 1131 2557 ejus·

32 2567 189 2632 nonlicet:
223 2568 401 2632 Ludovicus
427 2569 491 2633 Dei
518 2571 626 2656 pratia
649 2570 843 2633 Francorum
874 2591 933 2633 rea
957 2569 1001 2632 ad
1020 2593 1132 2655 perpe-

31 2673 95 2725 tnnn
116 2669 165 2728 rai
186 2668 378 2730 memoriam.
403 2703 446 2713 —
470 2667 533 2731 Pro
557 2665 679 2732 salubri
707 2693 744 2730 ac
773 2666 945 2754 tranquillo
975 2679 1060 2732 statu
1089 2691 1133 2731 ec-

30 2759 121 2825 clisiae
152 2765 245 2849 nepai
273 2765 384 2844 nostri,
416 2787 536 2828 necnon
561 2789 624 2850 pro
655 2766 759 2828 diuini
781 2763 883 2830 cultus
915 2777 1079 2852 acymento
1104 2777 1134 2830 et

33 2859 132 2924 t'luisti
148 2860 295 2946 fidelium
318 2864 496 2925 animarum
517 2861 629 2941 salute,
653 2874 745 2948 utque
759 2865 897 2949 qratiam
921 2874 951 2926 ct
974 2864 1133 2928 auxilium

30 2960 232 3044 snnnnipatcntis
254 2961 328 3038 Des',
353 2965 441 3050 cujus
464 2961 525 3024 soli
547 2962 665 3024 ditioni
688 2972 778 3046 atque
794 2963 983 3046 protectioni
1005 2986 1134 3049 repetam

29 3067 146 3120 sinistram
170 3080 293 3144 semper·
316 3057 485 3146 subjectum
508 3061 630 3122 sustitit
652 3070 681 3121 et
703 3083 786 3123 nnnnc
809 3059 1038 3142 essevolumus,
1064 3085 1133 3125 con-

30 3159 98 3237 spui
119 3155 291 3234 caleamus,
319 3179 398 3240 quoe
422 3167 592 3242 sequuntur
619 3159 674 3220 lsoc
697 3158 797 3220 edicto
828 3156 1067 3242 consultissimo,
1099 3161 1133 3222 in

24 3265 194 3336 perpetuam
217 3251 367 3333 valituro,
391 3257 559 3319 statuimus
583 3267 612 3318 et
635 3255 829 3320 ordinamus.

100 3351 123 3414 I.
153 3352 195 3416 Ut
219 3350 421 3415 ecclesiarum
442 3353 533 3438 repni
555 3355 658 3417 nostri
677 3353 829 3438 praelati,
848 3355 985 3440 patroni
1003 3366 1033 3417 et
1047 3354 1134 3417 bene·

23 3447 146 3526 ,bianum
169 3449 340 3513 collatores
368 3449 529 3513 ordinarii
550 3455 608 3540 jas
631 3473 719 3514 suum
742 3451 893 3537 plenarie
923 3451 1072 3532 babeant,
1105 3465 1136 3516 et

33 3547 173 3632 unicuique
190 3547 378 3635 jumsdt'ctio
402 3547 505 3611 debite
527 3560 677 3613 seruetur.

102 3647 141 3709 ΙΙ.
178 3646 258 3708 Item
282 3645 429 3710 ccclesiae
452 3645 650 3709 cathedrales
673 3657 703 3709 et
726 3646 812 3710 aliae
835 3648 925 3734 requi
947 3645 1134 3711 nostrils'be-

33 3763 72 3804 ms
91 3741 254 3808 electiones
277 3753 438 3807 eteorum
461 3744 601 3831 effectum
624 3743 822 3831 intepraliter
845 3744 989 3808 babeant.

52 3923 57 3926 ·
72 3925 225 3934 ---—--·-·—

92 4015 107 4074 Ι)
124 4009 205 4078 Apud
222 4009 358 4062 Romsms
376 4012 486 4063 sarsctio
502 4013 681 4080 properatim
700 4009 840 4064 dicebatur
858 4009 999 4076 dispositio
1017 4011 1136 4078 Impera-

36 4097 104 4143 urnn
119 4089 207 4158 quaed
226 4105 269 4142 res
288 4089 408 4156 publicas
427 4091 571 4146 civitatum
595 4097 624 4144 et
648 4090 846 4159 provinciarum
872 4091 954 4144 edite.
992 4091 1025 4144 In
1044 4090 1137 4145 Gallia

36 4181 58 4218 rs
73 4173 166 4226 nomine
186 4169 396 4240 significabatur
420 4172 463 4225 lex
482 4173 570 4238 quoad
589 4173 702 4240 negotis.
725 4170 914 4234 ecclesiastica,
934 4171 1135 4224 consulentibus

36 4250 150 4320 episcopis,
168 4269 185 4306 a
206 4265 272 4318 rege
292 4251 396 4304 emissa.
