2844 4840
294 435 330 490 90
508 436 610 490 XXXI
630 436 670 490 De
688 435 835 492 abolitione
853 436 962 492 Ordinis
980 437 1202 506 Templariornm.

295 591 360 642 tom
382 591 533 664 quantum
557 581 601 644 ud
624 581 808 658 Eccksiam,
840 605 932 666 wem
956 583 1051 646 etiam
1082 582 1255 668 adrepens,
1284 605 1421 668 reponant¹

295 689 324 740 et
340 676 515 762 ropoicolas
531 679 678 763 superius
693 681 912 759 ammom)
945 678 1046 743 Hisce
1062 701 1141 744 vero
1159 678 1306 744 Clemens
1323 679 1403 743 illam

296 773 574 840 Constitutionem
584 799 656 858 nec,
670 778 717 839 uti
726 775 840 840 scribit
850 776 1218 860 NatalisAlexander,²)
1231 779 1402 862 abrogavit.
1420 837 1421 860 ,

203 957 209 966 .
244 939 270 966 u·
296 895 357 938 neo
382 895 454 938 eam
479 873 695 952 modificavit,
729 885 765 938 ut
788 873 870 938 dicit
892 875 1026 956 Tosti.⁸)
1073 873 1139 940 Sed
1163 897 1264 962 quum
1286 874 1421 940 Consti-¹

294 973 377 1034 tutio
402 969 458 1036 illa
486 971 589 1036 Unam
612 983 753 1036 coactam
776 983 922 1059 exponat
937 974 1107 1060 principia
1130 976 1321 1056 certissima,
1345 975 1421 1059 qui}

293 1067 370 1133 dam
404 1079 515 1134 autem
551 1070 666 1135 odiosa
689 1082 721 1134 et
743 1070 825 1135 falsa
861 1072 1130 1156 interpretatione
1168 1071 1421 1156 contenderent}

293 1167 497 1232 Bonifatium
529 1167 674 1233 voluisse
704 1191 843 1252 regnum
867 1169 1066 1234 Francicum
1100 1193 1171 1235 esse
1192 1171 1329 1236 feudum
1353 1169 1403 1232 Ec·

292 1264 411 1329 clasiae
442 1267 626 1331 Romanae:
663 1264 816 1330 Clemens
846 1267 1008 1352 ejusmodi
1041 1267 1142 1332 falsas
1176 1269 1404 1354 applicationes

291 1363 416 1449 rejecit,
448 1375 481 1428 et
504 1365 698 1446 declaravit,
722 1375 844 1429 statum
867 1387 977 1430 rerum
1001 1368 1057 1452 qui
1082 1367 1144 1431 sub
1168 1367 1303 1452 regibus
1327 1378 1403 1429 ante·

291 1461 488 1528 cedentibus
511 1462 714 1544 obtinuerat,
747 1485 806 1548 per
829 1465 926 1528 istam
951 1461 1228 1529 Constitutionem
1253 1485 1405 1530 noneste

292 1571 466 1626 mutatum.
512 1561 553 1626 Id
586 1561 721 1648 quidem
753 1585 811 1648 per
841 1585 876 1626 se
907 1563 1088 1645 constabat,
1121 1574 1152 1628 et
1182 1565 1217 1626 in
1248 1559 1404 1626 Decretali

293 1660 393 1723 Novit
423 1660 540 1724 eadem
564 1663 730 1746 principia
749 1662 821 1747 jam
845 1665 996 1747 exposita
1027 1673 1129 1728 erant.
1176 1661 1338 1726 Attamen
1360 1682 1404 1743 op·

291 1766 471 1842 portunum
495 1760 625 1823 censuit
647 1759 813 1842 Pontifex,
848 1759 910 1824 hoc
934 1761 1031 1825 modo
1065 1759 1198 1846 aliquod
1228 1760 1300 1842 regi
1326 1780 1403 1843 prae·

290 1865 376 1920 stare
408 1855 604 1942 obsequium
638 1868 671 1921 et
701 1856 936 1923 malevolorum
969 1858 1144 1924 calumniis
1168 1857 1348 1922 obviare.⁴¹
1370 1893 1404 1900 -

291 1953 445 2019 Clemens
475 1957 591 2036 etiam,
627 1956 730 2020 nimia
762 1955 982 2040 indulgentia,
1019 1959 1053 2021 in
1086 1979 1124 2021 eo
1158 1977 1285 2020 morem
1317 1955 1405 2038 gessit

289 2052 455 2139 Philippo,
480 2054 569 2140 quod
590 2055 625 2119 iu
641 2053 792 2138 pluribus
808 2055 954 2140 epistolis
969 2055 1139 2134 Bonifatii,
1163 2076 1201 2118 ac
1218 2055 1404 2139 praesertim

292 2150 405 2215 invilla
430 2152 584 2216 Atucolta
602 2152 664 2236 fiii,
689 2151 761 2216 radi
785 2152 864 2216 fecit
888 2155 919 2217 in
945 2150 1189 2237 exemplaribus
1212 2150 1405 2215 arithenticis

290 2263 493 2332 regestorum
531 2249 684 2314 Archivii
723 2272 776 2332 ea,
815 2273 899 2336 quae
938 2272 1048 2335 regem
1088 2249 1269 2335 superbum
1312 2249 1405 2332 magis

289 2345 525 2432 pungebant.⁶)
572 2347 743 2412 Restitisse
774 2359 885 2414 autem
908 2349 1102 2414 Pontificem
1126 2349 1206 2434 regi,
1231 2369 1339 2433 quum
1362 2367 1404 2432 po·

290 2444 426 2508 stularet
448 2445 607 2510 Bonifatii
633 2446 952 2528 condemnationem,
976 2449 1127 2533 superius
1150 2446 1313 2512 vidimus.

294 2643 502 2651 -—

365 2767 384 2834 ¹)
404 2765 432 2819 C.
452 2767 468 2819 2
486 2766 590 2820 Metuit
608 2766 637 2819 L.
658 2766 691 2821 V.
712 2767 756 2823 tit.
776 2769 790 2818 7
812 2767 844 2821 de
862 2767 950 2834 privil.
971 2767 999 2822 in
1017 2767 1188 2836 Extravagg.
1207 2782 1277 2821 com.

363 2872 384 2936 ²)
404 2872 476 2928 Hist.
496 2873 567 2928 Eccl.
587 2879 607 2926 t.
627 2872 686 2926 XV.
706 2887 762 2940 cap.
783 2873 819 2927 ΙΙ.
839 2889 855 2926 a
882 2873 917 2929 II.

362 2969 385 3040 8)
405 2971 474 3026 Stor.
494 2971 521 3025 di
542 2970 630 3024 Bonif.
651 2970 727 3024 VIII.
760 2971 819 3026 Vol.
839 2971 875 3026 II.
895 2986 920 3039 p.
940 2971 1000 3025 235.

361 3071 384 3136 ⁴)
404 3069 494 3123 Minus
513 3075 639 3123 accurate
659 3069 742 3123 etiam
762 3069 903 3138 Crietophe
921 3069 939 3126 l.
959 3086 979 3125 c.
1000 3069 1029 3123 T.
1049 3070 1063 3122 Ι
1091 3085 1117 3136 p.
1138 3069 1203 3122 190:
1225 3068 1367 3134 „clement
1385 3069 1403 3116 i'

287 3149 377 3203 donna
396 3149 431 3203 du
450 3165 511 3204 sens
530 3149 563 3203 de
582 3157 654 3204 cette
673 3149 807 3204 decretale
826 3166 878 3204 nac
897 3149 1059 3218 explicatIon
1078 3149 1219 3204 tellement
1238 3149 1329 3220 large
1355 3167 1402 3218 qua

288 3229 330 3284 vis
348 3230 366 3282 d
384 3230 425 3283 vis
453 3229 486 3284 de
514 3230 540 3282 la
559 3230 668 3292 Franco,
698 3237 771 3284 cette
799 3230 961 3299 explicatiou
989 3229 1137 3296 equivalait
1159 3233 1176 3282 b
1195 3245 1249 3286 nne
1280 3231 1403 3288 veritable

287 3310 468 3366 revocaticn.“
479 3311 581 3375 -Imo,
593 3309 740 3365 Clementis
750 3310 896 3364 declaratio
906 3309 1039 3380 prinpria
1048 3308 1163 3364 inBulla
1176 3311 1265 3364 Unam
1285 3321 1400 3367 naaman

287 3389 434 3444 enunciata
459 3406 508 3444 nec
535 3391 622 3457 quoad
642 3391 758 3445 Galliam
784 3391 916 3455 mutabat,
944 3391 989 3444 sed
1008 3399 1114 3444 tantum
1132 3391 1287 3450 statuebat
1318 3410 1401 3447 noran

287 3486 376 3524 rerum
401 3470 581 3524 conditionem
606 3472 669 3526 inde
693 3487 746 3525 non
772 3471 931 3526 diinanasse.
968 3470 1008 3524 Ad
1027 3485 1081 3524 rem
1106 3471 1227 3537 apprime
1253 3473 1280 3526 cl
1310 3467 1421 3528 Bolani

289 3551 445 3614 „Clemente
464 3566 517 3605 non
536 3551 616 3616 aboli,
636 3567 689 3604 non
708 3553 784 3614 tolse,
804 3566 877 3606 come
895 3552 1127 3620 ignorantemente
1145 3567 1161 3604 o
1179 3551 1401 3608 malizioaamente
1420 3523 1421 3616 i

287 3630 310 3682 si
329 3631 424 3684 scrisse
442 3630 477 3684 da
495 3631 591 3685 alcuna
611 3631 637 3684 la
655 3631 732 3685 Bolia
755 3633 843 3686 Ursum
863 3632 995 3686 Saloatum
1022 3630 1049 3684 di
1068 3629 1217 3685 Bonifatio.
1250 3632 1324 3686 bolla
1347 3635 1400 3698 dop-
1420 3623 1421 3712 i

287 3710 387 3764 metica
414 3711 462 3764 che
484 3712 609 3766 cantiene
635 3711 759 3766 dottrina
782 3711 990 3780 perfettamente
1012 3709 1177 3764 confermata
1203 3711 1281 3766 dalla
1301 3714 1400 3768 chiesa:

287 3806 331 3843 ma
349 3807 366 3844 a
384 3791 527 3858 pacificare
545 3791 563 3844 il
584 3791 665 3856 Bello,
685 3793 792 3846 decretd
812 3792 860 3846 cine
879 3791 904 3845 le
922 3791 1048 3846 relationi
1068 3791 1109 3844 fra
1128 3790 1228 3844 Ohiesa
1248 3808 1264 3846 e
1283 3793 1360 3849 State
1378 3809 1398 3846 n

286 3870 403 3924 Francia
421 3871 604 3926 resterebbero
630 3873 704 3940 quali
727 3886 809 3926 erano
828 3872 959 3940 primarii
979 3871 1066 3938 quella
1084 3871 1139 3924 cioe
1167 3871 1193 3924 ai
1214 3875 1302 3942 tempi
1321 3875 1345 3927 di
1364 3873 1398 3925 In·
1420 3875 1421 3924 i

286 3967 402 4004 uocenzo
421 3951 472 4010 111,
492 3954 513 4005 il
532 3953 578 4005 cbe
597 3969 644 4006 cru
665 3969 738 4006 coriae
757 3971 796 4006 tais
816 3955 932 4022 ripctere
950 3959 1052 4021 quintio
1073 3952 1163 4005 colera
1183 3952 1209 4004 lu
1225 3953 1300 4008 bolla
1314 3955 1397 4006 ‹adi-iti
1420 3939 1421 4022 i

286 4032 335 4084 dol
355 4033 458 4084 Bello.“
497 4032 588 4086 Storitt
606 4032 717 4088 ‹i'ltalia
734 4033 766 4088 L.
786 4033 887 4088 XXIX.
908 4049 934 4090 n.
953 4033 998 4087 lV.
1420 4023 1421 4100 i

358 4145 381 4216 ⁵)
400 4147 470 4202 Vide
488 4148 677 4202 documentum
697 4149 797 4204 notarii
816 4149 933 4204 Oddoais
951 4147 984 4202 de
1001 4147 1128 4202 Sermieto
1155 4145 1206 4202 bac
1233 4149 1267 4203 de
1291 4165 1320 4203 re
1338 4149 1397 4218 apid

286 4223 363 4278 Tosti
382 4225 441 4282 Vol.
461 4227 497 4283 II.
518 4228 713 4283 Documentum
733 4229 867 4285 ultimum.
1420 4229 1421 4303 i
