3000 4838
302 449 338 502 34
497 447 601 506 XXIII.
619 449 661 504 Ds
678 455 755 504 statu
773 450 874 506 ficales.
892 448 976 516 priori
994 449 1081 504 medIo
1099 465 1169 506 saec
1187 449 1248 504 XII.

303 595 401 658 matis
425 593 557 657 conficti
582 602 644 676 est,
676 601 713 657 ut
735 592 889 658 Pontifici
914 594 1115 678 suprematia
1138 592 1277 658 dominii
1301 615 1425 657 assera·

302 692 413 755 turin
438 699 543 754 totum
568 689 797 756 Occidentem.
845 690 893 754 Εο
931 692 1031 754 etiam
1069 689 1212 754 tendunt
1247 689 1424 777 privilegia

303 787 412 873 quoad
435 787 576 853 honores
599 798 808 854 stornatum
832 789 895 873 ipsi
920 799 953 853 et
977 787 1062 852 clero
1082 789 1232 852 Romano
1256 809 1423 874 concessa,

303 896 339 950 ut
371 885 541 972 majestate
571 885 734 972 imperiali
764 886 922 951 Pontifex
954 885 1188 950 circumdetur.
1234 887 1312 952 Jam
1345 907 1424 950 vero

301 983 426 1048 Romae
456 983 634 1048 Pontifices
662 983 802 1049 saeculis
832 993 949 1049 octavo
983 994 1016 1048 et
1049 1004 1136 1048 nono
1165 1006 1206 1048 ne
1230 984 1264 1049 id
1288 983 1425 1070 quidem

257 1119 260 1126 ·
302 1079 482 1145 tendentiis
505 1081 572 1145 suis
594 1083 760 1166 prosecuti
778 1091 864 1162 sunt,
888 1091 925 1144 ut
941 1091 1043 1145 totam
1058 1081 1188 1146 ltaliam
1203 1081 1424 1146 dominationi

302 1199 381 1242 suae
412 1177 567 1263 politicae
602 1176 823 1264 subjicerent;
864 1178 966 1242 multo
995 1181 1105 1242 minus
1134 1201 1212 1244 vero
1245 1183 1425 1266 primatum

301 1274 474 1361 politicum
497 1277 599 1340 totius
622 1275 814 1342 Occidentis
838 1279 1009 1364 acquirere
1034 1276 1289 1342 contendebant.
1325 1275 1425 1341 Unde

302 1375 402 1437 etiam
427 1395 470 1436 ex
493 1371 556 1437 hac
579 1377 706 1440 ratione
729 1379 872 1462 supponi
890 1379 1014 1463 nequit,
1038 1377 1163 1440 Romae
1178 1376 1324 1462 diploma
1341 1373 1426 1440 illud

302 1493 341 1536 ea
356 1479 464 1536 aetate
480 1471 659 1538 confictum
675 1473 819 1562 fuisse.¹)
837 1513 877 1522 -
894 1474 1063 1539 Immerito
1080 1475 1278 1561 supponitur
1291 1475 1426 1537 univer-

302 1570 374 1650 sim,
405 1577 532 1632 tantam
562 1570 664 1635 fuisse
694 1571 784 1656 apud
814 1594 959 1637 summos
982 1571 1161 1637 Pontifices
1185 1581 1243 1636 aut
1255 1570 1426 1635 Ecclesiae

302 1688 454 1753 proceres
476 1666 679 1734 tendentium
705 1671 748 1734 ad
772 1670 1043 1756 amplificandam
1067 1671 1297 1738 auctoritatem
1320 1677 1353 1732 et
1368 1690 1426 1754 po-

302 1766 450 1848 tentiam,
475 1773 511 1829 ut
534 1765 568 1830 id
592 1789 652 1852 per
674 1767 723 1832 fas
747 1777 779 1832 et
795 1767 898 1850 nefas,
924 1768 1073 1833 confictis
1087 1769 1187 1832 etiam
1205 1768 1425 1846 documentis,

180 1884 183 1891 ·
302 1863 432 1948 assequi
470 1862 650 1932 studerent.
708 1865 859 1931 Profecto
897 1865 1075 1931 Pontifices
1121 1865 1243 1951 aliique
1283 1885 1426 1947 magnae

303 1959 474 2044 dignitatis
505 1960 719 2027 ecclesiastici
749 1964 812 2027 viri
837 1964 977 2029 Romani
1009 1963 1136 2028 fraudis
1165 1973 1199 2026 et
1232 1961 1427 2026 ambitionis

301 2057 418 2122 foedae
449 2059 698 2143 insimulantur,
737 2061 816 2125 dum
849 2061 1058 2126 documentis
1093 2059 1255 2146 ejusmodi
1291 2060 1338 2122 uti
1375 2068 1428 2122 est

303 2153 512 2220 Constantini
543 2157 674 2222 donatio
698 2161 788 2243 origo
812 2160 963 2224 Romana
994 2158 1196 2223 attribuitur.
1243 2155 1309 2221 Sed
1341 2154 1427 2220 tales

303 2254 506 2339 dignissimis
529 2253 747 2322 Pontificibus
782 2257 961 2322 attribuere
993 2267 1130 2321 conatus
1165 2276 1205 2320 ac
1235 2252 1427 2318 tendentias

301 2353 497 2437 injuriosum
522 2362 580 2435 est,
606 2375 668 2418 nec
691 2355 814 2419 adsunt
837 2355 972 2436 motiva,
997 2376 1057 2418 cur
1080 2353 1136 2417 alii
1152 2353 1216 2416 viri
1240 2353 1428 2416 eminentes

302 2451 335 2513 in
365 2450 504 2514 ecclesia
527 2451 677 2516 Romana
701 2451 863 2538 ejusmodi
892 2451 1047 2516 fraudum
1077 2459 1268 2536 arguantur.
1315 2447 1428 2534 Scrip-

301 2555 387 2612 tores
409 2557 520 2612 tamen
545 2546 592 2611 illi
617 2550 673 2634 qui
697 2551 792 2635 proni
816 2559 902 2631 sunt,
928 2560 964 2614 ut
979 2549 1137 2614 Romanis
1159 2547 1428 2634 suppositionum

304 2644 437 2709 fraudes
461 2646 570 2730 quoad
595 2645 794 2711 documenta
818 2647 874 2711 illa
897 2648 1018 2710 summi
1043 2647 1200 2711 momenti
1221 2644 1429 2728 adscribant,

304 2742 425 2807 talibus
448 2743 664 2829 praejudiciis
687 2747 791 2808 teneri
815 2745 938 2830 passim
963 2745 1130 2810 videntur.

145 2881 246 2922 nonno
260 2881 286 2922 in
391 2868 446 2932 42.
495 2865 669 2932 Caeterum
706 2870 848 2952 seposita
882 2868 1032 2933 Romana
1069 2871 1210 2953 origine,
1250 2865 1340 2931 haud
1379 2869 1431 2931 ita

142 2942 284 3046 ww*
305 2965 439 3030 difficile
473 2965 608 3029 videtur
637 2966 866 3048 determinare,
898 2965 956 3030 ubi
987 2968 1136 3053 spurium
1167 2965 1248 3030 illud
1277 2964 1431 3050 diploma

303 3063 491 3128 donationis
508 3060 719 3128 Constantini
743 3073 850 3127 ortum
872 3086 968 3128 suum
993 3064 1155 3130 habuerit.
1188 3063 1318 3128 Indicia
1334 3065 1430 3128 enim

301 3163 499 3247 gravissima
522 3161 643 3224 adsunt
666 3183 709 3224 ex
732 3160 853 3247 quibus
877 3160 1051 3246 colligitur,
1086 3161 1178 3242 illud,
1215 3163 1262 3224 uti
1286 3160 1430 3246 pseudo-

302 3258 482 3324 decretales
505 3258 640 3338 Isidori,
674 3259 706 3322 in
733 3257 841 3323 Gallia
875 3261 1093 3344 compositum
1117 3259 1228 3323 fuisse.
1275 3259 1431 3322 Maxima

301 3379 378 3443 pars
402 3356 554 3420 codicum
579 3358 879 3442 manuscriptorum
903 3367 935 3422 ot
958 3357 1093 3442 quidem
1114 3358 1244 3422 codices
1267 3357 1431 3442 antiquis·

302 3458 389 3536 simi,
413 3457 448 3519 in
473 3456 593 3541 quibus
618 3454 828 3520 Constantini
861 3455 994 3519 donatio
1019 3457 1216 3538 continetur,
1248 3475 1291 3518 ex
1313 3452 1431 3518 Gallia

302 3553 433 3619 oriundi
463 3565 548 3619 sunt.
604 3553 657 3618 Ab
692 3553 883 3618 auctoribus
914 3553 1019 3622 Gallis
1050 3576 1146 3639 porro
1178 3553 1242 3618 hoc
1277 3551 1431 3637 diploma

302 3653 447 3738 primum
471 3649 564 3715 brevi
589 3661 663 3737 post
686 3650 833 3715 medium
857 3650 1025 3715 saeculum
1050 3674 1173 3715 nonum
1190 3671 1430 3714 commemora-

302 3761 373 3832 tur3
407 3748 553 3813 vidimus
587 3750 685 3832 enim,
718 3748 870 3813 Adonem
895 3748 1131 3832 Viennensem,
1162 3747 1310 3813 Aeneam
1334 3749 1430 3813 Pari-

302 3849 454 3929 siensem,
480 3857 512 3912 ot
534 3847 755 3912 Hincmarum
772 3847 991 3912 Rhemeneem
1016 3845 1103 3911 illius
1127 3847 1310 3911 donationis
1335 3867 1428 3911 men-

301 3947 425 4010 tionem
449 3944 568 4009 facere.
615 3944 748 4009 Deinde
771 3944 834 4009 hoc
859 3943 1104 4027 documentum,
1141 3965 1219 4008 mox
1253 3955 1429 4030 receptum

316 4255 319 4260 ι
376 4220 396 4287 ¹)
415 4216 521 4273 liotiva
541 4216 627 4271 allata
646 4217 708 4272 vide
726 4215 813 4270 fusius
832 4217 943 4272 evoluta
961 4233 1005 4286 ap.
1025 4217 1143 4274 Grauert
1161 4217 1179 4276 Ι.
1199 4235 1221 4274 o.
1240 4219 1288 4275 IV.
1314 4249 1320 4268 ι
