2814 4848
281 460 335 514 360
442 457 557 514 XXVIL
576 458 618 513 De
635 457 738 513 haeres.
757 458 925 526 repressione
944 473 975 512 uc
993 458 1027 512 de
1045 458 1242 513 Decretalibus.

283 605 358 669 siae.
406 604 458 667 Eu
478 613 572 688 parte
596 601 720 686 quidem
742 602 884 688 ipsorum
908 612 954 666 est
970 612 1147 688 peccatum,
1166 626 1229 689 per
1243 603 1323 688 quod
1344 625 1392 664 me-

282 711 413 764 ruerunt
441 723 506 763 aaa
537 699 637 763 solum
667 699 707 762 ol
731 699 876 762 Ecclesia
899 721 962 786 per
985 700 1331 764 eacomusuuicutiousm
1358 721 1400 784 sci

193 869 196 880 ,
276 799 414 885 parari,
453 797 510 861 sed
540 799 635 860 etiam
668 821 729 883 per
756 809 885 862 mortem
918 821 938 861 a
965 798 1081 861 muodo
1115 797 1252 862 occludi.
1304 797 1400 870 illulto}

282 898 364 960 enim
393 897 523 981 pravius
556 905 602 959 est
636 917 834 1008 eorrumpere
854 893 964 978 fldem,
999 917 1061 981 per
1092 919 1185 980 quum
1215 907 1261 959 est
1284 897 1400 984 animae}

281 996 359 1071 uita,
383 1017 476 1080 quom
491 990 622 1080 falsare
641 995 822 1078 pecuniam,
840 1015 904 1079 per
925 1016 1019 1078 quam
1044 991 1214 1079 temporali
1235 995 1319 1057 uitas
1338 991 1400 1061 urb

283 1093 416 1156 veuituri
466 1091 556 1156 Unde
595 1093 624 1154 si
652 1090 795 1176 falsarii
825 1091 984 1177 pecuniae
1021 1091 1070 1154 vel
1101 1085 1161 1154 alli
1186 1079 1400 1175 malefactoresi

283 1191 389 1254 statim
409 1212 471 1275 per
492 1187 671 1252 saeculares
689 1189 855 1274 principes
870 1179 958 1276 p'u-'ste
982 1191 1077 1252 morti
1100 1189 1284 1264 truduntur,
1314 1185 1400 1270 osulloi

283 1288 382 1372 mapis
404 1287 554 1350 haeretiei
576 1288 684 1350 statim
700 1309 739 1348 see
752 1309 811 1372 quo
827 1286 865 1350 de
879 1287 1003 1349 haeresi
1016 1288 1253 1362 convincuatur,
1273 1293 1400 1371 possunt}

282 1408 345 1449 aaa
369 1385 469 1449 solum
493 1385 767 1462 cacommunicari,
801 1384 856 1448 sed
880 1395 910 1448 el
925 1389 1014 1473 juste
1039 1385 1148 1448 occidi.
1175 1421 1217 1430 --
1241 1383 1296 1445 Ec
1314 1393 1400 1468 portu

282 1493 386 1547 autem
401 1481 562 1548 Ecclesiae
586 1493 632 1545 est
653 1482 876 1547 misericordia
899 1483 943 1546 ad
967 1484 1142 1546 errantium
1165 1483 1400 1558 couversionem}

162 1629 165 1636 ,
238 1637 240 1642 ,
282 1593 313 1644 et
335 1581 407 1644 ideo
430 1603 495 1644 aon
518 1581 625 1643 statim
649 1579 845 1658 condemnat,
870 1579 925 1644 sed
945 1591 1020 1666 post
1037 1577 1400 1684 primometsecuudool

283 1679 518 1765 correptionem,
546 1690 581 1742 ul
604 1675 777 1764 Apostolus
800 1678 909 1757 docem
933 1677 1137 1764 postmodum
1160 1699 1231 1740 nero
1255 1678 1286 1740 si
1311 1677 1397 1739 adius

279 1779 434 1864 perlinam
456 1777 647 1855 inueniatur,
670 1774 814 1840 Ecclesia
837 1776 875 1839 de
892 1778 959 1865 ejus
974 1776 1173 1839 conversione
1187 1797 1251 1838 nou
1267 1795 1400 1860 sperans

221 1865 224 1872 ¹
284 1874 420 1938 aliouem
443 1873 542 1938 saluti
559 1874 719 1960 procidet,
744 1896 813 1937 eum
836 1872 876 1936 ab
901 1872 1046 1937 Ecclesia
1069 1871 1252 1959 separando
1271 1895 1335 1958 per
1357 1889 1400 1964 erl

283 1972 573 2036 communicationis
597 1971 804 2050 seutentiam
828 1982 857 2034 el
872 1971 1006 2034 ulterius
1024 1992 1091 2034 cum
1114 1970 1268 2056 relinquit
1285 1969 1400 2060 judicio

283 2070 452 2148 saeculari,
477 2093 498 2133 a
521 2069 636 2132 mundo
658 2067 932 2132 eatermiaaudum
949 2090 1012 2155 per
1026 2078 1164 2134 morum.
1171 2070 1196 2149 ¹)

374 2211 428 2277 55.
476 2211 522 2276 Ut
543 2203 679 2274 demum
703 2219 792 2274 recte
815 2209 856 2274 de
880 2212 1004 2274 severis
1027 2231 1067 2274 ec
1091 2209 1183 2274 duris
1206 2211 1326 2296 poenis
1349 2181 1400 2274 mel

234 2309 341 2374 'dio
366 2331 449 2373 sevo
473 2317 593 2372 contre
617 2307 801 2372 haereticos
814 2309 1000 2372 constitutis
1015 2317 1048 2372 et
1061 2307 1221 2372 adhibitis
1232 2285 1400 2392 judicetur

284 2405 497 2471 recolendum
522 2415 581 2488 est,
614 2427 717 2492 quum
741 2407 852 2470 unites
885 2406 1057 2472 christiani
1093 2406 1259 2491 dogmatis
1290 2415 1323 2469 et
1345 2347 1400 2465 ιιιιι1

281 2505 390 2588 gionis
413 2525 451 2568 eo
476 2512 631 2588 tempore
655 2506 781 2568 intecta
804 2504 1006 2586 subsisteret,
1037 2503 1192 2569 omnibus
1220 2523 1376 2589 persuasu

284 2603 401 2683 luisse,
435 2611 531 2666 atrox
554 2613 587 2666 et
609 2602 871 2666 funestissimum
905 2623 975 2667 esse
1000 2605 1125 2667 crimen
1156 2601 1322 2680 haeresis,
1354 2620 1389 2662 ne

283 2699 523 2764 involunnrios
556 2702 697 2786 supponi
737 2721 832 2786 posse
863 2700 1104 2766 haeretieorum
1129 2722 1263 2765 errores.
1315 2697 1389 2761 Porr

283 2797 446 2881 haereses,
480 2819 621 2884 querum
646 2801 821 2862 occasione
860 2820 995 2862 severae
1033 2798 1109 2863 illee
1141 2799 1231 2883 leges
1264 2797 1389 2860 firmato

284 2908 371 2977 sunt,
396 2905 491 2960 erent
514 2897 726 2982 turpissimae
750 2907 783 2960 et
807 2918 884 2960 vere
909 2898 1081 2978 immanes,
1106 2896 1233 2960 seilicet
1256 2893 1395 2959 Catharo

283 3015 358 3058 rum
381 3015 421 3058 ae
435 2993 725 3059 Luciferianornm
749 2995 905 3079 dogmate
929 2995 1075 3060 absurde
1099 3005 1131 3058 et
1155 2994 1264 3072 foede,
1292 2991 1383 3079 qnibi

286 3102 375 3155 otem
404 3092 604 3176 religionem
637 3091 853 3156 christianam
888 3093 1118 3159 destruebant.
1166 3092 1313 3156 Tantum
1339 3111 1375 3152 ιι

358 3368 378 3435 ¹)
397 3367 423 3422 S.
442 3365 482 3423 th.
501 3382 526 3435 p.
546 3367 572 3420 2.
591 3367 618 3418 2.
636 3381 662 3434 q.
686 3368 724 3420 ll.
744 3369 807 3420 eii.
825 3396 855 3406 —
870 3365 992 3422 Ulterius
1011 3365 1155 3433 eliquanto
1176 3382 1324 3435 progressa
1342 3361 1400 3435 nidd

284 3451 338 3510 tur,
357 3461 381 3500 e
401 3445 470 3501 1526
489 3445 617 3500 Fsenltes
635 3446 790 3516 theologice
807 3445 976 3512 Perisisnsis,
998 3447 1029 3501 in
1048 3461 1161 3501 censure
1181 3447 1317 3502 novemus
1335 3441 1400 3516 Ere-i

284 3541 356 3580 mum
375 3527 408 3580 cle
424 3541 516 3594 poena
533 3527 743 3592 haereticorum,
762 3525 826 3581 dum
844 3526 952 3591 statuit,
971 3542 1025 3581 non
1044 3527 1130 3582 solum
1149 3543 1236 3594 posse,
1257 3529 1305 3582 sed
1325 3533 1353 3581 et
1369 3524 1400 3662 de]

284 3605 348 3660 bere
366 3605 517 3660 haereticos
534 3606 632 3660 ultimo
649 3606 781 3675 supplicio
799 3607 901 3675 puniri
939 3607 1024 3675 „cnm
1042 3607 1081 3662 sit
1109 3607 1281 3664 catholicum.
1312 3607 1393 3666 siue

284 3684 336 3740 fide
354 3685 508 3751 tenendum
532 3701 586 3740 non
611 3687 697 3741 solnm
715 3687 796 3742 licere
821 3687 868 3741 sed
886 3693 916 3742 et
933 3693 1058 3756 oportere
1077 3687 1231 3742 haereticos
1257 3663 1400 3810 pertinere]

284 3772 406 3821 extremo
423 3766 553 3835 supplicio
571 3766 670 3835 puniri,
688 3767 794 3834 quando
812 3767 883 3822 citra
897 3768 1034 3836 jucturam
1052 3774 1135 3834 seque
1154 3768 1307 3836 pericnlum
1327 3779 1400 3840 respo

285 3845 372 3900 blicee
390 3845 418 3900 id
436 3845 495 3900 fieri
512 3850 611 3938 potest,
631 3863 680 3902 nec
698 3847 774 3901 volet
793 3847 876 3901 aliter
894 3847 969 3902 selus
988 3863 1081 3901 eorum
1100 3853 1149 3902 eut
1167 3857 1336 3902 coeterorum
1354 3831 1400 3920 prol

286 3925 375 3980 curari
394 3931 423 3980 et
440 3925 553 3991 serviri,
579 3927 784 3995 oppositumque
802 3943 878 3982 error
904 3927 942 3981 sit
960 3925 1148 3991 Ostherorum,
1180 3927 1364 3983 Wnldensium
1380 3893 1400 3994 sl

285 4005 409 4072 botheri,
435 4005 608 4075 generalibus
626 4007 753 4061 Consiliis
781 4015 810 4061 et
837 4007 944 4076 legibus
963 4006 1150 4074 imperialibus
1169 4007 1340 4062 damnatus!
1375 4003 1400 4064 i'i

286 4083 480 4154 D’Argentree
499 4084 564 4140 0011
585 4087 668 4155 Judic.
687 4087 769 4142 T.II
787 4087 852 4143 Ρ.Ι
872 4087 954 4156 pes.
982 4087 1083 4141 Verum
1103 4101 1190 4153 neque
1208 4087 1252 4142 hie
1269 4069 1400 4158 sestnitnri

286 4165 436 4220 universim
454 4165 604 4221 haereticos
623 4167 719 4221 ultimo
737 4167 870 4236 supplicio
889 4167 1038 4237 puniendos
1057 4182 1124 4232 esse,
1153 4167 1200 4222 sed
1200 4165 1400 4284 tantummode

287 4245 371 4300 ollieii
390 4244 440 4300 hoe
458 4262 524 4312 esse,
542 4246 566 4300 si
586 4246 669 4302 aliter
687 4246 851 4316 reipublicae
869 4248 953 4302 saluti
970 4247 1108 4315 provideri
1126 4247 1229 4315 nequit
