<?xml version="1.0" encoding="UTF-8"?>
<!DOCTYPE html PUBLIC "-//W3C//DTD XHTML 1.0 Transitional//EN"
    "http://www.w3.org/TR/xhtml1/DTD/xhtml1-transitional.dtd">
<html xmlns="http://www.w3.org/1999/xhtml" xml:lang="en" lang="en">
 <head>
  <title>
</title>
<meta http-equiv="Content-Type" content="text/html;charset=utf-8" />
  <meta name='ocr-system' content='tesseract 3.04.00' />
  <meta name='ocr-capabilities' content='ocr_page ocr_carea ocr_par ocr_line ocrx_word'/>
</head>
<body>
  <div class='ocr_page' id='page_1' title='image "./dissertationess00junggoog_0882.png"; bbox 0 0 2902 4848; ppageno 0'>
   <div class='ocr_carea' id='block_1_1' title="bbox 446 454 1189 511">
    <p class='ocr_par' dir='ltr' id='par_1_1' title="bbox 446 454 1189 511">
     <span class='ocr_line' id='line_1_1' title="bbox 446 454 1189 511; baseline 0.003 -3"><span class='ocrx_word' id='word_1_1' title='bbox 446 455 485 508; x_wconf 89' lang='lat' dir='ltr'><strong>De</strong></span> <span class='ocrx_word' id='word_1_2' title='bbox 505 454 624 510; x_wconf 74' lang='lat' dir='ltr'>Concilio</span> <span class='ocrx_word' id='word_1_3' title='bbox 642 455 800 511; x_wconf 78' lang='lat' dir='ltr'><strong>Basilcensi.</strong></span> <span class='ocrx_word' id='word_1_4' title='bbox 1133 457 1189 511; x_wconf 77' lang='grc'><strong>349</strong></span> 
     </span>
    </p>
   </div>
   <div class='ocr_carea' id='block_1_2' title="bbox 49 597 1187 3136">
    <p class='ocr_par' dir='ltr' id='par_1_2' title="bbox 58 597 1186 1172">
     <span class='ocr_line' id='line_1_2' title="bbox 63 597 1186 682; baseline 0.004 -22"><span class='ocrx_word' id='word_1_5' title='bbox 63 597 209 681; x_wconf 87' lang='lat' dir='ltr'><strong>praecise</strong></span> <span class='ocrx_word' id='word_1_6' title='bbox 234 597 460 662; x_wconf 76' lang='lat' dir='ltr'><strong>determinans</strong></span> <span class='ocrx_word' id='word_1_7' title='bbox 488 597 684 682; x_wconf 79' lang='lat' dir='ltr'>Eugenium,</span> <span class='ocrx_word' id='word_1_8' title='bbox 716 609 754 663; x_wconf 93' lang='lat' dir='ltr'><strong>ut</strong></span> <span class='ocrx_word' id='word_1_9' title='bbox 777 599 964 665; x_wconf 84' lang='lat' dir='ltr'><strong>Concilium</strong></span> <span class='ocrx_word' id='word_1_10' title='bbox 990 599 1186 664; x_wconf 76' lang='lat' dir='ltr'>dissolveret</span> 
     </span>
     <span class='ocr_line' id='line_1_3' title="bbox 62 695 1183 778; baseline 0.001 -20"><span class='ocrx_word' id='word_1_11' title='bbox 62 696 162 759; x_wconf 84' lang='lat' dir='ltr'><strong>fuisse</strong></span> <span class='ocrx_word' id='word_1_12' title='bbox 179 697 409 760; x_wconf 81' lang='lat' dir='ltr'><strong>invitationem</strong></span> <span class='ocrx_word' id='word_1_13' title='bbox 428 695 641 760; x_wconf 88' lang='lat' dir='ltr'><strong>Hussitarum</strong></span> <span class='ocrx_word' id='word_1_14' title='bbox 665 696 709 762; x_wconf 85' lang='lat' dir='ltr'><strong>ad</strong></span> <span class='ocrx_word' id='word_1_15' title='bbox 727 695 925 762; x_wconf 81' lang='lat' dir='ltr'><strong>Concilium.</strong></span> <span class='ocrx_word' id='word_1_16' title='bbox 957 697 1070 778; x_wconf 78' lang='lat' dir='ltr'><strong>Quum</strong></span> <span class='ocrx_word' id='word_1_17' title='bbox 1095 699 1183 761; x_wconf 91' lang='lat' dir='ltr'><strong>euim</strong></span> 
     </span>
     <span class='ocr_line' id='line_1_4' title="bbox 60 791 1186 878; baseline 0.002 -22"><span class='ocrx_word' id='word_1_18' title='bbox 60 791 103 856; x_wconf 93' lang='lat' dir='ltr'><strong>ob</strong></span> <span class='ocrx_word' id='word_1_19' title='bbox 126 792 209 857; x_wconf 89' lang='lat' dir='ltr'><strong>alias</strong></span> <span class='ocrx_word' id='word_1_20' title='bbox 232 795 378 870; x_wconf 80' lang='lat' dir='ltr'><strong>rationes</strong></span> <span class='ocrx_word' id='word_1_21' title='bbox 395 794 467 878; x_wconf 89' lang='lat' dir='ltr'><strong>jam</strong></span> <span class='ocrx_word' id='word_1_22' title='bbox 492 795 608 858; x_wconf 89' lang='lat' dir='ltr'><strong>merito</strong></span> <span class='ocrx_word' id='word_1_23' title='bbox 635 793 784 860; x_wconf 86' lang='lat' dir='ltr'><strong>Concilio</strong></span> <span class='ocrx_word' id='word_1_24' title='bbox 809 795 960 860; x_wconf 88' lang='lat' dir='ltr'><strong>Basileae</strong></span> <span class='ocrx_word' id='word_1_25' title='bbox 984 794 1186 860; x_wconf 89' lang='lat' dir='ltr'><strong>celebrando</strong></span> 
     </span>
     <span class='ocr_line' id='line_1_5' title="bbox 61 890 1186 971; baseline 0.003 -18"><span class='ocrx_word' id='word_1_26' title='bbox 61 912 127 954; x_wconf 92' lang='lat' dir='ltr'><strong>non</strong></span> <span class='ocrx_word' id='word_1_27' title='bbox 151 890 287 971; x_wconf 87' lang='lat' dir='ltr'><strong>faveret,</strong></span> <span class='ocrx_word' id='word_1_28' title='bbox 313 894 449 956; x_wconf 89' lang='lat' dir='ltr'><strong>nuntius</strong></span> <span class='ocrx_word' id='word_1_29' title='bbox 473 893 533 956; x_wconf 88' lang='lat' dir='ltr'><strong>iste</strong></span> <span class='ocrx_word' id='word_1_30' title='bbox 558 893 599 956; x_wconf 93' lang='lat' dir='ltr'><strong>de</strong></span> <span class='ocrx_word' id='word_1_31' title='bbox 616 894 766 958; x_wconf 87' lang='lat' dir='ltr'><strong>invitatis</strong></span> <span class='ocrx_word' id='word_1_32' title='bbox 783 895 929 959; x_wconf 91' lang='lat' dir='ltr'><strong>Hnssitis</strong></span> <span class='ocrx_word' id='word_1_33' title='bbox 946 915 1021 958; x_wconf 92' lang='lat' dir='ltr'><strong>eum</strong></span> <span class='ocrx_word' id='word_1_34' title='bbox 1037 893 1186 958; x_wconf 87' lang='lat' dir='ltr'><strong>reddidit</strong></span> 
     </span>
     <span class='ocr_line' id='line_1_6' title="bbox 59 988 1186 1072; baseline 0.002 -20"><span class='ocrx_word' id='word_1_35' title='bbox 59 991 206 1052; x_wconf 87' lang='lat' dir='ltr'><strong>maxime</strong></span> <span class='ocrx_word' id='word_1_36' title='bbox 231 988 417 1072; x_wconf 87' lang='lat' dir='ltr'><strong>sollicitum,</strong></span> <span class='ocrx_word' id='word_1_37' title='bbox 443 1012 484 1054; x_wconf 90' lang='lat' dir='ltr'><strong>ne</strong></span> <span class='ocrx_word' id='word_1_38' title='bbox 507 999 576 1054; x_wconf 87' lang='lat' dir='ltr'><strong>tota</strong></span> <span class='ocrx_word' id='word_1_39' title='bbox 600 1014 650 1055; x_wconf 90' lang='lat' dir='ltr'><strong>res</strong></span> <span class='ocrx_word' id='word_1_40' title='bbox 675 991 799 1056; x_wconf 88' lang='lat' dir='ltr'><strong>malum</strong></span> <span class='ocrx_word' id='word_1_41' title='bbox 823 994 949 1056; x_wconf 88' lang='lat' dir='ltr'><strong>exitum</strong></span> <span class='ocrx_word' id='word_1_42' title='bbox 973 990 1186 1072; x_wconf 69' lang='lat' dir='ltr'><strong>haberetne</strong></span> 
     </span>
     <span class='ocr_line' id='line_1_7' title="bbox 58 1087 777 1172; baseline 0.007 -23"><span class='ocrx_word' id='word_1_43' title='bbox 58 1097 234 1172; x_wconf 86' lang='lat' dir='ltr'><strong>propterea</strong></span> <span class='ocrx_word' id='word_1_44' title='bbox 258 1087 483 1152; x_wconf 81' lang='lat' dir='ltr'><strong>dissolutionis</strong></span> <span class='ocrx_word' id='word_1_45' title='bbox 507 1087 614 1152; x_wconf 85' lang='lat' dir='ltr'><strong>edidit</strong></span> <span class='ocrx_word' id='word_1_46' title='bbox 636 1088 777 1155; x_wconf 90' lang='lat' dir='ltr'><strong>Bullam.</strong></span> 
     </span>
    </p>

    <p class='ocr_par' dir='ltr' id='par_1_3' title="bbox 49 1184 1187 3136">
     <span class='ocr_line' id='line_1_8' title="bbox 159 1184 1184 1273; baseline 0 -23"><span class='ocrx_word' id='word_1_47' title='bbox 159 1187 188 1250; x_wconf 82' lang='lat'><strong>8.</strong></span> <span class='ocrx_word' id='word_1_48' title='bbox 236 1185 392 1251; x_wconf 78' lang='lat' dir='ltr'><strong>Julianus</strong></span> <span class='ocrx_word' id='word_1_49' title='bbox 435 1184 623 1251; x_wconf 86' lang='lat' dir='ltr'><strong>Cardinalis</strong></span> <span class='ocrx_word' id='word_1_50' title='bbox 670 1189 847 1272; x_wconf 83' lang='lat' dir='ltr'><strong>scripserat</strong></span> <span class='ocrx_word' id='word_1_51' title='bbox 893 1197 967 1272; x_wconf 88' lang='lat' dir='ltr'><strong>post</strong></span> <span class='ocrx_word' id='word_1_52' title='bbox 1011 1196 1184 1273; x_wconf 80' lang='lat' dir='ltr'><strong>acceptam</strong></span> 
     </span>
     <span class='ocr_line' id='line_1_9' title="bbox 49 1282 1185 1368; baseline 0.002 -21"><span class='ocrx_word' id='word_1_53' title='bbox 49 1283 244 1368; x_wconf 77' lang='lat' dir='ltr'><strong>facultatem</strong></span> <span class='ocrx_word' id='word_1_54' title='bbox 277 1282 480 1349; x_wconf 89' lang='lat' dir='ltr'><strong>dissolvendi</strong></span> <span class='ocrx_word' id='word_1_55' title='bbox 506 1284 648 1349; x_wconf 85' lang='lat' dir='ltr'><strong>Consilii</strong></span> <span class='ocrx_word' id='word_1_56' title='bbox 682 1285 724 1350; x_wconf 88' lang='lat' dir='ltr'><strong>ad</strong></span> <span class='ocrx_word' id='word_1_57' title='bbox 754 1285 944 1368; x_wconf 83' lang='lat' dir='ltr'><strong>Eugenium</strong></span> <span class='ocrx_word' id='word_1_58' title='bbox 977 1283 1112 1366; x_wconf 87' lang='lat' dir='ltr'><strong>litteras,</strong></span> <span class='ocrx_word' id='word_1_59' title='bbox 1148 1287 1185 1349; x_wconf 89' lang='lat' dir='ltr'><strong>in</strong></span> 
     </span>
     <span class='ocr_line' id='line_1_10' title="bbox 57 1381 1184 1468; baseline 0.001 -23"><span class='ocrx_word' id='word_1_60' title='bbox 57 1381 180 1466; x_wconf 91' lang='lat' dir='ltr'><strong>quibus</strong></span> <span class='ocrx_word' id='word_1_61' title='bbox 213 1403 334 1466; x_wconf 90' lang='lat' dir='ltr'><strong>magna</strong></span> <span class='ocrx_word' id='word_1_62' title='bbox 366 1404 442 1446; x_wconf 90' lang='lat' dir='ltr'><strong>cum</strong></span> <span class='ocrx_word' id='word_1_63' title='bbox 478 1382 630 1446; x_wconf 88' lang='lat' dir='ltr'><strong>libertate</strong></span> <span class='ocrx_word' id='word_1_64' title='bbox 667 1403 854 1468; x_wconf 90' lang='lat' dir='ltr'><strong>magnoque</strong></span> <span class='ocrx_word' id='word_1_65' title='bbox 887 1383 1015 1466; x_wconf 90' lang='lat' dir='ltr'><strong>vigore,</strong></span> <span class='ocrx_word' id='word_1_66' title='bbox 1052 1393 1184 1446; x_wconf 87' lang='lat' dir='ltr'><strong>servata</strong></span> 
     </span>
     <span class='ocr_line' id='line_1_11' title="bbox 56 1479 1185 1564; baseline 0.002 -22"><span class='ocrx_word' id='word_1_67' title='bbox 56 1491 169 1544; x_wconf 86' lang='lat' dir='ltr'><strong>tamen</strong></span> <span class='ocrx_word' id='word_1_68' title='bbox 185 1481 383 1560; x_wconf 85' lang='lat' dir='ltr'><strong>reverentia,</strong></span> <span class='ocrx_word' id='word_1_69' title='bbox 405 1479 516 1544; x_wconf 89' lang='lat' dir='ltr'><strong>studet</strong></span> <span class='ocrx_word' id='word_1_70' title='bbox 530 1480 724 1564; x_wconf 75' lang='lat' dir='ltr'><strong>Pontificem</strong></span> <span class='ocrx_word' id='word_1_71' title='bbox 742 1504 761 1544; x_wconf 89' lang='lat' dir='ltr'><strong>a</strong></span> <span class='ocrx_word' id='word_1_72' title='bbox 778 1479 1003 1546; x_wconf 89' lang='lat' dir='ltr'><strong>dissolutionis</strong></span> <span class='ocrx_word' id='word_1_73' title='bbox 1020 1482 1185 1546; x_wconf 87' lang='lat' dir='ltr'><strong>sententia</strong></span> 
     </span>
     <span class='ocr_line' id='line_1_12' title="bbox 57 1577 1187 1662; baseline 0.003 -23"><span class='ocrx_word' id='word_1_74' title='bbox 57 1577 234 1660; x_wconf 85' lang='lat' dir='ltr'><strong>deterrere,</strong></span> <span class='ocrx_word' id='word_1_75' title='bbox 268 1579 427 1662; x_wconf 88' lang='lat' dir='ltr'><strong>expositis</strong></span> <span class='ocrx_word' id='word_1_76' title='bbox 461 1577 556 1642; x_wconf 86' lang='lat' dir='ltr'><strong>malis</strong></span> <span class='ocrx_word' id='word_1_77' title='bbox 588 1578 665 1642; x_wconf 92' lang='lat' dir='ltr'><strong>inde</strong></span> <span class='ocrx_word' id='word_1_78' title='bbox 690 1580 862 1644; x_wconf 87' lang='lat' dir='ltr'><strong>secuturis.</strong></span> <span class='ocrx_word' id='word_1_79' title='bbox 912 1578 1043 1658; x_wconf 77' lang='lat' dir='ltr'><strong>Quibus</strong></span> <span class='ocrx_word' id='word_1_80' title='bbox 1065 1579 1187 1644; x_wconf 88' lang='lat' dir='ltr'><strong>litteris</strong></span> 
     </span>
     <span class='ocr_line' id='line_1_13' title="bbox 57 1675 1182 1763; baseline 0.003 -25"><span class='ocrx_word' id='word_1_81' title='bbox 57 1675 230 1758; x_wconf 82' lang='lat' dir='ltr'><strong>Eugenius</strong></span> <span class='ocrx_word' id='word_1_82' title='bbox 254 1677 472 1760; x_wconf 77' lang='lat' dir='ltr'><strong>probabiliter</strong></span> <span class='ocrx_word' id='word_1_83' title='bbox 496 1687 604 1741; x_wconf 80' lang='lat' dir='ltr'><strong>motus</strong></span> <span class='ocrx_word' id='word_1_84' title='bbox 628 1679 758 1757; x_wconf 79' lang='lat' dir='ltr'><strong>fuisset3</strong></span> <span class='ocrx_word' id='word_1_85' title='bbox 783 1678 841 1742; x_wconf 88' lang='lat' dir='ltr'><strong>sed</strong></span> <span class='ocrx_word' id='word_1_86' title='bbox 859 1679 998 1742; x_wconf 90' lang='lat' dir='ltr'><strong>Romam</strong></span> <span class='ocrx_word' id='word_1_87' title='bbox 1023 1699 1088 1742; x_wconf 92' lang='lat' dir='ltr'><strong>nou</strong></span> <span class='ocrx_word' id='word_1_88' title='bbox 1112 1700 1182 1763; x_wconf 91' lang='lat' dir='ltr'><strong>per·</strong></span> 
     </span>
     <span class='ocr_line' id='line_1_14' title="bbox 56 1776 1183 1862; baseline 0.006 -30"><span class='ocrx_word' id='word_1_89' title='bbox 56 1785 238 1856; x_wconf 88' lang='lat' dir='ltr'><strong>venerunt,</strong></span> <span class='ocrx_word' id='word_1_90' title='bbox 271 1778 334 1840; x_wconf 86' lang='lat' dir='ltr'><strong>nisi</strong></span> <span class='ocrx_word' id='word_1_91' title='bbox 359 1787 434 1860; x_wconf 89' lang='lat' dir='ltr'><strong>post</strong></span> <span class='ocrx_word' id='word_1_92' title='bbox 456 1776 699 1862; x_wconf 87' lang='lat' dir='ltr'><strong>promulgatam</strong></span> <span class='ocrx_word' id='word_1_93' title='bbox 724 1776 949 1842; x_wconf 88' lang='lat' dir='ltr'><strong>dissolutionis</strong></span> <span class='ocrx_word' id='word_1_94' title='bbox 973 1776 1121 1841; x_wconf 80' lang='lat' dir='ltr'><strong>Bulla-m&#39;</strong></span> <span class='ocrx_word' id='word_1_95' title='bbox 1139 1815 1183 1824; x_wconf 94' lang='lat'><strong>—</strong></span> 
     </span>
     <span class='ocr_line' id='line_1_15' title="bbox 56 1871 1186 1959; baseline 0.002 -25"><span class='ocrx_word' id='word_1_96' title='bbox 56 1871 294 1955; x_wconf 86' lang='lat' dir='ltr'><strong>Sigismundus</strong></span> <span class='ocrx_word' id='word_1_97' title='bbox 315 1874 500 1959; x_wconf 87' lang='lat' dir='ltr'><strong>Imperator</strong></span> <span class='ocrx_word' id='word_1_98' title='bbox 523 1875 566 1938; x_wconf 91' lang='lat' dir='ltr'><strong>ab</strong></span> <span class='ocrx_word' id='word_1_99' title='bbox 581 1875 733 1958; x_wconf 81' lang='lat' dir='ltr'><strong>Eugenio</strong></span> <span class='ocrx_word' id='word_1_100' title='bbox 759 1876 800 1940; x_wconf 92' lang='lat' dir='ltr'><strong>de</strong></span> <span class='ocrx_word' id='word_1_101' title='bbox 826 1874 1039 1940; x_wconf 86' lang='lat' dir='ltr'><strong>dissolutione</strong></span> <span class='ocrx_word' id='word_1_102' title='bbox 1064 1875 1186 1937; x_wconf 89' lang='lat' dir='ltr'><strong>certior</strong></span> 
     </span>
     <span class='ocr_line' id='line_1_16' title="bbox 56 1969 1184 2058; baseline 0.002 -26"><span class='ocrx_word' id='word_1_103' title='bbox 56 1969 217 2052; x_wconf 87' lang='lat' dir='ltr'><strong>redditus,</strong></span> <span class='ocrx_word' id='word_1_104' title='bbox 243 1971 393 2056; x_wconf 79' lang='lat' dir='ltr'><strong>Eugenio</strong></span> <span class='ocrx_word' id='word_1_105' title='bbox 418 1973 450 2036; x_wconf 90' lang='lat' dir='ltr'><strong>d.</strong></span> <span class='ocrx_word' id='word_1_106' title='bbox 468 1972 499 2038; x_wconf 91' lang='lat' dir='ltr'><strong>d.</strong></span> <span class='ocrx_word' id='word_1_107' title='bbox 525 1973 563 2036; x_wconf 84' lang='lat'><strong>9⁰</strong></span> <span class='ocrx_word' id='word_1_108' title='bbox 579 1973 732 2037; x_wconf 88' lang='lat' dir='ltr'><strong>Januarii</strong></span> <span class='ocrx_word' id='word_1_109' title='bbox 757 1975 890 2058; x_wconf 88' lang='lat' dir='ltr'><strong>scripsit</strong></span> <span class='ocrx_word' id='word_1_110' title='bbox 909 1971 1091 2057; x_wconf 88' lang='lat' dir='ltr'><strong>epistolam,</strong></span> <span class='ocrx_word' id='word_1_111' title='bbox 1117 1993 1184 2056; x_wconf 88' lang='lat' dir='ltr'><strong>qua</strong></span> 
     </span>
     <span class='ocr_line' id='line_1_17' title="bbox 57 2069 1182 2151; baseline 0.001 -20"><span class='ocrx_word' id='word_1_112' title='bbox 57 2069 349 2134; x_wconf 88' lang='lat' dir='ltr'><strong>vehementissime</strong></span> <span class='ocrx_word' id='word_1_113' title='bbox 379 2091 454 2134; x_wconf 90' lang='lat' dir='ltr'><strong>eum</strong></span> <span class='ocrx_word' id='word_1_114' title='bbox 479 2070 684 2151; x_wconf 86' lang='lat' dir='ltr'><strong>adhortetur,</strong></span> <span class='ocrx_word' id='word_1_115' title='bbox 717 2084 753 2134; x_wconf 91' lang='lat' dir='ltr'><strong>ut</strong></span> <span class='ocrx_word' id='word_1_116' title='bbox 778 2070 963 2136; x_wconf 81' lang='lat' dir='ltr'><strong>Concilium</strong></span> <span class='ocrx_word' id='word_1_117' title='bbox 995 2070 1182 2134; x_wconf 90' lang='lat' dir='ltr'><strong>continuari</strong></span> 
     </span>
     <span class='ocr_line' id='line_1_18' title="bbox 55 2168 1186 2254; baseline 0.001 -23"><span class='ocrx_word' id='word_1_118' title='bbox 55 2169 240 2252; x_wconf 89' lang='lat' dir='ltr'><strong>permittat,</strong></span> <span class='ocrx_word' id='word_1_119' title='bbox 281 2179 314 2230; x_wconf 92' lang='lat' dir='ltr'><strong>et</strong></span> <span class='ocrx_word' id='word_1_120' title='bbox 348 2170 473 2233; x_wconf 88' lang='lat' dir='ltr'><strong>motiva</strong></span> <span class='ocrx_word' id='word_1_121' title='bbox 497 2169 640 2252; x_wconf 85' lang='lat' dir='ltr'><strong>Eugenii</strong></span> <span class='ocrx_word' id='word_1_122' title='bbox 672 2191 730 2254; x_wconf 89' lang='lat' dir='ltr'><strong>pro</strong></span> <span class='ocrx_word' id='word_1_123' title='bbox 764 2169 980 2234; x_wconf 88' lang='lat' dir='ltr'><strong>dissolutione</strong></span> <span class='ocrx_word' id='word_1_124' title='bbox 1012 2168 1186 2232; x_wconf 84' lang='lat' dir='ltr'><strong>confutare</strong></span> 
     </span>
     <span class='ocr_line' id='line_1_19' title="bbox 54 2261 1183 2354; baseline -0.001 -24"><span class='ocrx_word' id='word_1_125' title='bbox 54 2266 177 2331; x_wconf 89' lang='lat' dir='ltr'><strong>studet.</strong></span> <span class='ocrx_word' id='word_1_126' title='bbox 209 2265 328 2347; x_wconf 79' lang='lat' dir='ltr'><strong>Quoad</strong></span> <span class='ocrx_word' id='word_1_127' title='bbox 353 2267 587 2331; x_wconf 79' lang='lat' dir='ltr'><strong>invitationem</strong></span> <span class='ocrx_word' id='word_1_128' title='bbox 610 2267 822 2332; x_wconf 90' lang='lat' dir='ltr'><strong>Hussitarum</strong></span> <span class='ocrx_word' id='word_1_129' title='bbox 847 2261 1025 2354; x_wconf 80' lang='lat' dir='ltr'><strong>praecipue</strong></span> <span class='ocrx_word' id='word_1_130' title='bbox 1050 2287 1183 2351; x_wconf 89' lang='lat' dir='ltr'><strong>respon·</strong></span> 
     </span>
     <span class='ocr_line' id='line_1_20' title="bbox 55 2363 1186 2451; baseline -0.003 -21"><span class='ocrx_word' id='word_1_131' title='bbox 55 2366 122 2445; x_wconf 90' lang='lat' dir='ltr'><strong>det,</strong></span> <span class='ocrx_word' id='word_1_132' title='bbox 160 2364 249 2428; x_wconf 85' lang='lat' dir='ltr'><strong>haud</strong></span> <span class='ocrx_word' id='word_1_133' title='bbox 282 2364 326 2427; x_wconf 87' lang='lat' dir='ltr'><strong>ad</strong></span> <span class='ocrx_word' id='word_1_134' title='bbox 360 2363 600 2449; x_wconf 87' lang='lat' dir='ltr'><strong>disputandum</strong></span> <span class='ocrx_word' id='word_1_135' title='bbox 635 2367 725 2451; x_wconf 91' lang='lat' dir='ltr'><strong>ipsos</strong></span> <span class='ocrx_word' id='word_1_136' title='bbox 749 2367 907 2429; x_wconf 87' lang='lat' dir='ltr'><strong>invitatos</strong></span> <span class='ocrx_word' id='word_1_137' title='bbox 938 2385 1019 2445; x_wconf 87' lang='lat' dir='ltr'><strong>esse,</strong></span> <span class='ocrx_word' id='word_1_138' title='bbox 1058 2364 1116 2428; x_wconf 87' lang='lat' dir='ltr'><strong>sed</strong></span> <span class='ocrx_word' id='word_1_139' title='bbox 1148 2374 1186 2427; x_wconf 92' lang='lat' dir='ltr'><strong>ut</strong></span> 
     </span>
     <span class='ocr_line' id='line_1_21' title="bbox 55 2460 1184 2548; baseline 0.002 -24"><span class='ocrx_word' id='word_1_140' title='bbox 55 2465 196 2527; x_wconf 88' lang='lat' dir='ltr'><strong>veniant</strong></span> <span class='ocrx_word' id='word_1_141' title='bbox 226 2463 377 2526; x_wconf 84' lang='lat' dir='ltr'><strong>edocendi</strong></span> <span class='ocrx_word' id='word_1_142' title='bbox 406 2485 427 2525; x_wconf 91' lang='lat' dir='ltr'><strong>a</strong></span> <span class='ocrx_word' id='word_1_143' title='bbox 458 2460 604 2546; x_wconf 84' lang='lat' dir='ltr'><strong>Synodo,</strong></span> <span class='ocrx_word' id='word_1_144' title='bbox 644 2473 741 2548; x_wconf 90' lang='lat' dir='ltr'><strong>prout</strong></span> <span class='ocrx_word' id='word_1_145' title='bbox 773 2462 938 2526; x_wconf 88' lang='lat' dir='ltr'><strong>Martinus</strong></span> <span class='ocrx_word' id='word_1_146' title='bbox 963 2462 992 2525; x_wconf 91' lang='lat' dir='ltr'>V</span> <span class='ocrx_word' id='word_1_147' title='bbox 1033 2461 1184 2546; x_wconf 90' lang='lat' dir='ltr'><strong>pluribus</strong></span> 
     </span>
     <span class='ocr_line' id='line_1_22' title="bbox 55 2559 1182 2646; baseline -0.004 -20"><span class='ocrx_word' id='word_1_148' title='bbox 55 2561 205 2646; x_wconf 88' lang='lat' dir='ltr'><strong>epistolis</strong></span> <span class='ocrx_word' id='word_1_149' title='bbox 235 2561 303 2624; x_wconf 89' lang='lat' dir='ltr'><strong>suis</strong></span> <span class='ocrx_word' id='word_1_150' title='bbox 335 2571 403 2623; x_wconf 90' lang='lat' dir='ltr'><strong>tam</strong></span> <span class='ocrx_word' id='word_1_151' title='bbox 435 2562 497 2646; x_wconf 88' lang='lat' dir='ltr'><strong>ipsi</strong></span> <span class='ocrx_word' id='word_1_152' title='bbox 530 2560 754 2645; x_wconf 87' lang='lat' dir='ltr'><strong>Sigismundo,</strong></span> <span class='ocrx_word' id='word_1_153' title='bbox 792 2583 891 2646; x_wconf 88' lang='lat' dir='ltr'><strong>quam</strong></span> <span class='ocrx_word' id='word_1_154' title='bbox 923 2559 1080 2626; x_wconf 85' lang='lat' dir='ltr'><strong>Poloniae</strong></span> <span class='ocrx_word' id='word_1_155' title='bbox 1113 2561 1182 2644; x_wconf 88' lang='lat' dir='ltr'><strong>regi</strong></span> 
     </span>
     <span class='ocr_line' id='line_1_23' title="bbox 54 2658 1183 2743; baseline 0 -21"><span class='ocrx_word' id='word_1_156' title='bbox 54 2658 247 2722; x_wconf 82' lang='lat' dir='ltr'><strong>iaciendum</strong></span> <span class='ocrx_word' id='word_1_157' title='bbox 279 2661 546 2743; x_wconf 84' lang='lat' dir='ltr'><strong>praescripserat.</strong></span> <span class='ocrx_word' id='word_1_158' title='bbox 593 2660 776 2743; x_wconf 79' lang='lat' dir='ltr'><strong>Eugenius,</strong></span> <span class='ocrx_word' id='word_1_159' title='bbox 808 2681 849 2722; x_wconf 86' lang='lat' dir='ltr'><strong>ex</strong></span> <span class='ocrx_word' id='word_1_160' title='bbox 881 2658 1040 2742; x_wconf 86' lang='lat' dir='ltr'><strong>gravibus</strong></span> <span class='ocrx_word' id='word_1_161' title='bbox 1074 2661 1183 2722; x_wconf 83' lang='lat' dir='ltr'><strong>causis</strong></span> 
     </span>
     <span class='ocr_line' id='line_1_24' title="bbox 54 2755 1182 2842; baseline 0 -22"><span class='ocrx_word' id='word_1_162' title='bbox 54 2779 89 2820; x_wconf 86' lang='lat' dir='ltr'><strong>se</strong></span> <span class='ocrx_word' id='word_1_163' title='bbox 107 2755 298 2820; x_wconf 89' lang='lat' dir='ltr'><strong>dissolvisse</strong></span> <span class='ocrx_word' id='word_1_164' title='bbox 317 2755 503 2820; x_wconf 85' lang='lat' dir='ltr'><strong>Concilium</strong></span> <span class='ocrx_word' id='word_1_165' title='bbox 522 2759 708 2842; x_wconf 81' lang='lat' dir='ltr'><strong>respondit3</strong></span> <span class='ocrx_word' id='word_1_166' title='bbox 734 2757 791 2822; x_wconf 90' lang='lat' dir='ltr'><strong>sed</strong></span> <span class='ocrx_word' id='word_1_167' title='bbox 809 2756 1052 2842; x_wconf 88' lang='lat' dir='ltr'><strong>Sigismundus,</strong></span> <span class='ocrx_word' id='word_1_168' title='bbox 1070 2777 1182 2841; x_wconf 88' lang='lat' dir='ltr'><strong>quam·</strong></span> 
     </span>
     <span class='ocr_line' id='line_1_25' title="bbox 56 2853 1181 2939; baseline 0.003 -25"><span class='ocrx_word' id='word_1_169' title='bbox 56 2857 107 2918; x_wconf 91' lang='lat' dir='ltr'><strong>vis</strong></span> <span class='ocrx_word' id='word_1_170' title='bbox 132 2853 320 2918; x_wconf 89' lang='lat' dir='ltr'><strong>decaetero</strong></span> <span class='ocrx_word' id='word_1_171' title='bbox 345 2854 524 2918; x_wconf 85' lang='lat' dir='ltr'><strong>concordia</strong></span> <span class='ocrx_word' id='word_1_172' title='bbox 548 2857 634 2918; x_wconf 90' lang='lat' dir='ltr'><strong>inter</strong></span> <span class='ocrx_word' id='word_1_173' title='bbox 658 2857 767 2939; x_wconf 91' lang='lat' dir='ltr'><strong>ipsum</strong></span> <span class='ocrx_word' id='word_1_174' title='bbox 785 2866 817 2918; x_wconf 90' lang='lat' dir='ltr'><strong>et</strong></span> <span class='ocrx_word' id='word_1_175' title='bbox 833 2855 1029 2920; x_wconf 85' lang='lat' dir='ltr'><strong>Pontificem</strong></span> <span class='ocrx_word' id='word_1_176' title='bbox 1045 2856 1181 2938; x_wconf 82' lang='lat' dir='ltr'><strong>vigeret,</strong></span> 
     </span>
     <span class='ocr_line' id='line_1_26' title="bbox 55 2951 1181 3038; baseline 0.001 -23"><span class='ocrx_word' id='word_1_177' title='bbox 55 2953 119 3015; x_wconf 85' lang='lat' dir='ltr'><strong>ista</strong></span> <span class='ocrx_word' id='word_1_178' title='bbox 152 2953 186 3016; x_wconf 93' lang='lat' dir='ltr'><strong>iu</strong></span> <span class='ocrx_word' id='word_1_179' title='bbox 217 2954 408 3038; x_wconf 87' lang='lat' dir='ltr'><strong>quaestione</strong></span> <span class='ocrx_word' id='word_1_180' title='bbox 438 2954 467 3015; x_wconf 92' lang='lat' dir='ltr'><strong>ei</strong></span> <span class='ocrx_word' id='word_1_181' title='bbox 499 2975 533 3016; x_wconf 89' lang='lat' dir='ltr'><strong>se</strong></span> <span class='ocrx_word' id='word_1_182' title='bbox 567 2955 730 3037; x_wconf 90' lang='lat' dir='ltr'><strong>opposuit,</strong></span> <span class='ocrx_word' id='word_1_183' title='bbox 763 2953 878 3034; x_wconf 90' lang='lat' dir='ltr'><strong>donec,</strong></span> <span class='ocrx_word' id='word_1_184' title='bbox 909 2955 956 3016; x_wconf 91' lang='lat' dir='ltr'><strong>uti</strong></span> <span class='ocrx_word' id='word_1_185' title='bbox 982 2951 1181 3033; x_wconf 88' lang='lat' dir='ltr'><strong>videbimus,</strong></span> 
     </span>
     <span class='ocr_line' id='line_1_27' title="bbox 56 3049 965 3136; baseline -0.001 -22"><span class='ocrx_word' id='word_1_186' title='bbox 56 3050 228 3134; x_wconf 86' lang='lat' dir='ltr'><strong>Eugenius</strong></span> <span class='ocrx_word' id='word_1_187' title='bbox 252 3051 536 3114; x_wconf 85' lang='lat' dir='ltr'><strong>continuationem</strong></span> <span class='ocrx_word' id='word_1_188' title='bbox 562 3049 701 3114; x_wconf 79' lang='lat' dir='ltr'><strong>Consilii</strong></span> <span class='ocrx_word' id='word_1_189' title='bbox 728 3053 965 3136; x_wconf 90' lang='lat' dir='ltr'><strong>pronuntiavit.</strong></span> 
     </span>
    </p>
   </div>
   <div class='ocr_carea' id='block_1_3' title="bbox 146 3155 1180 3242">
    <p class='ocr_par' dir='ltr' id='par_1_4' title="bbox 146 3155 1180 3242">
     <span class='ocr_line' id='line_1_28' title="bbox 146 3155 1180 3242; baseline 0 -22"><span class='ocrx_word' id='word_1_190' title='bbox 146 3157 177 3220; x_wconf 84' lang='lat'><strong>9.</strong></span> <span class='ocrx_word' id='word_1_191' title='bbox 215 3156 377 3240; x_wconf 87' lang='lat' dir='ltr'><strong>Perpauei</strong></span> <span class='ocrx_word' id='word_1_192' title='bbox 404 3155 449 3220; x_wconf 92' lang='lat' dir='ltr'><strong>illi</strong></span> <span class='ocrx_word' id='word_1_193' title='bbox 475 3155 613 3242; x_wconf 87' lang='lat' dir='ltr'><strong>praelati</strong></span> <span class='ocrx_word' id='word_1_194' title='bbox 639 3155 929 3242; x_wconf 84' lang='lat' dir='ltr'><strong>(quatuordecim),</strong></span> <span class='ocrx_word' id='word_1_195' title='bbox 954 3158 1010 3242; x_wconf 91' lang='lat' dir='ltr'><strong>qui</strong></span> <span class='ocrx_word' id='word_1_196' title='bbox 1036 3179 1180 3242; x_wconf 87' lang='lat' dir='ltr'><strong>eousque</strong></span> 
     </span>
    </p>
   </div>
   <div class='ocr_carea' id='block_1_4' title="bbox 55 3252 1314 3338">
    <p class='ocr_par' dir='ltr' id='par_1_5' title="bbox 55 3252 1314 3338">
     <span class='ocr_line' id='line_1_29' title="bbox 55 3252 1314 3338; baseline 0 -20"><span class='ocrx_word' id='word_1_197' title='bbox 55 3252 222 3318; x_wconf 89' lang='lat' dir='ltr'><strong>Basileam</strong></span> <span class='ocrx_word' id='word_1_198' title='bbox 254 3265 496 3334; x_wconf 88' lang='lat' dir='ltr'><strong>convenerant,</strong></span> <span class='ocrx_word' id='word_1_199' title='bbox 536 3256 717 3338; x_wconf 81' lang='lat' dir='ltr'><strong>aegerrime</strong></span> <span class='ocrx_word' id='word_1_200' title='bbox 752 3254 898 3318; x_wconf 88' lang='lat' dir='ltr'><strong>tulerunt</strong></span> <span class='ocrx_word' id='word_1_201' title='bbox 930 3253 1181 3318; x_wconf 85' lang='lat' dir='ltr'><strong>dissolutionem</strong></span> <span class='ocrx_word' id='word_1_202' title='bbox 1246 3299 1314 3328; x_wconf 61' lang='lat' dir='ltr'><strong>,m</strong></span> 
     </span>
    </p>
   </div>
   <div class='ocr_carea' id='block_1_5' title="bbox 54 3351 1182 4005">
    <p class='ocr_par' dir='ltr' id='par_1_6' title="bbox 54 3351 1182 4005">
     <span class='ocr_line' id='line_1_30' title="bbox 55 3351 1179 3439; baseline 0.004 -25"><span class='ocrx_word' id='word_1_203' title='bbox 55 3351 211 3430; x_wconf 80' lang='lat' dir='ltr'><strong>Consilii,</strong></span> <span class='ocrx_word' id='word_1_204' title='bbox 236 3373 276 3415; x_wconf 87' lang='lat' dir='ltr'><strong>sc</strong></span> <span class='ocrx_word' id='word_1_205' title='bbox 299 3373 334 3414; x_wconf 90' lang='lat' dir='ltr'><strong>so</strong></span> <span class='ocrx_word' id='word_1_206' title='bbox 358 3351 465 3416; x_wconf 90' lang='lat' dir='ltr'><strong>eidem</strong></span> <span class='ocrx_word' id='word_1_207' title='bbox 493 3362 528 3414; x_wconf 93' lang='lat' dir='ltr'><strong>ut</strong></span> <span class='ocrx_word' id='word_1_208' title='bbox 552 3353 756 3438; x_wconf 87' lang='lat' dir='ltr'><strong>perniciosae</strong></span> <span class='ocrx_word' id='word_1_209' title='bbox 781 3362 1015 3439; x_wconf 88' lang='lat' dir='ltr'><strong>opposuerunt.</strong></span> <span class='ocrx_word' id='word_1_210' title='bbox 1052 3351 1179 3433; x_wconf 80' lang='lat' dir='ltr'><strong>Quodsi</strong></span> 
     </span>
     <span class='ocr_line' id='line_1_31' title="bbox 54 3449 1182 3533; baseline 0.004 -22"><span class='ocrx_word' id='word_1_211' title='bbox 54 3471 134 3512; x_wconf 91' lang='lat' dir='ltr'><strong>cum</strong></span> <span class='ocrx_word' id='word_1_212' title='bbox 166 3449 278 3514; x_wconf 88' lang='lat' dir='ltr'><strong>debita</strong></span> <span class='ocrx_word' id='word_1_213' title='bbox 302 3452 488 3514; x_wconf 87' lang='lat' dir='ltr'><strong>reverentia</strong></span> <span class='ocrx_word' id='word_1_214' title='bbox 514 3449 702 3533; x_wconf 75' lang='lat' dir='ltr'><strong>Eugenium</strong></span> <span class='ocrx_word' id='word_1_215' title='bbox 734 3451 938 3514; x_wconf 86' lang='lat' dir='ltr'><strong>studuissent</strong></span> <span class='ocrx_word' id='word_1_216' title='bbox 966 3471 1109 3532; x_wconf 89' lang='lat' dir='ltr'><strong>movere,</strong></span> <span class='ocrx_word' id='word_1_217' title='bbox 1147 3462 1182 3515; x_wconf 89' lang='lat' dir='ltr'><strong>ut</strong></span> 
     </span>
     <span class='ocr_line' id='line_1_32' title="bbox 54 3546 1180 3634; baseline 0.004 -26"><span class='ocrx_word' id='word_1_218' title='bbox 54 3569 75 3608; x_wconf 86' lang='lat' dir='ltr'><strong>a</strong></span> <span class='ocrx_word' id='word_1_219' title='bbox 101 3568 160 3609; x_wconf 87' lang='lat' dir='ltr'><strong>sua</strong></span> <span class='ocrx_word' id='word_1_220' title='bbox 175 3546 314 3610; x_wconf 90' lang='lat' dir='ltr'><strong>resiliret</strong></span> <span class='ocrx_word' id='word_1_221' title='bbox 330 3550 504 3630; x_wconf 89' lang='lat' dir='ltr'><strong>sententia,</strong></span> <span class='ocrx_word' id='word_1_222' title='bbox 530 3547 565 3611; x_wconf 92' lang='lat' dir='ltr'><strong>id</strong></span> <span class='ocrx_word' id='word_1_223' title='bbox 585 3547 668 3611; x_wconf 86' lang='lat' dir='ltr'><strong>forte</strong></span> <span class='ocrx_word' id='word_1_224' title='bbox 686 3548 862 3633; x_wconf 87' lang='lat' dir='ltr'><strong>exprobari</strong></span> <span class='ocrx_word' id='word_1_225' title='bbox 881 3549 960 3632; x_wconf 91' lang='lat' dir='ltr'><strong>ipsis</strong></span> <span class='ocrx_word' id='word_1_226' title='bbox 976 3571 1040 3612; x_wconf 92' lang='lat' dir='ltr'><strong>non</strong></span> <span class='ocrx_word' id='word_1_227' title='bbox 1060 3561 1180 3634; x_wconf 79' lang='lat' dir='ltr'><strong>posset,</strong></span> 
     </span>
     <span class='ocr_line' id='line_1_33' title="bbox 55 3645 1180 3730; baseline 0.004 -25"><span class='ocrx_word' id='word_1_228' title='bbox 55 3645 137 3728; x_wconf 84' lang='lat' dir='ltr'><strong>quia</strong></span> <span class='ocrx_word' id='word_1_229' title='bbox 159 3666 274 3709; x_wconf 89' lang='lat' dir='ltr'><strong>revera</strong></span> <span class='ocrx_word' id='word_1_230' title='bbox 297 3648 414 3730; x_wconf 89' lang='lat' dir='ltr'><strong>gravia</strong></span> <span class='ocrx_word' id='word_1_231' title='bbox 432 3647 557 3710; x_wconf 85' lang='lat' dir='ltr'><strong>motiva</strong></span> <span class='ocrx_word' id='word_1_232' title='bbox 574 3647 856 3710; x_wconf 87' lang='lat' dir='ltr'><strong>continuationem</strong></span> <span class='ocrx_word' id='word_1_233' title='bbox 873 3645 1068 3728; x_wconf 88' lang='lat' dir='ltr'><strong>suadebant,</strong></span> <span class='ocrx_word' id='word_1_234' title='bbox 1088 3646 1180 3710; x_wconf 80' lang='lat' dir='ltr'><strong>durn-</strong></span> 
     </span>
     <span class='ocr_line' id='line_1_34' title="bbox 56 3743 1180 3825; baseline 0.005 -23"><span class='ocrx_word' id='word_1_235' title='bbox 56 3761 124 3825; x_wconf 90' lang='lat' dir='ltr'><strong>que</strong></span> <span class='ocrx_word' id='word_1_236' title='bbox 159 3743 329 3807; x_wconf 89' lang='lat' dir='ltr'><strong>decretum</strong></span> <span class='ocrx_word' id='word_1_237' title='bbox 371 3743 595 3808; x_wconf 90' lang='lat' dir='ltr'><strong>dissolutionis</strong></span> <span class='ocrx_word' id='word_1_238' title='bbox 643 3744 767 3808; x_wconf 88' lang='lat' dir='ltr'><strong>factum</strong></span> <span class='ocrx_word' id='word_1_239' title='bbox 812 3755 878 3825; x_wconf 89' lang='lat' dir='ltr'><strong>est,</strong></span> <span class='ocrx_word' id='word_1_240' title='bbox 922 3755 1026 3808; x_wconf 88' lang='lat' dir='ltr'><strong>status</strong></span> <span class='ocrx_word' id='word_1_241' title='bbox 1069 3767 1180 3808; x_wconf 84' lang='lat' dir='ltr'><strong>rerrsm</strong></span> 
     </span>
     <span class='ocr_line' id='line_1_35' title="bbox 56 3839 1180 3907; baseline 0.004 -5"><span class='ocrx_word' id='word_1_242' title='bbox 56 3839 209 3905; x_wconf 85' lang='lat' dir='ltr'><strong>Pontifici</strong></span> <span class='ocrx_word' id='word_1_243' title='bbox 245 3843 356 3905; x_wconf 91' lang='lat' dir='ltr'><strong>minus</strong></span> <span class='ocrx_word' id='word_1_244' title='bbox 389 3841 472 3904; x_wconf 89' lang='lat' dir='ltr'><strong>bene</strong></span> <span class='ocrx_word' id='word_1_245' title='bbox 505 3851 602 3904; x_wconf 90' lang='lat' dir='ltr'><strong>notus</strong></span> <span class='ocrx_word' id='word_1_246' title='bbox 635 3852 715 3905; x_wconf 88' lang='lat' dir='ltr'><strong>eret.</strong></span> <span class='ocrx_word' id='word_1_247' title='bbox 763 3841 827 3907; x_wconf 88' lang='lat' dir='ltr'><strong>Sed</strong></span> <span class='ocrx_word' id='word_1_248' title='bbox 862 3863 940 3904; x_wconf 87' lang='lat' dir='ltr'><strong>mox</strong></span> <span class='ocrx_word' id='word_1_249' title='bbox 971 3841 1180 3906; x_wconf 89' lang='lat' dir='ltr'><strong>Basilcenses</strong></span> 
     </span>
     <span class='ocr_line' id='line_1_36' title="bbox 56 3938 1179 4005; baseline 0.005 -7"><span class='ocrx_word' id='word_1_250' title='bbox 56 3941 261 4002; x_wconf 86' lang='lat' dir='ltr'><strong>reverentiae</strong></span> <span class='ocrx_word' id='word_1_251' title='bbox 275 3938 407 4003; x_wconf 88' lang='lat' dir='ltr'><strong>debitae</strong></span> <span class='ocrx_word' id='word_1_252' title='bbox 420 3938 541 4004; x_wconf 90' lang='lat' dir='ltr'><strong>limites</strong></span> <span class='ocrx_word' id='word_1_253' title='bbox 556 3951 777 4004; x_wconf 87' lang='lat' dir='ltr'><strong>excesserunt.</strong></span> <span class='ocrx_word' id='word_1_254' title='bbox 805 3941 936 4003; x_wconf 88' lang='lat' dir='ltr'><strong>Dicitur</strong></span> <span class='ocrx_word' id='word_1_255' title='bbox 949 3961 1003 4004; x_wconf 86' lang='lat' dir='ltr'><strong>eos</strong></span> <span class='ocrx_word' id='word_1_256' title='bbox 1017 3943 1179 4005; x_wconf 86' lang='lat' dir='ltr'><strong>excitasse</strong></span> 
     </span>
    </p>
   </div>
   <div class='ocr_carea' id='block_1_6' title="bbox 61 4083 265 4092">
    <p class='ocr_par' dir='ltr' id='par_1_7' title="bbox 61 4083 265 4092">
     <span class='ocr_line' id='line_1_37' title="bbox 61 4083 265 4092; baseline 0.005 -4"><span class='ocrx_word' id='word_1_257' title='bbox 61 4083 95 4088; x_wconf 87' lang='lat'><strong>-.-</strong></span> <span class='ocrx_word' id='word_1_258' title='bbox 105 4083 209 4092; x_wconf 32' lang='grc' dir='ltr'><strong>Ν,-</strong></span> <span class='ocrx_word' id='word_1_259' title='bbox 216 4087 265 4092; x_wconf 75' lang='lat'><em>.-....</em></span> 
     </span>
    </p>
   </div>
   <div class='ocr_carea' id='block_1_7' title="bbox 53 4159 1182 4296">
    <p class='ocr_par' dir='ltr' id='par_1_8' title="bbox 53 4159 1182 4296">
     <span class='ocr_line' id='line_1_38' title="bbox 53 4159 1182 4229; baseline 0.005 -17"><span class='ocrx_word' id='word_1_260' title='bbox 53 4159 191 4216; x_wconf 87' lang='lat' dir='ltr'><strong>Basileam</strong></span> <span class='ocrx_word' id='word_1_261' title='bbox 209 4161 302 4216; x_wconf 85' lang='lat' dir='ltr'><strong>delato</strong></span> <span class='ocrx_word' id='word_1_262' title='bbox 319 4161 411 4222; x_wconf 86' lang='lat' dir='ltr'><strong>fnisse,</strong></span> <span class='ocrx_word' id='word_1_263' title='bbox 449 4163 491 4214; x_wconf 80' lang='lat' dir='ltr'><strong>Ex</strong></span> <span class='ocrx_word' id='word_1_264' title='bbox 510 4161 677 4216; x_wconf 89' lang='lat' dir='ltr'><strong>documentis</strong></span> <span class='ocrx_word' id='word_1_265' title='bbox 703 4161 849 4229; x_wconf 84' lang='lat' dir='ltr'><strong>colligitur,</strong></span> <span class='ocrx_word' id='word_1_266' title='bbox 872 4177 928 4216; x_wconf 88' lang='lat' dir='ltr'><strong>rem</strong></span> <span class='ocrx_word' id='word_1_267' title='bbox 946 4177 974 4216; x_wconf 91' lang='lat' dir='ltr'><strong>se</strong></span> <span class='ocrx_word' id='word_1_268' title='bbox 993 4161 1117 4216; x_wconf 84' lang='lat' dir='ltr'><strong>habuisse</strong></span> <span class='ocrx_word' id='word_1_269' title='bbox 1135 4163 1182 4218; x_wconf 89' lang='lat' dir='ltr'><strong>uti</strong></span> 
     </span>
     <span class='ocr_line' id='line_1_39' title="bbox 58 4253 236 4296; baseline 0.034 -6"><span class='ocrx_word' id='word_1_270' title='bbox 58 4253 236 4296; x_wconf 80' lang='lat' dir='ltr'><strong>narrammus.</strong></span> 
     </span>
    </p>
   </div>
   <div class='ocr_carea' id='block_1_8' title="bbox 0 0 1456 4848">
    <p class='ocr_par' dir='ltr' id='par_1_9' title="bbox 0 0 1456 4848">
     <span class='ocr_line' id='line_1_40' title="bbox 0 0 1456 4848; baseline 0 1"><span class='ocrx_word' id='word_1_271' title='bbox 0 0 1456 4848; x_wconf 95' lang='lat' dir='ltr'><strong> </strong></span> 
     </span>
    </p>
   </div>
  </div>
 </body>
</html>
