2916 4842
286 405 321 459 96
483 404 587 459 XXIII.
606 405 647 460 Do
664 409 741 459 statu
759 406 859 460 Ecclen.
878 406 961 474 priori
982 405 1067 460 medio
1085 421 1154 460 saec.
1174 405 1236 460 XII.

288 560 344 614 aut
366 549 589 634 respondendi,
615 550 644 612 si
663 560 779 633 poscet,
805 549 991 637 objiciendis
1014 560 1105 634 atque
1129 549 1325 637 objectandic
1348 549 1418 611 cibi

286 646 466 710 rationibue
486 647 612 732 pariter
636 657 665 709 et
684 657 861 711 canctomem
888 648 1073 710 testimoniis
1095 647 1236 713 Petrum.
1284 646 1329 710 At
1353 647 1416 709 ille

285 769 342 808 nec
364 744 474 808 caleno
496 744 690 829 resipiscere,
715 768 770 808 nec
793 745 903 809 caleno
925 745 1069 808 resistere
1093 746 1270 830 sapientiae
1294 756 1324 807 et
1344 746 1416 830 cpi·

285 843 365 907 ritui
389 844 443 928 qui
467 841 661 927 loquebatur,
686 853 721 906 ut
737 853 856 928 tempus
871 842 1046 920 redimeret,
1064 841 1175 906 Sedem
1191 842 1417 928 Apostolicam

286 938 472 1026 appellavit.
519 938 614 1002 Haeo
638 941 709 1024 ipsa
733 963 758 1004 s.
774 940 964 1004 Bernarduo
988 938 1093 1004 ineius
1117 939 1263 1024 explicat
1285 941 1320 1004 in
1343 942 1416 1026 epi·

285 1037 367 1102 stola
392 1036 791 1104 189=ad1nnooentium
816 1037 891 1125 II.¹)

116 1177 278 1282 ddb⁸0¹tssd¹¹⁸b
379 1173 452 1236 123.
500 1170 868 1256 SynodusSenonensis
893 1196 913 1236 a
935 1172 1122 1258 judicanda
1134 1169 1314 1236 Abaelardi
1338 1193 1416 1255 per-

131 1250 263 1344 ffiidssi
289 1291 370 1334 sona
400 1279 534 1354 propter
564 1271 751 1334 institutam
783 1270 826 1334 ab
854 1293 892 1335 eo
925 1271 968 1335 ad
997 1271 1183 1335 Romanum
1211 1268 1415 1334 Pontificem

164 1367 241 1406 Μ·
287 1367 542 1453 appellationem
566 1367 744 1450 abstinuit3
774 1368 831 1433 sed
855 1391 980 1433 errores
1004 1369 1075 1454 ejus
1099 1367 1345 1447 condemnavit,
1380 1379 1416 1430 et

287 1465 327 1528 de
343 1465 498 1528 omnibus
515 1464 748 1531 Innocentium
761 1466 888 1552 Papam
904 1467 1042 1553 epistola
1057 1466 1218 1551 synodica
1233 1467 1414 1530 certiorem

285 1562 440 1644 reddidit,
468 1585 588 1647 rogans
612 1587 699 1643 cum,
733 1575 769 1628 ut
797 1588 855 1651 pro
880 1568 929 1628 sui
956 1567 1117 1650 primatus
1140 1563 1248 1628 officio
1273 1563 1413 1626 eosdem

284 1683 409 1726 errores
433 1660 615 1745 damnaret,
641 1673 673 1727 et
688 1663 883 1728 confirmata
898 1663 1016 1748 cynodi
1034 1664 1198 1727 sententia
1212 1657 1413 1725 novatorem

283 1759 452 1824 hominem
486 1768 660 1826 coerceret.
707 1761 862 1825 Pontifex
886 1783 974 1841 vero,
1008 1784 1043 1825 re
1067 1761 1180 1825 sedulo
1205 1761 1413 1841 examinata,

283 1858 480 1922 sententiam
512 1857 631 1941 synodi
655 1857 855 1923 senonensis
885 1860 1094 1924 confirmavit
1124 1868 1156 1922 et
1180 1857 1413 1923 Abaelardum

284 1957 420 2042 ejusque
454 1977 578 2019 errores
610 1957 855 2023 condemnavit.
902 1957 941 2021 In
974 1957 1110 2042 epistola
1134 1958 1294 2042 inscripta
1319 1955 1415 2020 Hen-

283 2055 351 2118 rico
376 2053 570 2132 Senonensi,
605 2053 756 2120 Samsoni
780 2053 961 2119 Rhemonsi
986 2055 1256 2141 archiepiscopis,
1281 2075 1413 2117 eorum-

282 2174 346 2238 que
377 2152 602 2234 suffraganeis,
638 2162 671 2216 et
702 2154 869 2217 carissimo
901 2154 935 2217 in
968 2151 1098 2217 Christo
1134 2153 1201 2217 filio
1235 2152 1412 2216 Bernardo

283 2247 497 2314 Claraevallis
521 2249 645 2332 abbati,
670 2252 756 2314 inter
778 2250 843 2314 alia
867 2251 997 2316 scribit:
1021 2251 1171 2314 Dolemua
1195 2261 1307 2329 autem,
1333 2273 1411 2334 qno·

282 2351 385 2428 triam,
422 2349 502 2411 sieut
537 2347 715 2412 litterarum
751 2359 927 2412 nostrarum
961 2351 1152 2434 impactione
1188 2359 1217 2412 et
1250 2349 1355 2412 miecio
1390 2373 1413 2412 a

282 2459 387 2511 *oeotra
408 2446 621 2532 fraternitate
654 2437 745 2510 nobie
776 2470 917 2510 errorum
946 2446 1097 2532 capitulis
1129 2447 1335 2532 cognovimus,
1375 2449 1413 2508 in

281 2545 460 2608 nouissimis
477 2543 595 2621 diebus,
621 2545 747 2629 quando
761 2547 884 2608 iuetaut
892 2543 1078 2631 periculosa
1095 2556 1246 2630 tempora,
1271 2545 1305 2607 in
1319 2545 1414 2607 Petri

283 2643 462 2706 Abaelardi
479 2643 664 2728 perniciosa
688 2643 844 2718 doctrina,
877 2654 908 2706 et
926 2643 1163 2728 praedictorum
1186 2643 1342 2718 haereres,
1381 2653 1413 2704 et

283 2741 352 2805 aliu
376 2763 528 2826 pere-ereo
560 2741 709 2826 deperata
741 2740 912 2804 catholicae
934 2741 1017 2824 fidei
1047 2739 1209 2803 obviantia
1238 2737 1412 2825 pullulare

282 2848 457 2924 coeperunt.
495 2837 607 2901 Veram
630 2840 665 2902 in
688 2839 742 2902 boc
765 2841 899 2902 manime
924 2838 1123 2902 concolamur
1146 2847 1175 2900 ot
1198 2837 1414 2922 omnipotenti

283 2937 351 3000 Deo
383 2937 507 3022 pratiae
537 2938 674 3021 opimus,
707 2938 762 3021 qui
788 2937 823 3000 in
847 2937 998 3022 partibus
1028 2938 1139 3000 venais
1164 2957 1227 3021 pro
1256 2933 1413 3020 pot-ribus

284 3033 363 3100 tales
377 3034 467 3118 fllioo
490 3035 663 3112 suscitavit,
689 3046 718 3098 et
743 3044 877 3119 tempore
902 3032 1101 3120 apostolatui
1124 3035 1228 3097 nostri
1249 3034 1284 3095 iu
1300 3033 1409 3096 Eccle-

282 3135 334 3200 cto
357 3155 416 3195 aua
440 3142 504 3194 tam
521 3132 710 3217 praeclaros
734 3131 833 3196 uoluit
857 3155 921 3195 esce
941 3143 1097 3218 pastores,
1128 3133 1181 3216 qui
1203 3132 1276 3193 novi
1298 3131 1409 3194 baere-

283 3232 338 3295 tici
360 3229 525 3294 columniis
549 3230 698 3294 audeone
721 3231 857 3308 obviare,
882 3241 912 3293 et
926 3229 1161 3294 immaculatam
1177 3251 1325 3315 aponoam
1349 3232 1410 3292 oni

283 3333 349 3394 uiro
379 3330 530 3414 uirpinem
562 3339 683 3392 cartam
715 3328 858 3391 celtibera
886 3325 1017 3392 Christo.
1067 3329 1136 3391 Noe
1164 3329 1270 3412 itaque
1292 3327 1349 3411 qui
1373 3329 1408 3390 in

282 3428 366 3492 beati
391 3427 477 3489 Petri
500 3427 659 3510 cathedra,
685 3428 736 3490 cni
759 3450 780 3489 α
802 3427 939 3490 Domino
964 3438 1010 3490 cat
1033 3426 1166 3489 dictum:
1201 3425 1265 3504 ,Et
1288 3434 1321 3488 tu
1346 3423 1407 3488 ali·

281 3525 408 3612 quando
439 3547 605 3588 conoerouo
635 3525 785 3610 confirma
799 3523 927 3610 fratrea
952 3527 1053 3602 t·uos“‚
1087 3523 1159 3586 licet
1180 3523 1306 3607 indipni
1327 3523 1406 3585 rcci-

281 3623 355 3686 dcre
378 3623 605 3708 conspicimur:
628 3624 852 3687 communicato
868 3622 1014 3708 fratrum
1036 3632 1214 3685 nostrorum
1233 3621 1406 3707 Epiecopo-

280 3745 350 3785 rum
374 3732 403 3784 et
429 3717 651 3786 Cardinalium
681 3718 822 3802 concilio,
854 3721 1015 3784 destinata
1043 3719 1133 3783 nobie
1168 3741 1188 3782 a
1212 3729 1317 3783 oestro
1341 3719 1406 3782 dic·

281 3821 416 3883 cretione
440 3815 593 3903 capitula,
625 3829 655 3882 ct
677 3819 825 3882 uniuersa
848 3819 950 3903 ipriuo
973 3817 1060 3881 Petri
1079 3838 1232 3903 peruersa
1255 3817 1406 3901 dopmata

282 3927 460 3980 sanctorum
484 3939 638 3979 canonum
661 3918 847 3980 arcetoritote
871 3939 938 3979 cnm
962 3937 1016 3979 ouo
1034 3925 1159 3980 auctore
1174 3915 1403 3990 damnavimus,

287 4201 290 4209 ’
357 4191 376 4256 ¹)
398 4189 452 4245 Otr.
474 4189 743 4253 Wontcrs‚1)issert.
764 4187 822 4242 Vol.
841 4189 890 4244 IV.
910 4185 1016 4244 insert.
1036 4187 1125 4244 XXII.
