2916 4842
171 1167 300 1208 Diaeutltur

188 1230 276 1271 relatio.

324 458 376 510 124
483 457 583 511 XXIV.
604 457 644 512 De
662 457 780 512 dissidiis
799 457 930 512 Friderioi
950 457 963 510 1
982 473 1042 512 eum
1063 459 1095 512 R.
1115 459 1298 514 Pontificibus.

322 599 392 685 puli
416 600 567 682 Romani,
592 599 752 666 electione
776 602 923 666 universi
947 602 1035 684 cleri,
1060 624 1196 666 assensu
1221 606 1320 669 etiam
1345 608 1444 668 totius

321 699 389 763 fere
406 709 539 763 senatus
563 709 595 763 et
618 701 766 762 omnium
790 701 1048 785 capitaneorum,
1075 700 1245 782 baronum,
1271 701 1432 783 nobilium,

322 808 390 862 tam
413 797 500 861 infra
517 796 642 862 Urbem
667 818 765 882 quam
781 810 875 861 extra
893 797 1018 863 Urbem
1034 797 1271 881 habitantium,
1295 811 1431 863 nostmnr

323 896 463 960 electum
503 904 614 959 manto
654 895 824 959 induimus
853 906 886 959 et
916 897 1149 960 intronizatum
1183 898 1217 960 in
1245 897 1323 961 sede
1354 895 1431 960 beati

323 994 411 1058 Petri
437 992 735 1075 collocavimus.“¹)

413 1147 465 1210 25.
513 1147 586 1211 Hae
611 1149 645 1208 in
670 1145 828 1210 relatione
858 1147 1020 1231 imprimis
1051 1145 1133 1208 illud
1158 1144 1268 1208 differt
1291 1167 1311 1208 a
1334 1169 1434 1209 narra·

322 1247 411 1308 tione
436 1243 619 1309 Alexandri
645 1245 695 1307 Ill
735 1255 767 1308 et
804 1245 907 1330 portis
937 1245 1051 1328 ipsius,
1091 1242 1180 1329 quod
1212 1245 1369 1308 asseritur
1404 1243 1440 1306 ‹lc-

322 1345 522 1407 conueotioue
534 1345 617 1406 inita
640 1345 726 1407 inter
739 1340 941 1422 Curdinales,
966 1343 1098 1406 nonnisi
1115 1342 1265 1405 unanimi
1283 1363 1435 1406 consensu

322 1441 516 1506 Pontificem
541 1440 680 1504 electum
705 1441 756 1504 iri.
802 1439 842 1504 ld
867 1441 913 1503 ita
946 1440 1118 1503 manifeste
1143 1439 1444 1525 interpretabantur

323 1537 517 1604 Cardinales
541 1539 694 1620 Victoris,
726 1561 765 1602 ae
790 1540 817 1602 si
841 1538 884 1601 ad
907 1537 1090 1622 legitimam
1120 1536 1314 1601 electionem
1338 1540 1436 1622 requi·

322 1639 420 1701 situm
445 1637 569 1710 fuisset,
595 1647 631 1701 ut
653 1659 749 1701 nemo
765 1659 798 1700 se
815 1647 995 1722 opponeret
1010 1657 1189 1721 omnesque
1206 1635 1444 1699 concordarent

321 1738 356 1799 iu
381 1735 596 1800 candidatum
619 1737 835 1821 propositum.
884 1734 1006 1798 Censet
1028 1733 1160 1815 Reuter,
1185 1753 1224 1796 ea
1248 1735 1376 1796 ratione
1398 1753 1438 1795 re·

322 1856 401 1898 vera
425 1835 678 1898 conventionem
703 1833 823 1897 factam
849 1833 966 1914 fuisse3
991 1831 1048 1895 sed
1066 1853 1167 1917 quum
1184 1830 1348 1916 ejusmodi
1374 1853 1444 1894 con-1

322 1933 434 1996 ventio
468 1934 500 1996 in
536 1930 591 1995 illa
622 1933 810 1995 animorum
841 1931 1052 1994 contentione
1076 1931 1202 1992 servari
1234 1949 1300 1992 non
1324 1943 1444 2014 posset,

322 2038 354 2094 et
378 2027 572 2093 Cardinales
596 2028 784 2116 imperiales
807 2031 939 2093 nonnisi
970 2049 1066 2091 suum
1091 2027 1317 2107 candidatum,
1350 2027 1439 2092 Octa·

322 2127 470 2208 vianum,
510 2126 643 2209 vellent,
683 2134 810 2212 partem
848 2126 1024 2190 adversam
1058 2127 1200 2210 seposita
1225 2127 1444 2188 conventione

322 2223 508 2288 Rolandum
541 2247 668 2289 creasse
699 2223 940 2310 Pontificem.²)
995 2223 1060 2288 Sed
1103 2223 1142 2288 el.
1175 2223 1292 2287 Hefele
1331 2221 1444 2287 solidis

321 2325 526 2405 argumentis
550 2323 702 2404 ostendit,
728 2324 871 2408 supponi
895 2345 961 2386 non
978 2343 1084 2407 posse,
1110 2322 1367 2385 conventionem
1392 2319 1444 2382 ali-¹

322 2443 420 2504 quam
453 2421 575 2484 laetam
607 2444 676 2486 esse
707 2443 745 2485 eo
779 2442 891 2502 sensu,
924 2420 1011 2506 quod
1037 2418 1146 2483 nullus
1170 2429 1279 2503 posset
1310 2418 1389 2502 eligi
1413 2419 1444 2480 in

321 2539 420 2603 quem
452 2540 517 2582 non
554 2541 667 2583 omnes
702 2522 940 2600 consentirent3
985 2516 1179 2582 Cardinales
1198 2509 1199 2512 ¹
1218 2515 1444 2580 schismaticos

320 2615 430 2679 fallaci
455 2616 559 2688 modo,
577 2639 645 2681 rem
670 2639 845 2703 exponere.
877 2617 947 2680 Nec
971 2617 1086 2680 Victor
1102 2615 1160 2694 lV,
1185 2637 1247 2678 nec
1268 2614 1444 2680 concilium

322 2713 571 2778 schismaticum
596 2715 720 2778 Paviae
745 2715 907 2792 habitum,
939 2713 1100 2799 ejusmodi
1127 2714 1360 2776 conventionis
1386 2735 1444 2775 ms·

322 2813 428 2892 minit,
454 2835 495 2875 ex
520 2835 584 2896 qua
608 2822 719 2876 tamen
743 2823 974 2896 argumentum
999 2813 1129 2896 insigne
1153 2812 1188 2874 in
1211 2812 1363 2875 favorem
1389 2811 1444 2875 Or«

324 2911 449 2974 taviani
475 2910 640 2974 deducere
664 2912 858 2995 potuissent.
892 2911 962 2974 Nec
979 2911 1119 2995 supponi
1146 2919 1262 2994 potest,
1287 2909 1444 2995 majorem

321 3016 448 3093 partem
474 3006 713 3090 Cardinalium,
745 3009 901 3073 videlicet
925 3031 980 3073 eos
1004 3010 1061 3093 qui
1087 3006 1317 3071 Alexandrum
1343 3005 1444 3090 elege«

323 3115 409 3186 runt,
446 3115 544 3170 antea
577 3106 739 3192 ejusmodi
777 3108 1030 3170 conventionem
1062 3106 1185 3187 iniisse,
1224 3103 1355 3168 nullum
1381 3105 1444 3168 iore

322 3203 530 3286 Pontificem,
560 3207 622 3268 nisi
649 3207 678 3269 ei
704 3227 818 3269 omnes
841 3227 972 3291 quoque
997 3203 1191 3269 Cardinales
1215 3205 1360 3288 oppositi
1386 3201 1444 3266 suf·

321 3301 463 3386 fragium
489 3301 665 3367 dedissent.
695 3303 867 3389 Ejusmodi
892 3313 1026 3388 paetum
1052 3325 1109 3388 per
1133 3325 1167 3365 se
1191 3311 1261 3364 erat
1284 3302 1444 3386 ineptum,

322 3399 420 3464 modo
455 3401 610 3465 anteriori
642 3401 839 3466 electionum
870 3403 1057 3486 oppositum
1088 3410 1120 3464 et
1151 3399 1249 3486 plane
1281 3398 1444 3480 illicitum,

322 3520 423 3583 quurn
457 3520 532 3582 pars
563 3499 669 3584 major
702 3512 734 3562 et
761 3501 872 3564 sanior
895 3521 962 3564 non
986 3508 1095 3584 posset
1119 3500 1165 3562 ita
1187 3498 1390 3581 restringere
1414 3497 1444 3560 ti«

324 3594 482 3659 bertatem
514 3619 606 3660 suam
639 3619 679 3661 ae
706 3597 775 3682 juri
800 3619 857 3661 suo
882 3596 981 3682 plane
1005 3596 1205 3660 renuntiare.
1253 3593 1444 3660 Cardinalrs

322 3715 418 3779 porro
444 3693 645 3758 schismatici
671 3697 705 3758 iu
730 3697 771 3758 iis
795 3717 879 3781 quae
905 3704 1049 3774 narrant,
1083 3694 1345 3758 contradictione
1372 3716 1444 3778 qua«

322 3791 399 3855 dam
424 3814 493 3854 sese
525 3793 711 3857 involvunt.
759 3795 922 3856 Asserunt
945 3791 1114 3872 videlicet,
1146 3791 1308 3856 factiones
1332 3791 1444 3856 adver«

322 3911 375 3952 aas
393 3889 465 3974 jam
488 3898 565 3953 ante
589 3889 783 3955 electionem
807 3891 966 3955 formatas
990 3891 1164 3972 exstitisse,
1200 3889 1444 3954 Alexandrinos

320 4052 482 4060 ——.-—.--

396 4157 416 4223 ¹)
434 4157 466 4210 V.
486 4157 649 4223 Watterich,
668 4157 705 4211 II.
723 4158 784 4210 461.

395 4236 416 4306 ²)
435 4237 588 4292 Alexander
606 4238 657 4303 ΙΙΙ,
676 4238 707 4290 Β.
726 4238 747 4291 Ι.
768 4253 789 4291 a
811 4237 827 4290 Ι.
