2850 4834
258 429 310 485 118
471 431 572 488 XXXl.
593 433 632 489 De
651 434 798 490 abolitione
817 435 925 490 Ordinis
943 435 1167 504 Templarioram.

783 725 861 790 IV.

255 859 320 922 De
342 861 516 940 justitio
551 865 788 932 abolitionis
821 865 998 932 Ordinis
1029 865 1356 944 Ternplarioram.

261 1049 266 1059 “
344 1037 398 1102 32.
445 1038 521 1103 Jarn
555 1041 717 1122 diximus,
751 1064 816 1106 non
849 1042 962 1106 deesse
994 1051 1146 1106 auctores
1170 1041 1266 1104 etiam
1288 1041 1358 1102 inter

255 1135 343 1197 viros
368 1136 547 1202 catholicos
563 1139 732 1204 Ecclesiae
752 1139 914 1220 addictos,
938 1141 994 1226 qni
1012 1137 1225 1203 abolitionem
1242 1135 1358 1202 Ordinis

254 1229 384 1317 Templi
409 1235 529 1298 acriter
553 1237 809 1322 reprehendunt.
858 1236 1062 1301 Clementem
1086 1245 1257 1311 accusant,
1286 1231 1358 1320 quod

254 1328 317 1392 hac
356 1331 389 1393 in
426 1353 460 1394 re
495 1336 584 1418 turpi
620 1334 777 1420 obsequio
814 1336 949 1399 cesserit
983 1333 1197 1420 postulationi
1233 1331 1358 1416 Philippi

253 1425 405 1502 Pulchri;
450 1434 716 1516 suppressionem
763 1455 839 1496 vero
880 1431 1016 1498 Ordinis
1056 1435 1089 1494 in
1126 1453 1160 1496 se
1198 1441 1359 1516 spectatam

255 1523 379 1590 habent
415 1537 450 1592 ut
485 1530 658 1614 injustam,
699 1553 801 1616 quum
837 1530 1045 1616 Templarios
1084 1529 1272 1594 nullatenus
1303 1549 1361 1590 reos

169 1637 171 1640 ’
253 1621 354 1686 fuisse
378 1629 576 1710 censeant.¹)
623 1629 737 1692 Restat
761 1631 871 1714 igitur,
904 1641 939 1692 ut
963 1629 1202 1708 examinemus,
1234 1623 1361 1714 quidde

255 1719 380 1806 duplici
405 1722 466 1786 hac
491 1728 701 1790 accusatione
727 1727 905 1790 dicendum
930 1728 982 1791 sit.

84 1892 206 1934 mmm
226 1895 243 1934 v
344 1839 396 1905 33.
446 1839 545 1917 Quod
577 1841 620 1904 ad
654 1841 858 1906 Clementem
890 1841 1085 1906 Pontificem
1109 1843 1238 1924 attinet,
1269 1839 1363 1902 existi-

104 1956 226 1996 mamur.
256 1957 395 2013 mamus,
419 1961 535 2002 revera
559 1961 634 2002 eum
660 1942 692 2003 in
718 1940 918 2026 quibusdam
944 1941 1085 2024 negotiis
1100 1937 1259 2024 obsequio
1275 1937 1363 2002 nimio

256 2035 391 2098 cessisse
415 2035 581 2122 Philippo,
614 2040 806 2123 praesertim
840 2040 874 2102 in
899 2060 936 2102 eo
962 2036 1049 2124 quod
1075 2037 1233 2100 Bonifatii
1260 2054 1364 2099 merno-

252 2134 335 2196 riam
374 2155 439 2196 non
476 2135 700 2200 vindicaverit
735 2136 813 2200 inde
846 2137 888 2200 ab
922 2137 1016 2200 initio
1042 2135 1158 2220 majori
1183 2135 1365 2198 auctoritate

252 2239 365 2294 contra
394 2255 520 2318 regem,
555 2233 710 2320 quodque
734 2233 828 2319 plura
853 2257 937 2320 quae
961 2232 1153 2318 Philippum
1187 2230 1365 2318 pungebant

252 2329 286 2391 in
320 2325 619 2396 Constitutionibus
660 2342 692 2396 et
730 2331 876 2418 epistolis
913 2329 1181 2396 Praedeoessoris
1221 2331 1269 2394 sui
1303 2327 1365 2392 radi

246 2429 391 2513 jusserit.
431 2431 561 2496 Fecisse
585 2443 698 2496 tamen
723 2431 807 2495 haee
830 2430 926 2496 nobis
951 2431 1092 2510 videtur,
1117 2427 1204 2514 quod
1230 2429 1366 2512 opinare·
1406 2519 1407 2522 Ἴ

253 2535 314 2604 tur,
342 2525 458 2590 honori
485 2527 652 2592 Ecclesiae
677 2528 845 2613 expedire,
879 2541 916 2592 ut
933 2529 1079 2614 juridice
1101 2525 1263 2591 Bonifatii
1286 2527 1366 2588 inno·

252 2624 361 2686 centia
393 2634 506 2688 contra
539 2628 768 2692 accusationes
800 2627 966 2713 probetur,
1000 2625 1154 2712 quodque
1180 2622 1366 2688 concordiae

252 2743 328 2784 oum
352 2744 428 2806 rege
446 2721 573 2788 Galliae
598 2723 773 2809 quaedam,
799 2724 901 2789 salvis
918 2725 1101 2810 principiis,
1128 2721 1265 2786 concedi
1280 2741 1366 2806 posse

251 2821 449 2885 aestimaret.
497 2821 608 2888 Etiam
647 2821 787 2886 elevatio
826 2833 873 2887 tot
912 2821 1132 2908 praelatorum
1165 2819 1291 2884 Galliae
1330 2815 1367 2880 ad

252 2917 446 3002 dignitatem
488 2919 715 2986 Cardinalium
754 2921 924 2986 Ecclesiae
962 2919 1059 2985 saluti
1100 2919 1191 2983 leand
1231 2916 1368 3002 proficua

250 3025 334 3096 erat3
374 3017 430 3080 sed
467 3017 530 3082 bac
565 3021 599 3083 in
635 3043 669 3086 re
705 3023 815 3106 potius
845 3023 954 3084 minus
979 3019 1067 3084 felici
1088 3017 1210 3103 judicii
1235 3016 1367 3081 criterio.

250 3115 428 3202 animoque
467 3117 500 3180 in
536 3116 649 3182 Gallos
688 3119 786 3183 nimis
822 3139 994 3204 propense,
1036 3116 1234 3180 Pontificem
1270 3115 1366 3198 egisse

250 3233 433 3278 censemus.

338 3329 390 3394 34.
440 3329 615 3394 Caeterum
641 3331 772 3416 judicia
803 3333 968 3394 severiora
993 3333 1026 3394 in
1052 3327 1260 3393 Clementem
1286 3323 1364 3410 apud

250 3424 369 3490 multos
393 3437 543 3492 auctores
567 3429 644 3492 inde
670 3429 860 3514 provenisse
892 3428 1058 3508 videntur,
1092 3425 1181 3512 quod
1207 3447 1285 3488 vera
1316 3423 1364 3486 ba·

250 3523 366 3587 berent
399 3547 483 3610 quae
507 3525 632 3590 Villani
670 3528 710 3591 de
742 3527 813 3612 ejus
844 3525 1003 3590 electione
1035 3547 1074 3590 ac
1100 3524 1140 3588 de
1165 3525 1271 3609 pactis
1296 3543 1363 3586 cum

249 3621 403 3710 Philippo
443 3627 534 3688 initis
572 3627 729 3691 narravit.
785 3625 877 3688 Haec
909 3647 988 3689 sane
1013 3624 1136 3710 abjecti
1176 3621 1367 3692 characteris

251 3723 473 3807 suspicionem
512 3721 595 3788 ultro
642 3723 848 3802 excitabant,
887 3744 926 3786 ac
967 3721 1007 3787 de
1048 3723 1219 3790 Clemente
1260 3723 1368 3784 merito

249 3821 470 3902 suggerebant
494 3823 694 3906 opinionem,
727 3843 813 3902 eum,
845 3819 957 3884 servili
982 3822 1127 3907 quadam
1153 3823 1367 3910 dependentia

249 3916 397 4002 ligatum,
423 3921 508 4004 regis
532 3919 633 3984 luisse
658 3921 691 3984 in
709 3918 859 4004 plurimis
884 3917 990 3983 docile
1015 3921 1287 3988 instrumentum.
1331 3923 1368 3985 At

266 4063 414 4070 --—-—

252 4209 275 4264 Τ
301 4129 481 4266 {incipleifg
493 4131 582 4185 Cautir
600 4131 664 4186 hist.
684 4132 760 4186 univ.
781 4131 810 4187 L.
822 4131 900 4187 XlII.
920 4148 941 4188 c.
953 4135 992 4200 6.;
1013 4132 1188 4203 Damberger‚
1207 4133 1367 4190 Gesclriebte.
