2828 4842
288 490 437 546 Dissidium
454 506 515 546 cum
532 491 638 547 Josnne
656 491 774 561 ungriae
791 505 866 560 rege.
1080 492 1134 546 277
1217 458 1220 466 .

47 631 227 716 Apostolieae
236 633 329 700 Sedis
341 633 432 698 illam
440 657 579 721 pravam
587 634 862 700 consuetudinem
873 633 1100 720 abjurarunt.⁰
1108 637 1133 716 ¹)

46 725 83 790 Er
102 728 183 794 hisce
210 730 323 796 litteris
351 743 498 818 apparet,
531 733 697 798 ‚Ioannem
730 753 843 815 regem
874 742 956 813 arte,
988 731 1073 810 dolo,
1102 741 1135 796 et

44 825 214 911 amhagibus
235 829 431 894 Pontificem
456 831 600 894 voluisse
624 830 769 912 adigere,
801 839 927 898 utnon
950 829 1045 912 alius,
1070 831 1133 894 nisi

43 923 163 990 loannes
191 927 411 994 Norwicensis
439 930 615 1015 episeopus
646 928 689 992 ed
723 927 835 992 sedem
859 928 1134 999 Cantusriensem

43 1019 198 1106 eligeretur.
244 1026 399 1091 Pontifex
422 1035 533 1090 autem
559 1028 675 1090 merito
701 1027 829 1090 censuit
853 1027 903 1089 sui
928 1026 1029 1090 officii
1054 1048 1134 1104 esse,

42 1131 67 1180 ut
85 1122 183 1186 virum
206 1123 362 1188 idoneum
387 1123 432 1187 ad
455 1123 546 1188 illam
570 1123 682 1188 sedem
708 1124 896 1209 promoveri
921 1133 1059 1206 curaret,
1088 1133 1135 1186 ut·

41 1237 87 1302 que
107 1217 285 1288 libertatem
309 1220 399 1286 illam
424 1221 624 1286 electionum
656 1221 857 1302 defenderet,
889 1241 974 1306 quae
1003 1223 1135 1290 nonnisi

40 1335 143 1380 summa
174 1321 358 1384 constantia
389 1342 413 1386 s.
439 1319 588 1384 Thomse
618 1319 828 1405 aliquatenus
858 1318 972 1383 saltem
1006 1329 1136 1385 servata

39 1425 98 1480 ent.
133 1415 221 1482 Dum
246 1439 324 1481 vero
349 1417 448 1482 simul
473 1419 560 1502 regis
583 1417 701 1483 honori
726 1416 888 1501 singulari
913 1416 1136 1481 sollicitudine

38 1514 210 1596 provideret,
236 1538 274 1580 eo
299 1517 409 1580 miuus
432 1518 462 1580 ei
479 1515 543 1580 hac
556 1517 590 1580 in
606 1538 642 1580 re
658 1516 775 1580 cedere
792 1513 1022 1596 conveniebat,
1048 1514 1134 1600 quod

37 1607 160 1676 loannes
178 1613 378 1697 jamdudum
409 1637 443 1678 se
467 1614 656 1679 ostenderet
680 1625 716 1678 ut
739 1615 923 1699 principem
948 1611 1136 1697 impruden-

37 1720 95 1790 tem,
115 1711 265 1796 impium,
290 1711 461 1776 Ecclesiae
485 1721 519 1776 et
541 1711 620 1776 Sedi
645 1711 856 1797 Apostolioae
879 1709 1067 1776 adversum.

103 1841 152 1907 62.
200 1843 315 1922 Quum
346 1843 388 1906 ad
412 1843 473 1908 has
497 1843 623 1908 litteras
646 1845 860 1908 Innocentius
888 1864 1046 1928 responso
1069 1865 1134 1907 non

35 1941 197 2022 recepisset,
231 1943 303 2027 ipse
336 1941 390 2005 die
420 1942 479 2005 17⁰
502 1941 598 2007 Junii
621 1940 766 2006 Viterbii
790 1939 996 2026 Stephanum
1021 1941 1135 2005 Cardi-

34 2034 121 2101 uelem
143 2038 334 2104 solemniter
357 2041 391 2103 in
416 2040 705 2125 archiepiscopum
727 2039 1001 2104 cantuariensem
1026 2060 1136 2104 conse-

33 2137 127 2215 cravit,
150 2144 183 2199 et
207 2135 262 2200 die
286 2138 347 2200 24⁰
369 2137 465 2203 Juuii
496 2139 714 2222 suffraganeis
737 2136 896 2202 ecclesiae
922 2134 1136 2202 Cantuarisn-

31 2233 64 2293 sis
90 2235 263 2313 nuntiavit,
297 2255 331 2298 se
361 2257 465 2321 quum
489 2232 695 2320 Stephanum
728 2235 1003 2300 Centuariensem
1033 2233 1138 2299 archi·

31 2331 203 2416 episcopum
234 2332 267 2398 S.
292 2331 330 2398 R.
356 2333 394 2399 E.
428 2331 641 2397 Cardinelem
672 2355 781 2418 nuper
812 2335 954 2418 propriis
984 2331 1138 2396 menibus

31 2431 177 2493 curaverit
200 2433 398 2510 consecrari,
432 2427 532 2516 pallio
557 2433 588 2494 ei
612 2430 689 2495 dato
714 2431 756 2494 ed
782 2430 954 2494 ecclesiam
979 2451 1137 2516 memora-

31 2534 82 2586 um
103 2525 288 2592 decrevisse
312 2529 614 2594 transmittendum.
647 2527 754 2592 Simul
778 2549 833 2592 eos
858 2531 987 2592 monuit
1010 2537 1043 2592 et
1065 2528 1137 2592 hor-

31 2631 98 2686 utus
120 2633 181 2706 est,
223 2635 261 2688 ut
280 2626 390 2690 eidem
415 2626 534 2690 amodo
559 2636 718 2712 tanquam
744 2626 994 2712 archiepiscopo
1019 2647 1077 2689 suo
1103 2626 1138 2689 in

31 2719 163 2785 omnihus
195 2722 416 2802 intendentes,
450 2723 616 2788 mandatis
647 2721 735 2788 illius
767 2723 935 2788 humiliter
958 2723 1138 2810 pareant.⁰)

32 2814 82 2880 ihi
103 2841 180 2884 vero
207 2820 251 2884 ad
267 2820 431 2886 Joannem
457 2843 568 2906 regem
585 2824 722 2887 nuntius
744 2823 905 2907 pervenit,
931 2820 1137 2907 Stephanum

31 2913 54 2975 ln
74 2917 254 3001 praesulem
279 2918 553 2984 cantuariensem
578 2931 808 2984 consecratum
832 2941 912 3001 esse,
945 2941 1064 3005 magno
1088 2917 1136 2982 lu-

29 3033 85 3076 rore
112 3016 283 3102 perculsus
315 3019 356 3082 de
387 3018 558 3084 monachis
596 3021 759 3105 imprimis
793 3018 951 3083 ultionem
986 3019 1136 3103 sumpsit.

30 3107 191 3178 Fueonem
218 3115 259 3179 de
284 3114 461 3204 Cantilupe
494 3129 526 3181 et
549 3117 771 3202 Reginaldum
801 3117 842 3181 de
867 3115 1025 3197 Corchill,
1058 3139 1134 3180 suos

30 3208 137 3293 milites,
171 3234 249 3277 cum
284 3235 384 3279 manu
418 3225 546 3279 armata
579 3216 622 3280 ad
654 3217 889 3280 monasterium
921 3238 945 3282 s.
964 3214 1137 3279 Trinitatis

30 3306 225 3375 Centuariam
252 3314 349 3392 misit,
375 3323 412 3377 ut
435 3314 615 3378 monachos
639 3323 799 3399 tanquam
823 3313 932 3378 laesae
956 3313 1138 3398 majestatis

28 3425 93 3488 reos,
115 3408 205 3494 quod
230 3431 344 3474 eorum
369 3410 468 3496 culpa
491 3413 604 3476 omnia
629 3414 692 3475 ista
717 3413 900 3492 evenerint,
935 3433 953 3474 e
978 3410 1136 3474 coenobio

28 3523 57 3562 sc
76 3527 169 3590 reguo
197 3507 364 3592 ejicerent.
405 3509 561 3574 Monechi
578 3513 678 3574 minis
691 3509 823 3574 illorum
849 3510 946 3573 citius
970 3507 1136 3590 cedentes,

29 3597 69 3662 die
87 3604 239 3670 14⁰Ju1ii
257 3606 416 3690 Anglism
439 3607 655 3694 reliquerunt,
681 3619 712 3672 et
737 3609 771 3673 in
796 3609 992 3672 monasterio
1018 3629 1041 3671 s.
1060 3606 1136 3669 Ber-

29 3699 75 3761 tini
96 3702 136 3766 od
159 3727 184 3770 s.
205 3704 434 3769 Audomarum
460 3714 496 3769 ut
520 3705 665 3792 hospites
689 3709 814 3792 recepti
840 3715 926 3772 sunt.
974 3705 1136 3768 llloncste·

30 3797 96 3862 rium
125 3811 238 3865 autem
272 3801 477 3884 derelictum,
508 3803 649 3889 jubente
673 3826 760 3890 rege,
797 3812 1047 3890 occupaverunt
1071 3825 1136 3867 mo-

30 3895 108 3960 nachi
137 3921 179 3964 ex
212 3900 371 3965 coenobio
404 3925 429 3967 s.
455 3902 650 3986 Augustini,
687 3902 775 3988 quod
804 3905 930 3988 pariter
963 3899 1135 3965 Cantusrii

30 4071 223 4087 Ἆῆ--ι

87 4193 105 4252 ¹1
122 4191 189 4262 Epp.
210 4191 241 4247 L,
261 4191 294 4246 X.
314 4207 355 4260 ep.
376 4193 436 4248 219.

85 4269 259 4338 ’lPotthast
281 4271 351 4340 Reg.
370 4271 460 4327 Innoc.
479 4272 532 4330 111.
551 4288 577 4327 n.
596 4273 677 4328 312⁶.

1168 1859 1290 1910 oppositio

1192 1921 1261 1972 recta.
