2858 4834
303 485 356 540 226
552 482 639 538 XXV.
656 483 696 537 De
714 499 796 536 causa
814 499 834 538 s.
855 481 972 536 Thomas
991 481 1202 570 Cantuariensis.

300 627 478 704 christiani,
503 627 547 690 ad
555 649 755 712 papauera-m
778 625 957 690 barbariem
981 625 1212 703 debellandam,
1237 637 1268 690 et
1291 627 1334 690 cd
1355 651 1419 714 perr·

303 735 348 788 tes
372 726 590 811 apostatrices,
614 736 644 788 et
667 748 746 810 qaae
769 725 939 788 catholicae
958 724 1041 808 fidei
1067 724 1239 809 resuspirant,
1271 749 1327 788 nec
1350 727 1426 788 reci-¹

299 825 395 909 pietat
423 824 596 900 veritatem,
634 819 888 886 Christianorum
913 826 991 910 jcpo
1025 831 1055 884 et
1083 821 1202 884 ditioni
1231 821 1426 885 subdendae}

303 921 496 992 Hadrianus
518 920 633 985 laudat
656 920 792 1006 quidem
815 942 930 1003 regum
955 921 1048 1004 pium
1072 919 1247 1000 fervorem,
1278 920 1336 984 sed
1360 925 1426 993 oml

303 1021 382 1082 nino
407 1017 576 1082 dissuadet
599 1019 757 1104 propositi
774 1018 1005 1080 executionem
1031 1027 1067 1079 ut
1090 1018 1201 1080 minus
1216 1013 1426 1102 prudenteml

303 1116 395 1181 Inter
417 1115 497 1180 alia:
520 1116 650 1180 Accedit
673 1116 718 1179 cd
740 1117 805 1194 boc,
829 1114 955 1196 scribit,
979 1115 1063 1200 qaod
1076 1113 1216 1177 alienam
1240 1126 1358 1178 terram
1381 1111 1426 1180 inl

306 1226 401 1293 trare,
424 1238 481 1278 nec
497 1215 669 1301 procidam
692 1214 817 1276 videtur
840 1235 905 1277 esee
928 1235 984 1276 aec
1009 1223 1117 1290 tectum,
1141 1213 1207 1277 eici
1230 1237 1251 1277 a
1267 1205 1426 1300 principil

305 1311 361 1376 bus
385 1323 415 1376 et
438 1336 459 1375 c
476 1311 598 1428 populo
623 1322 725 1374 terrae
746 1313 839 1396 prius
853 1310 1018 1374 consilium
1033 1311 1222 1395 requiratur.
1273 1312 1303 1374 T
1301 1335 1323 1374 ιι
1346 1307 1426 1390 cero,l

305 1411 384 1475 siout
400 1414 584 1498 accepimus,
607 1409 787 1474 inconsulta
803 1407 978 1472 ecclesiast
966 1408 1192 1494 tpriacipibus
1208 1419 1312 1472 terrae
1328 1409 1418 1473 illius

306 1507 451 1573 accedere
473 1507 551 1572 illac
574 1532 611 1572 oc
626 1507 788 1595 festinare
823 1507 988 1592 disponis,·
1018 1530 1086 1571 curn
1108 1508 1163 1570 boc
1186 1507 1314 1572 deberes
1338 1505 1426 1572 null

304 1609 428 1671 ratione
452 1617 583 1684 tentare,
606 1607 672 1670 nisi
695 1607 819 1692 capuita
837 1628 899 1691 per
916 1607 1082 1691 principes
1107 1614 1209 1668 terrae
1232 1607 1426 1716 necessitatel

306 1715 336 1768 ct
359 1705 398 1768 ab
422 1709 467 1770 eia
483 1707 579 1791 price
603 1727 685 1768 esses
709 1704 822 1767 scinde
845 1705 1024 1788 requisitas.
1032 1700 1122 1788 ¹)-
1148 1701 1246 1766 Hac
1238 1725 1272 1766 ru
1289 1705 1426 1814 epistola

306 1802 348 1866 de
373 1803 535 1889 Hispania
559 1804 612 1887 agi
636 1801 784 1887 plerique
809 1811 1016 1865 censuerunt
1055 1799 1120 1866 Sed
1144 1799 1346 1864 Hiberniam
1371 1785 1426 1876 terl

306 1923 377 1964 ram
401 1923 471 1965 esse
493 1901 602 1966 littera
625 1901 668 1964 H.
694 1900 926 1983 significatam,
958 1901 1021 1962 viri
1046 1899 1179 1979 eruditi,
1211 1919 1293 1983 quos
1317 1883 1426 1964 laudal

306 1999 458 2079 vimus2),
488 2000 590 2063 variis
614 2007 790 2083 argument
791 1999 817 2060 is
777 1996 1014 2061 tostendere
1039 1997 1101 2061 nisi
1126 2005 1212 2060 sunt.
1260 1996 1397 2062 Unde
1389 2022 1426 2062 m

306 2095 433 2176 ferunt,
466 2096 676 2160 Hadrianum
707 2116 825 2159 revera
857 2117 891 2158 se
922 2096 1113 2180 opposuisse
1143 2093 1252 2158 adhuc
1285 2117 1316 2158 a.
1347 2097 1426 2178 115,

307 2194 511 2278 expeditioni
534 2197 570 2258 iu
594 2192 792 2258 Hiberniam
816 2192 1057 2278 suscipiendae,
1082 2191 1230 2278 adeoque
1254 2193 1426 2278 epistolam

308 2290 397 2355 illam
421 2291 593 2356 Pontificis
617 2290 660 2354 ad
684 2291 878 2371 Heuricum,
904 2313 970 2376 qua
993 2290 1036 2354 ad
1060 2289 1222 2376 ejusmodi
1247 2289 1426 2376 expeditiol

307 2411 384 2453 nem
407 2411 483 2452 eum
507 2389 666 2473 hortatur,
690 2389 864 2454 manifeste
888 2390 1059 2474 posteriori
1082 2397 1229 2473 tempore
1252 2389 1426 2470 confictam

308 2497 342 2551 ct
364 2490 569 2572 suppositam
594 2510 675 2552 esse.
722 2487 915 2552 Advertrmt
931 2509 1072 2572 quoque,
1096 2507 1163 2550 non
1177 2487 1242 2550 nisi
1257 2497 1338 2572 post
1356 2473 1426 2558 moi

308 2593 374 2648 tem
399 2585 566 2650 Ludovici
590 2586 657 2650 VII
681 2590 722 2668 (a.
749 2587 859 2667 1180),
884 2607 959 2650 eam
982 2607 1052 2648 esse
1075 2584 1282 2668 productam.

139 2685 299 2779 0¹¹¹¹⁰¹¹¹⁸¹·
401 2684 451 2748 74.
483 2683 530 2748 Re
555 2684 762 2748 considerata
790 2693 901 2748 tamen
933 2682 1138 2767 probabilius
1167 2680 1264 2746 nobis
1288 2683 1413 2747 videtu

1415 2685 1426 2802 *ss

157 2745 195 2780 tur
209 2751 236 2780 ΘΧ
251 2750 278 2779 08

309 2783 343 2845 in
368 2781 505 2867 epistola
529 2782 572 2846 ad
588 2782 800 2846 Ludovioum
817 2783 882 2846 Vll
907 2782 986 2846 data
1008 2783 1062 2866 agi
1079 2782 1121 2846 de
1136 2781 1312 2867 Hispania,
1340 2783 1426 2878 adeq

309 2901 373 2966 que
389 2881 529 2944 nimium
546 2880 609 2946 hoc
629 2891 861 2966 argumentum
886 2882 1004 2965 urgeri.
1045 2878 1111 2945 Sed
1135 2901 1237 2965 quum
1261 2881 1426 2964 appareat

308 2978 504 3043 Pontificem
529 2979 724 3065 prudentem
750 2979 941 3042 dissuadere
965 2977 1211 3063 expeditionem
1235 2978 1426 3066 inconsulti

309 3076 516 3162 praesulibus
539 3086 572 3141 et
586 3074 795 3162 principibus
811 3076 1067 3160 suscipiendam,
1093 3074 1170 3139 inde
1187 3075 1426 3160 praejudiciu¹

310 3175 422 3255 oritur,
446 3174 535 3260 quod
559 3197 666 3260 neque
691 3175 835 3239 Heurico
852 3173 886 3237 Π
902 3173 1081 3260 aliquando
1106 3175 1175 3256 ipse
1190 3173 1291 3260 luerit
1306 3169 1426 3244 anctol

310 3280 348 3333 ut
370 3269 567 3336 Hiberniam
601 3273 664 3336 sibi
695 3272 912 3354 submitteret,
947 3271 1101 3358 quodque
1132 3270 1269 3357 epistola
1301 3271 1366 3338 illa
1400 3293 1426 3368 at

310 3369 494 3433 Heuricum
518 3372 688 3456 supposita
712 3371 762 3434 sit.
798 3323 1003 3434 Adveitatur
1025 3390 1131 3480 porro,
1156 3370 1343 3433 maximam
1371 3393 1426 3442 ess

310 3469 481 3552 utriusque
510 3466 666 3554 epistolae
699 3466 993 3532 similitudinem
985 3489 1021 3530 ιιι
1044 3468 1095 3548 iis,
1127 3488 1211 3551 quae
1244 3465 1287 3530 de
1317 3489 1426 3576 regu

311 3564 447 3630 oonsilio
472 3587 650 3652 eorumque
680 3565 842 3630 laudabili
875 3565 1004 3636 fervore
1030 3564 1196 3649 dicuntur,
1229 3567 1276 3629 ita
1311 3577 1352 3630 ut
1390 3551 1426 3670 pi

310 3672 512 3742 tecturam
537 3664 580 3728 ad
604 3663 740 3728 alterius
763 3663 903 3728 formam
932 3685 1004 3728 esse
1027 3616 1223 3728 confectain.
1271 3662 1381 3730 Unde
1407 3689 1426 3738 a

311 3761 454 3844 suspicio
479 3759 579 3824 obvia
603 3771 675 3843 est,
692 3762 735 3826 ad
759 3763 863 3826 instar
886 3758 1043 3846 epistolae
1066 3762 1232 3844 genuinae
1254 3761 1299 3825 ad
1324 3763 1413 3828 Lud

312 3859 424 3921 vicum
441 3857 508 3921 VII
525 3857 631 3940 datae,
656 3870 771 3944 postea
785 3858 933 3945 spuriam
949 3856 1121 3944 epistolam
1138 3857 1181 3922 ad
1198 3857 1395 3926 Heuricum
1414 3847 1426 3936 l

1425 4027 1426 4076 ι

1425 4105 1426 4154 l

1415 3731 1426 3838 „Q

312 3955 489 4019 confictam
514 3967 546 4020 et
569 3963 784 4042 compositam
808 3958 920 4022 luisse.

390 4098 462 4166 ¹.)V
481 4098 621 4178 epistolam
640 4113 682 4165 ap.
701 4097 799 4163 Labbe
819 4097 884 4154 Goll
904 4097 982 4153 Ocno.
1002 4098 1034 4152 tt
1054 4096 1101 4152 col.
1122 4097 1200 4153 1159.

388 4177 410 4245 ²)
430 4179 560 4232 auctores
578 4171 705 4233 uidelicet
723 4178 959 4237 Dissertationum.
979 4193 1048 4245 quac
1066 4178 1095 4232 in
1114 4178 1259 4233 Analecta
1281 4181 1399 4250 pontif.
1422 4179 1426 4240 l

315 4261 393 4324 1882,
412 4265 441 4312 et
459 4259 568 4312 Dablic
587 4259 696 4314 Reoiew
714 4259 784 4328 Jcly
804 4263 872 4313 1883
891 4258 981 4312 editae
998 4261 1070 4313 sunt.
