2844 4840
272 439 421 494 conflictus
440 455 500 494 cunt
519 439 644 507 Philippo
663 439 693 493 P.
712 448 867 494 renovatus.
1095 439 1130 495 39

24 583 72 648 lari
112 585 308 669 permisisse.
367 581 543 667 Regalium
577 592 751 668 praetextu
784 581 1009 648 ecclesiastice
1042 583 1130 648 bona

24 673 205 767 occupabat,
229 680 392 747 beneficia
415 691 448 744 et
472 683 682 766 episcopatus
705 702 765 766 pro
782 679 877 745 libito
901 701 960 744 sua
985 680 1129 746 consere·

23 777 78 858 bat,
112 782 283 866 episcopas
316 779 471 844 Pontifici
505 778 634 844 deditos
668 777 873 864 deponebat,
908 778 1055 843 decimas
1086 778 1129 843 ad

23 877 130 942 bellum
156 899 286 942 ssorum
312 877 496 942 destinates
519 876 562 941 ud
586 876 669 951 alios
693 877 908 941 convertebat
931 899 1020 942 usus.
1058 876 1130 942 Sin·

21 974 86 1058 gula
114 975 171 1040 bic
197 977 319 1040 referre
350 995 416 1039 nan
440 975 581 1055 vacat.¹)
636 973 770 1055 Quanta
799 984 910 1038 autem
940 977 1130 1060 arrogantia

21 1073 182 1160 Philippus
212 1096 273 1138 rex
298 1074 472 1138 invaderet
495 1071 584 1137 bona
608 1082 640 1136 et
658 1073 736 1158 jura
769 1071 950 1154 Ecclesiae,
975 1074 1130 1138 novimus

20 1193 75 1235 non
98 1195 115 1234 e
139 1172 217 1237 solis
235 1172 393 1236 Bonifatii
419 1170 575 1257 epistolis,
600 1171 658 1236 sed
682 1173 782 1236 etiam
798 1195 816 1236 e
831 1174 1029 1237 testimoniis
1051 1175 1130 1238 scri-

19 1283 137 1355 ptorum
171 1267 260 1334 illias
290 1272 418 1336 aetatis.
473 1271 628 1334 Vicerius
656 1272 690 1336 in
721 1270 796 1334 Vita
817 1271 1020 1357 imperatoris
1045 1271 1130 1336 Hen-

18 1370 68 1430 riei
94 1368 159 1432 VII
189 1368 323 1432 scribit:
359 1367 413 1432 Ad
445 1370 501 1433 boc
534 1366 717 1454 Philippus,
747 1391 787 1432 ne
817 1369 895 1454 quid
925 1371 1130 1455 impotentiae

14 1469 280 1552 praeter-mmet,
305 1465 521 1532 sacerdotales
544 1465 728 1530 Galliarum
752 1467 861 1532 alalos
884 1491 905 1531 a
928 1467 1131 1552 Pontificibus

18 1577 100 1628 autea
119 1587 184 1652 pro
208 1563 343 1628 decretis
366 1575 396 1628 et
413 1587 478 1651 pro
501 1587 584 1628 more
600 1575 728 1628 sauctae
743 1567 855 1629 matris
869 1565 1028 1630 Ecclesiae
1052 1589 1130 1630 com·

15 1665 83 1748 paui
103 1661 226 1741 solitos,
250 1663 319 1748 ipse
343 1662 494 1726 ordinare
517 1664 600 1726 citra
615 1685 796 1727 eonsensum
812 1664 977 1728 Haesidis
991 1665 1132 1729 Borcani

18 1763 124 1827 nutat.
158 1758 249 1834 Quae
272 1759 329 1824 abi
350 1783 487 1824 summus
503 1759 644 1825 Antistes
666 1761 834 1840 intellecsit,
849 1763 1033 1846 pravissime
1056 1762 1131 1827 tulit

18 1859 174 1946 injuriam,
199 1858 336 1944 pessimi
366 1858 503 1945 exempli
531 1857 568 1921 id
591 1857 675 1944 qnod
697 1870 767 1922 erat
796 1860 993 1940 sublimans,
1025 1863 1054 1924 si
1083 1861 1132 1924 vel

17 1968 237 2020 autecessorum
266 1965 347 2020 recte
370 1957 520 2020 instituta
544 1967 654 2020 temere
669 1958 931 2042 rescinderentur,
955 1959 1005 2024 ael
1028 1970 1131 2024 aucto·

15 2057 128 2118 ritatem
151 2053 350 2140 pontificiam
367 2054 469 2118 laicus
487 2053 692 2140 profanaret.
730 2054 856 2120 Mutius
873 2077 950 2121 vero
975 2058 1009 2121 in
1034 2056 1130 2123 curo-

15 2153 73 2214 aico
98 2153 315 2217 Germaniae:
349 2153 432 2231 Rea,
464 2151 589 2233 scribit,
618 2153 674 2216 nbi
695 2153 855 2218 intelleoeit
877 2155 1040 2234 Pontificis
1063 2158 1132 2220 ani-

15 2273 84 2313 num
107 2274 129 2314 a
155 2271 190 2313 se
214 2249 400 2332 alienatam,
425 2273 488 2335 qua
502 2261 573 2314 erat
585 2252 757 2336 parrhesia
778 2251 828 2316 vel
850 2263 886 2316 ut
907 2262 1020 2316 cocant
1043 2275 1130 2317 arro·

13 2349 122 2432 pade,
148 2351 209 2436 jus
232 2339 472 2411 ecclesiasticum
505 2347 589 2432 qaod
613 2349 721 2434 Papae
753 2360 823 2413 erat
846 2349 908 2414 sibi
930 2349 1132 2432 audaeana

14 2445 188 2508 sacerdotia
224 2454 254 2507 et
284 2446 488 2531 episcopatus
522 2445 705 2531 conserebat
734 2447 846 2532 quibas
872 2447 1000 2534 placuit
1010 2473 1023 2521 ,·
1054 2469 1132 2533 qaas

9 2543 170 2628 praelatas
200 2555 388 2627 removerat
416 2543 564 2628 Pontifici
587 2547 804 2630 patrocinari,
835 2545 991 2632 deposuit,
1024 2567 1130 2609 emam

10 2641 212 2726 praelaturas
235 2640 312 2704 aliis
334 2640 520 2727 conferens,·
549 2643 687 2728 diripuit
710 2645 805 2707 etiam
828 2642 1042 2730 opulentiores
1065 2647 1129 2730 epi-

14 2737 197 2826 rapalusff)

89 2838 148 2900 41.
189 2835 378 2900 Bonifatius
408 2837 443 2900 in
468 2834 520 2901 his
545 2859 655 2901 reram
679 2838 848 2924 adjunctis
870 2838 913 2903 ad
936 2838 1129 2925 Philippum
1139 2843 1298 2895 L⁰⁸⁸⁸¹⁰21²b

12 2933 129 3018 legavit
153 2933 363 2998 Bernerdum
387 2937 581 3020 episcopum
597 2936 834 3021 Apamiensem
859 2935 1047 3024 (Pamiers),
1072 2939 1129 3023 qui
1148 2905 1287 3009 'illiniri'

12 3053 77 3097 eum
103 3031 148 3096 sd
174 3032 357 3118 parandam
389 3033 637 3118 expeditionem
669 3037 861 3116 cruciatam,
895 3035 981 3099 sicut
1010 3038 1129 3120 promi·

12 3143 100 3214 serat,
132 3129 330 3211 hortaretur,
364 3132 460 3216 eique
493 3131 694 3217 prohiberet,
726 3155 768 3196 ne
797 3132 943 3197 decimas
972 3133 1015 3198 ad
1039 3133 1129 3198 illem

11 3249 182 3293 concessas
213 3229 248 3292 in
272 3228 355 3293 alios
384 3240 593 3294 converteret
623 3253 712 3314 usus,
747 3253 788 3296 ue
820 3232 946 3296 reditus
978 3231 1129 3296 ecclesia·

11 3347 75 3390 rum
107 3328 304 3391 vacantium
338 3337 517 3413 occuparet
552 3350 733 3415 earumque
768 3329 931 3394 beneficia
965 3331 1129 3394 conferret

10 3427 74 3489 sine
97 3423 311 3511 Apostolicae
328 3425 425 3492 Sedis
449 3447 623 3508 consensu,
648 3450 733 3492 neve
749 3427 918 3492 Ecclesiae
941 3427 1128 3493 libertatem

11 3522 154 3589 violaret.
190 3523 411 3604 Bernardum,
437 3527 545 3590 virum
561 3527 822 3612 integerrimum,
847 3525 1028 3613 apostoliea
1051 3549 1128 3591 cum

11 3619 156 3686 libertate
187 3631 221 3686 et
252 3624 436 3687 causantis
470 3621 636 3708 legatione
669 3647 730 3690 sua
760 3625 911 3690 functum
943 3647 1013 3690 esse
1037 3624 1128 3691 haud

12 3717 144 3784 dubium
170 3728 236 3801 est;
260 3741 336 3784 eum
351 3741 431 3784 vera
456 3724 646 3807 arrogantia
669 3733 702 3786 et
726 3725 825 3788 minis
847 3745 959 3808 regem
976 3745 1126 3808 vexasse,

12 3820 53 3880 ati
81 3827 235 3882 auctores
259 3816 423 3883 Gallicani
459 3821 673 3904 scripserunt,
707 3820 798 3886 nullo
829 3835 1023 3906 argumenta
1056 3845 1127 3909 pro-

77 4067 99 4132 ¹>
117 4065 176 4120 Gir.
198 4065 335 4130 Boutsric7
361 4066 388 4120 ls
406 4067 509 4121 France
527 4081 589 4122 sons
609 4067 840 4136 Philippeia-Bel,
858 4070 936 4123 Puris
956 4069 1033 4136 1861,
1045 4086 1071 4138 p.
1083 4071 1125 4126 69.

76 4147 100 4218 ’)
118 4146 174 4201 Gir.
192 4147 219 4202 8.
239 4147 339 4200 Antan
366 4147 463 4202 Chron.
489 4163 514 4215 p.
534 4148 587 4202 111.
614 4149 659 4202 tit.
679 4151 721 4203 20.
748 4167 770 4206 c.
789 4149 814 4206 8.
842 4161 871 4204 et
895 4149 1028 4217 Rsyuald
1048 4151 1083 4205 sd
1102 4168 1126 4208 a.

15 4225 189 4281 lim-1302.
209 4257 244 4266 -
264 4225 349 4293 Tosti,
369 4227 404 4283 V.
423 4227 460 4283 11.
479 4227 509 4282 Is.
524 4229 557 4284 V.
577 4245 603 4297 p.
626 4231 677 4284 120
695 4245 752 4298 sqq.
1243 4234 1248 4242 “
