2850 4834
362 457 403 512 De
421 455 495 510 lucta
514 455 643 511 Ludoriei
661 453 770 508 Berari.
1088 455 1135 508 197
1219 539 1223 552 ι

107 605 157 668 46.
188 602 299 684 Quum
313 601 507 665 Ludovious
530 601 689 664 terminos
705 621 724 662 a
742 597 903 663 l’ontifieo
927 597 990 664 sibi
1013 598 1309 700 positosfflss'ffl'*

21 701 60 764 ad
96 722 161 765 rem
200 702 235 764 in
266 698 396 783 judicio
436 697 644 762 tractandam
684 706 871 781 sperneret,
912 719 973 761 nee
1012 696 1137 782 lagatos
1243 688 1249 701 '

22 800 222 862 ,avenionem
241 799 395 877 mitteret,
422 805 586 880 postremo
596 794 745 860 ‚Ioannes
762 793 816 858 die
835 795 893 857 11⁰
908 793 992 859 Jnlii
1008 817 1037 860 a.
1053 795 1139 860 1324

21 900 146 960 tertiam
168 897 367 960 sententiam
392 895 426 957 in
452 895 560 978 ipsum
584 892 824 979 promulgavit,
858 915 1023 979 quaeum
1048 893 1138 957 omni

16 995 88 1080 jure
120 994 159 1058 sd
192 1015 331 1078 regnum
362 994 475 1078 privat
505 990 557 1055 his
590 989 718 1054 verbis:
751 991 801 1053 De
822 990 968 1075 fratrnm
998 993 1140 1078 ipsoram

21 1090 273 1172 (Cardinelinm)
283 1089 414 1154 cornilio
424 1088 773 1166 memoratnmeleotum,
791 1090 986 1174 qnipropter
998 1109 1140 1152 moereas

21 1193 165 1266 notorias,
185 1201 379 1275 contemptas
398 1209 518 1273 qnoque
532 1197 563 1250 et
579 1187 806 1272 superadditae
830 1186 1009 1251 obstinatas
1036 1197 1140 1251 contn-

20 1291 136 1353 maeias
165 1287 380 1374 mpradictaa,
414 1297 477 1350 tam
510 1289 544 1348 in
576 1307 640 1348 non
664 1285 873 1370 comparando
902 1285 965 1348 sibi
982 1284 1142 1372 praefixis

20 1387 168 1466 terminia,
194 1409 288 1472 qnam
310 1387 343 1448 in
361 1407 425 1448 non
437 1383 584 1469 parendo
608 1385 727 1447 nostris
750 1382 947 1448 salutaribus
959 1384 1142 1470 praeceptis

20 1497 46 1548 et
76 1487 215 1566 monitis,
249 1536 256 1550 .
283 1534 291 1548 .
316 1533 323 1546 .
358 1505 452 1568 repno
483 1493 513 1544 et
543 1481 677 1567 imperio
701 1481 847 1545 reddidit
869 1479 1088 1567 multiplieiter
1111 1503 1142 1544 se

21 1583 196 1668 indignam,
235 1583 347 1666 quique
374 1591 510 1666 propter
542 1603 631 1643 snam
657 1591 844 1665 protervam
878 1579 1078 1644 ambitionem
1114 1589 1144 1642 et

21 1680 184 1767 saper-bam
211 1680 405 1765 proterviam
438 1702 459 1741 a
483 1679 551 1742 Deo
583 1699 621 1740 ae
651 1689 759 1764 repnet
787 1676 837 1742 vel
859 1678 991 1762 imperet
1021 1687 1068 1741 eet
1091 1674 1143 1739 ab·

15 1783 128 1866 jectar,
163 1779 325 1862 ipsumque
351 1775 543 1840 badericum
575 1775 683 1839 dacem
706 1775 867 1839 Bavariae
892 1777 977 1838 omni
992 1781 1083 1865 jare,
1115 1775 1145 1838 si

23 1876 97 1960 prod
129 1875 192 1938 ribi
221 1897 262 1938 ea·
293 1873 442 1938 electione
469 1873 643 1960 praedicta
671 1884 842 1960 competere
866 1896 919 1936 aen
949 1875 1144 1960 competiiase

18 1984 158 2059 poterat,
192 1996 230 2036 ae
260 1972 400 2035 dominio
423 1974 584 2058 minanam
615 1971 836 2035 denuntiamus
874 1981 904 2034 et
941 1971 1143 2052 ostendimus,

23 2093 132 2155 noeque
155 2072 260 2156 ipsam
276 2075 352 2159 jare
362 2069 518 2156 praefato
535 2070 755 2133 sententiando
769 2071 931 2155 privatam
946 2068 1145 2134 declaramus

23 2181 47 2228 a
71 2169 251 2253 privamus.
298 2166 458 2231 Prohibet
491 2167 661 2245 omnibus,
698 2169 875 2252 quominus
905 2167 1078 2232 Ludovioo
1109 2176 1147 2230 ut

23 2267 215 2351 Imperatori
241 2264 408 2330 obediant.
453 2265 701 2351 erpantalae
723 2268 879 2331 universis
902 2265 1018 2330 incolis
1040 2277 1069 2328 et
1092 2267 1145 2328 ba-

23 2363 208 2427 bitatoribas
241 2364 417 2428 eorumdem
450 2365 540 2449 repni
572 2375 602 2426 et
633 2365 762 2449 imperii
787 2365 876 2430 Rom.
910 2362 1084 2428 inhibemus
1117 2373 1147 2426 et

25 2463 207 2526 mandamus
237 2483 393 2548 expresse,
424 2483 463 2524 ne
496 2462 596 2526 eidem
621 2462 779 2526 Ludovioo
812 2485 908 2548 anper·
934 2463 977 2525 iia
999 2483 1078 2547 qnae
1102 2460 1147 2523 ad

24 2561 331 2624 administrationem
367 2561 458 2644 repni
494 2571 524 2623 et
561 2561 690 2646 imperii
724 2560 950 2645 praefatorum
982 2561 1147 2646 pertinent

24 2681 137 2744 oaoqrm
165 2657 255 2720 modo
280 2659 444 2740 assistant,
467 2669 607 2743 pareant
630 2680 683 2721 aen
706 2658 884 2736 intendant,
910 2707 917 2722 .
940 2711 946 2726 .
970 2707 977 2720 .
1000 2679 1039 2721 ne
1063 2657 1146 2720 dieto

25 2755 178 2820 erdooieo
202 2756 241 2818 de
264 2754 442 2819 redditione
458 2755 507 2818 oei
521 2755 757 2819 obventionibns
770 2758 836 2820 aine
842 2756 973 2845 juribus
987 2753 1147 2841 repaiibns

25 2853 248 2940 respondeant,
279 2851 327 2916 vei
358 2850 458 2916 aliam
487 2853 667 2940 impendere
696 2851 753 2917 snb
777 2875 964 2940 qnooarrnpm
994 2851 1148 2918 velamine

25 2951 276 3036 satisfactionem
300 2961 464 3014 attentent.
509 2951 562 3015 Ab
587 2950 789 3036 obligatione
814 2954 914 3032 omni,
939 2953 1038 3016 etiam
1058 2952 1149 3037 jura-

28 3063 132 3112 mento
146 3046 289 3128 firmata,
315 3048 426 3133 quoad
451 3048 533 3112 haee
558 3048 630 3114 illos
654 3049 804 3114 subditos
828 3049 937 3129 solvit,
962 3061 994 3113 et
1018 3071 1148 3113 exeom-

28 3147 261 3210 municationis
285 3155 384 3232 atque
401 3148 569 3211 interdicti
594 3169 734 3233 poenam
760 3149 800 3211 iis
824 3149 880 3234 qui
896 3147 1069 3211 Ludovioo
1093 3147 1149 3211 ad·

27 3243 190 3308 haeserint
214 3242 347 3328 infligit.
383 3244 596 3309 Ludovioum
619 3267 698 3311 vero
723 3247 810 3308 intra
826 3244 1002 3309 duodecim
1026 3244 1148 3309 hebdo-

28 3343 135 3407 madas
167 3340 213 3405 ad
238 3341 384 3405 tribunal
408 3364 503 3406 suum
529 3343 619 3424 citat,
653 3352 686 3407 et
715 3343 794 3429 jura
822 3342 1000 3406 electorum
1029 3345 1148 3405 iterum

26 3440 206 3503 confirmat,
254 3438 367 3518 Quum
401 3440 594 3504 Lhdovieus
629 3441 664 3505 in
703 3440 884 3505 hostilitate
924 3449 1151 3526 perseveraret

28 3559 125 3623 neque
151 3539 303 3601 citationi
329 3536 501 3602 Pontificio
526 3537 679 3618 deferret,
709 3561 822 3602 mense
847 3538 984 3602 Octobri
1014 3537 1148 3601 anathe-

29 3639 116 3700 matis
150 3637 319 3700 sententia
341 3637 492 3700 Joannes
522 3659 598 3700 eum
633 3637 775 3722 perculit
803 3661 842 3701 aa
865 3636 953 3700 fotae
977 3634 1151 3700 haereseos

28 3737 158 3797 erimine
172 3732 367 3818 postulavit,
394 3736 573 3798 constituto
598 3733 644 3798 1111
670 3735 908 3799 addicendam
934 3755 1068 3799 oausam
1094 3733 1149 3798 die

29 3833 255 3914 peremptorio.

108 3929 163 3992 47.
213 3927 262 3992 Eo
288 3939 435 4012 ternpore
466 3929 551 3992 inter
576 3925 731 3993 Carolum
756 3929 804 3992 IV
830 3928 958 3994 Galliae
982 3949 1094 4013 regem
1119 3938 1152 3993 et

32 4025 231 4112 Leopoldnm
250 4026 369 4090 ducem
387 4027 600 4091 Austriaoum
626 4026 742 4092 foedus
758 4030 973 4092 constitutum
992 4037 1050 4108 est,
1075 4049 1152 4091 eum

31 4125 60 4187 in
89 4125 207 4209 finem,
244 4137 280 4190 ut
312 4124 457 4208 dignitas
488 4125 670 4210 imperialis
700 4125 742 4190 ad
769 4125 925 4190 carolum
957 4125 1150 4190 deferretur.

33 4221 170 4287 ioannes
202 4223 339 4309 quidem
372 4244 571 4287 eonsensum
607 4223 770 4308 ejusmodi
807 4223 944 4290 oonsilio
976 4224 1153 4308 praestitit,
