2868 4844
292 424 345 475 284
526 421 656 474 XXXIII.
675 421 715 475 De
734 435 833 492 magno
852 418 1005 474 Occidentis
1023 418 1178 473 schismate.

382 565 436 630 47.
484 565 605 628 Actum
639 563 761 628 deinde
791 573 841 628 est
873 562 914 628 de
946 561 1106 626 electione
1132 565 1211 626 novi
1236 561 1397 628 Pontificis.

293 671 392 748 atque
432 662 597 742 convenit,
637 669 673 724 ut
706 682 820 724 omnes
853 658 1048 724 Cardinales
1084 681 1176 723 more
1212 657 1305 724 solito
1336 681 1396 722 eum

293 759 461 844 eligerent,
494 761 539 823 ita
570 769 680 822 tamen
705 768 742 821 ut
765 755 828 822 hac
853 759 926 822 vice
950 767 1086 843 agerent
1114 760 1251 822 nomine
1275 755 1396 820 Consilii

294 855 493 940 (Ecclesiam
510 853 814 942 repraesentantis),
840 877 881 919 ne
895 853 1035 920 dubium
1051 855 1092 920 de
1110 855 1224 919 valore
1248 853 1400 919 electionis

293 955 414 1018 oboriri
440 961 560 1040 posset.
591 953 703 1017 Etiam
728 962 888 1018 statutum
912 963 970 1034 cst,
995 954 1118 1040 requiri
1143 953 1197 1017 vel
1223 953 1399 1036 suffragium

294 1055 461 1133 unanime,
493 1051 545 1116 vel
571 1051 653 1116 diras
678 1064 787 1138 partes
810 1051 1043 1136 suffragiorum
1075 1075 1118 1116 ex
1142 1062 1282 1138 utroque
1307 1049 1425 1115 Cnidi-³

293 1148 419 1214 nalium
453 1148 601 1232 collegio.
650 1147 845 1214 Cardinales
878 1149 931 1213 die
968 1149 1025 1213 15⁰
1048 1149 1142 1214 ‚lunii
1180 1149 1337 1214 conclave
1368 1149 1402 1210 in-

293 1249 406 1332 gressi,
431 1247 485 1311 die
503 1244 563 1312 26⁰
579 1246 728 1334 ejusdem
753 1249 875 1311 mensis
899 1249 1051 1312 unanimi
1075 1247 1233 1331 suffragio
1252 1239 1425 1331 elegeruan

294 1345 428 1410 Petrum
452 1345 646 1430 Philargum
671 1345 712 1410 de
730 1344 859 1410 Candia
883 1343 1020 1411 Ordinis
1044 1343 1112 1410 FF.
1129 1346 1309 1423 Mincium,
1333 1365 1404 1429 pres

293 1443 447 1527 byterum
474 1442 697 1526 cardinalem,
730 1443 1017 1530 archiepiscopum
1041 1441 1337 1520 Mediolanensem,
1360 1443 1425 1525 quil

294 1561 414 1605 nomen
440 1541 622 1606 Alaoeonclri
651 1543 679 1605 V
706 1543 860 1628 suscepit.
907 1539 971 1606 Pro
1001 1543 1281 1606 conscientiarum
1310 1540 1406 1625 quiete

295 1637 481 1703 Concilium
525 1661 655 1720 omnes,
694 1641 750 1725 qui
785 1639 972 1704 schismatis
1012 1641 1185 1704 occasione
1223 1637 1302 1702 hinc
1342 1635 1405 1698 inde

294 1739 442 1800 censuris
465 1737 597 1802 fuerant
611 1739 806 1824 praestricti,
831 1738 873 1800 ad
890 1737 1053 1801 cautelam
1071 1736 1226 1820 absolvit,
1251 1745 1285 1800 et
1308 1755 1406 1800 omnes

294 1832 557 1919 dispensationes
580 1858 681 1922 super
703 1837 924 1900 matrimoniis
948 1834 1088 1922 aliisque
1104 1835 1239 1899 casibus
1252 1834 1297 1898 ad
1313 1833 1405 1896 forum

294 1934 516 1997 conscientiae
540 1933 767 2019 spectantibus
790 1934 832 1998 ab
850 1944 990 2019 utraque
1012 1941 1106 2019 parte
1122 1953 1310 2012 concessas,
1334 1940 1406 1994 ratas

293 2029 421 2110 habuit,
447 2028 626 2095 dummodo
643 2033 803 2096 canonice
827 2042 860 2095 et
881 2053 947 2096 non
972 2033 1007 2095 in
1032 2031 1270 2095 detrimentum
1288 2029 1407 2094 unionis

292 2128 400 2192 factae
425 2139 542 2195 essent.
582 2128 680 2209 Quod
705 2131 823 2194 attinet
846 2129 889 2192 ad
906 2128 1151 2192 reformationis
1173 2127 1408 2192 ecclesiasticae

294 2229 473 2310 negotium,
499 2225 691 2291 Alexander
707 2227 748 2307 V,
773 2247 876 2314 quum
896 2227 968 2312 jam
992 2225 1089 2290 multi
1112 2225 1251 2311 praelati
1277 2235 1310 2288 et
1333 2224 1407 2308 prin·

294 2325 406 2408 cipum
431 2333 576 2390 oratores
601 2325 838 2406 discessissent,
873 2324 953 2388 illud
978 2325 1105 2388 remisit
1127 2323 1171 2389 ad
1195 2324 1344 2388 faunum
1367 2341 1408 2402 gr·

294 2420 404 2486 nerale
441 2421 628 2487 Concilium
668 2435 741 2510 post
779 2424 960 2488 triennium
1000 2422 1256 2503 celebrandum,
1297 2433 1330 2484 et
1366 2417 1410 2482 dt·

296 2520 332 2582 7⁰
357 2520 497 2604 Augusti
524 2543 679 2605 praesens
704 2519 892 2586 Concilium
916 2521 1118 2588 terminavit.

383 2617 435 2683 48.
478 2619 528 2682 De
552 2621 742 2683 auctoritate
767 2617 908 2686 Concilii
925 2618 1038 2682 Pisani
1064 2639 1103 2682 ea
1125 2620 1199 2702 ipsa
1223 2629 1333 2681 aetate
1355 2635 1408 2698 qm

294 2713 444 2780 habitum
480 2716 544 2780 fuit
574 2729 607 2780 et
638 2715 920 2803 subsequentibus
954 2716 1160 2801 temporibus
1199 2715 1408 2801 disceptatur:

295 2821 352 2893 est,
385 2821 417 2876 et
447 2815 541 2879 varia
572 2825 649 2879 sunt
680 2815 721 2879 de
754 2815 904 2878 illatum
930 2825 1079 2878 veterum
1104 2825 1173 2878 tum
1200 2815 1410 2878 recentiorum

295 2911 466 2975 doctorum
491 2916 682 2978 sententiae.
723 2912 907 2977 Gemonias
923 2913 973 2976 Dc
996 2913 1232 2999 auferdbilitate
1246 2913 1358 2998 Papae
1380 2917 1412 2970 al

295 3008 456 3088 Ecclesia,
489 3011 686 3076 Dominicns
710 3011 906 3076 Jacobatins
932 3009 1029 3076 Card.
1046 3013 1095 3074 De
1122 3008 1275 3074 Conciliis
1297 3011 1337 3073 L.
1362 3005 1412 3070 Ill.

294 3107 422 3171 Natalis
439 3107 632 3175 Alexander
651 3111 734 3174 Hist.
752 3110 836 3173 Eccl.
863 3109 941 3175 diss.
956 3109 990 3173 II
1014 3112 1048 3173 in
1074 3132 1161 3174 saec.
1177 3109 1258 3190 XV,
1283 3107 1413 3171 Bossutl

294 3203 425 3289 Deferto.
451 3204 700 3284 Declorotionis,
725 3207 849 3292 aliique
873 3206 1058 3292 praelatum
1084 3205 1273 3272 Concilium
1298 3203 1414 3268 babent

295 3313 331 3366 ut
354 3300 539 3386 legitimum
573 3318 605 3367 et
637 3307 899 3370 oecumenicum.
949 3302 1072 3370 Contra
1099 3327 1175 3370 vero
1207 3303 1297 3368 istud
1324 3303 1413 3366 fuiss

294 3401 480 3484 legitimum
504 3412 536 3466 et
560 3405 813 3466 oecumenicum
840 3401 1028 3468 Concilium
1057 3417 1157 3487 negat
1180 3425 1205 3466 s.
1232 3401 1415 3466 Antoninus

298 3494 410 3564 Claros,
435 3499 469 3563 P.
495 3501 551 3562 III
581 3501 627 3564 tit
652 3501 757 3564 XXII.
783 3526 805 3564 c
831 3505 862 3566 5.
900 3501 961 3564 Per
985 3501 1148 3577 Pisanum,
1172 3502 1230 3578 ait,
1257 3497 1412 3564 comitto.‹=

295 3596 343 3658 cel
367 3595 619 3674 conciliabulum,
644 3621 712 3662 cunt
734 3621 798 3662 nou
823 3609 901 3664 esset
926 3599 1061 3688 alicep’os
1080 3621 1197 3677 eorum,
1221 3598 1278 3686 qni
1292 3620 1327 3660 se
1342 3619 1414 3682 perv

296 3693 372 3757 liant
390 3717 454 3780 pro
472 3695 631 3778 Pontifice,
657 3697 846 3760 auctoritate
864 3707 1092 3782 conprcpatum,
1117 3719 1181 3760 nort
1198 3708 1268 3760 arat
1283 3693 1416 3758 ablutus

295 3793 399 3877 erourn
431 3793 572 3876 schisma,
609 3793 665 3858 aad
697 3805 940 3877 aupmeotatum,
978 3793 1078 3858 tribus
1100 3798 1172 3884 jam
1197 3817 1228 3856 se
1248 3817 1314 3879 pro
1334 3811 1415 3878 pulc

294 3887 482 3972 perentibus.
524 3891 611 3955 Dein
638 3889 825 3958 Concilium
849 3913 909 3977 pro
934 3913 998 3958 non
1024 3892 1239 3956 oecumenico
1265 3890 1327 3954 sed
1351 3889 1416 3970 leg.-

296 3989 375 4051 timo
415 3985 540 4052 habent
571 3987 760 4054 Cardiualis
785 3988 975 4075 Cajetauus,
1013 3990 1063 4052 De
1094 4001 1213 4056 arator.
1247 3989 1361 4076 Papus
1395 4004 1416 4045 rt

299 4083 416 4150 Ceacil.
452 4096 546 4150 tract.
572 4087 615 4169 Il,
654 4110 681 4151 e.
709 4089 769 4162 113
808 4087 987 4168 Sanderus,
1019 4086 1209 4152 Destituit.
1241 4085 1414 4150 monarcus

297 4182 334 4247 L.
361 4179 445 4264 Vll,
483 4183 679 4268 Roucaglia,
717 4184 888 4250 Anirnodc
926 4187 960 4248 iu
994 4185 1109 4250 Nutal.
1137 4184 1247 4266 Alma,
1291 4199 1327 4249 et
1359 4183 1414 4248 slir-
