2814 4840
131 607 293 648 ordiniano-l

140 671 284 710 fluxiusaar

181 735 224 773 luri

301 464 355 520 468
498 463 629 519 XXVIII.
648 463 690 518 De
707 469 784 518 statu
801 463 942 519 societatis
961 463 1053 518 chrisa
1071 479 1140 520 ssou
1160 463 1238 518 XIII.

392 609 445 674 98.
480 608 576 672 Tunc
601 609 704 692 igitur
727 608 843 672 divina
867 607 1083 693 dispositione
1107 609 1186 672 novi
1209 606 1258 671 illi
1279 604 1391 671 Ordines

303 708 472 772 constituti
495 705 648 787 fuerunt;
673 727 751 768 mox
766 705 933 770 Minorum
949 716 982 770 et
996 705 1267 770 Praedicatorum
1288 703 1396 786 agmina

300 814 519 890 peragrarunt
542 803 705 882 civitates,
731 802 875 886 castella,
899 803 1034 889 oppida,
1059 805 1169 884 vicos;
1194 804 1259 866 viri
1274 803 1321 865 isti
1340 798 1396 866 reli

298 905 383 1019 giosi
408 901 656 966 multitudinem
680 912 751 964 tum
774 901 927 988 exemplo
952 911 1022 965 tum
1041 902 1192 966 doctriua
1208 873 1396 963 firmavemnl

300 1005 337 1068 in
360 1000 425 1064 fide
450 998 624 1064 catholica
681 997 983 1064 Contribuerunt
974 1000 1038 1085 rpsi
1072 1021 1171 1085 quam
1202 998 1346 1076 maxime,
1371 1003 1396 1056 ut

301 1110 440 1165 conatus
454 1097 697 1161 haereticorum
714 1095 925 1180 eliderentur,
941 1107 1043 1184 utque
1059 1098 1094 1161 in
1108 1096 1198 1160 lucta
1215 1094 1363 1159 Eriderici
1373 1083 1396 1162 ll

302 1208 417 1262 contra
440 1195 561 1261 Sedem
585 1193 811 1280 Apostolioam
843 1193 905 1258 sub
929 1193 1121 1260 obedientia
1144 1193 1286 1257 Romani
1314 1165 1396 1284 Ροιιιι

301 1297 373 1360 ficis
396 1293 510 1380 populi
534 1301 827 1374 conservarentur3
860 1295 1047 1378 summique
1072 1291 1230 1356 momenti
1256 1289 1396 1354 subura

301 1415 366 1480 que
389 1401 541 1477 respectu
565 1391 781 1454 tertiarios-um
813 1391 848 1454 in
876 1389 1008 1455 saeculo
1032 1391 1220 1453 viventium
1251 1389 1313 1452 fuit
1339 1379 1396 1448 salu

300 1492 446 1556 berrima
469 1488 641 1554 institutio.
690 1488 741 1551 Ita
765 1509 867 1573 quum
891 1487 1023 1552 saeculo
1048 1487 1135 1552 XIII
1159 1489 1304 1568 ineunte,
1332 1484 1385 1548 hau

300 1588 452 1652 obstante
477 1595 613 1650 externo
638 1584 784 1670 quodam
807 1585 978 1650 Ecclesiae
1001 1584 1186 1670 splendore,
1203 1537 1391 1671 impehden

299 1683 478 1749 anarohiae
501 1682 675 1766 religiosae
699 1692 732 1746 et
755 1682 864 1747 civilis
881 1682 1029 1769 pericula
1045 1706 1104 1770 pro
1122 1685 1279 1748 universa
1294 1682 1388 1764 Europ

298 1782 441 1868 grandia
461 1789 579 1861 essent,
605 1780 809 1846 Mendicant
786 1789 869 1844 trum
893 1779 1023 1845 labores
1046 1793 1079 1845 ot
1102 1780 1252 1846 influxus
1276 1769 1396 1866 opporul

299 1882 438 1945 nissima
460 1877 643 1942 attulerunt
665 1879 892 1945 remedia-
923 1879 1068 1943 Etiam
1059 1902 1093 1942 ιιι
1118 1881 1353 1964 propagatione

299 1978 433 2063 ligionis
457 1975 658 2040 christianae
682 1978 768 2040 inter
791 1977 892 2041 Asiae
916 1987 949 2040 et
974 1977 1107 2042 Africae
1135 1980 1289 2041 nationes
1314 1973 1396 2086 barbq

299 2099 363 2159 ras,
395 2077 430 2140 in
454 2074 545 2139 lucta
577 2085 691 2138 contra
722 2075 964 2154 schismaticos,
998 2076 1032 2137 in
1057 2075 1158 2138 variis
1183 2085 1215 2138 et
1239 2071 1389 2158 multiplic

298 2175 363 2240 bus
385 2197 425 2239 ac
442 2171 636 2238 difficilibus
653 2173 853 2237 Pontificum
868 2172 1102 2258 legationibus,
1126 2182 1227 2258 atque
1243 2169 1382 2236 universi

300 2277 335 2338 in
360 2275 429 2337 vita
452 2295 492 2335 ac
517 2270 692 2357 disciplina
716 2271 898 2335 christiana
915 2270 1145 2336 conservanda
1168 2291 1207 2333 ac
1227 2265 1386 2334 roborand

299 2372 444 2456 religiosi
482 2368 613 2434 illorum
649 2367 815 2434 Ordinum
853 2391 983 2434 summa
1015 2371 1132 2434 merita
1164 2369 1392 2452 acquisiverim

299 2469 352 2533 Ac
375 2468 514 2532 mirifica
538 2467 799 2549 contribuerunt,
826 2477 861 2530 ut
875 2466 1015 2531 saeculis
1030 2469 1101 2530 istis
1117 2463 1319 2550 disciplinae
1342 2463 1388 2526 the

298 2565 427 2648 logicae
451 2575 483 2629 et
506 2564 755 2651 philosophicae
779 2567 813 2628 in
838 2565 989 2630 Ecclesia
1019 2584 1229 2649 summopere
1264 2562 1376 2626 florere

299 2673 334 2726 et
355 2661 470 2746 religio
496 2662 659 2726 catholica
683 2674 752 2726 tum
778 2673 893 2727 eontra
916 2661 1188 2748 philosophorum
1211 2656 1391 2724 Muhamed

298 2781 428 2842 norum,
459 2772 530 2824 turn
562 2771 677 2824 contra
706 2759 955 2824 incredulorum
984 2759 1128 2845 perfidas
1158 2761 1388 2844 impugnation

300 2858 537 2922 vindicaretur.
584 2857 622 2921 Iu
648 2859 719 2922 istis
742 2879 821 2922 sane
843 2857 1028 2923 Ordinibus
1052 2868 1271 2922 surrexerunt
1296 2855 1344 2920 illi
1366 2855 1393 2918 D

298 2965 406 3020 ctores
442 2955 543 3020 medii
573 2957 667 3036 aevi,
700 2953 857 3018 Albertus
889 2955 1049 3040 Magnus,
1086 2954 1233 3020 Thomas
1267 2955 1396 3050 Aquin

298 3052 492 3118 Alexander
522 3053 692 3134 Halcnsis,
724 3053 974 3129 Bonaventura‚
1008 3052 1104 3116 Duns
1136 3051 1275 3130 Scotus,
1310 3023 1396 3136 aliiql

299 3151 374 3234 viri,
399 3153 454 3237 qui
479 3153 653 3215 sanctitate
682 3152 805 3236 pariter
828 3152 1041 3214 eminuerunt
1064 3160 1097 3214 et
1119 3171 1230 3214 rerum
1259 3135 1396 3220 sacrarul

297 3250 447 3314 scicntia.
496 3247 786 3328 Quemadmodum
810 3270 888 3312 vero
914 3250 950 3311 in
974 3247 1072 3312 rebus
1097 3247 1255 3312 humanis
1281 3249 1355 3312 fieri
1383 3229 1396 3320 ι

296 3344 389 3427 solet,
413 3345 488 3410 lites
511 3369 550 3410 ac
574 3346 795 3411 dissensiones
812 3346 979 3410 interdum
995 3357 1085 3410 ortae
1109 3357 1186 3410 sunt
1211 3348 1305 3411 inter
1331 3317 1396 3456 ιιοιι

295 3442 371 3507 illos
395 3442 537 3508 Ordines
561 3467 601 3508 ac
624 3453 752 3508 veteres
777 3446 1060 3528 congregationes
1085 3443 1346 3514 ecclesiasticos,
1380 3457 1396 3506 ιι

296 3540 484 3626 praesulem
510 3544 609 3606 etiam
634 3544 719 3606 inter
740 3543 808 3606 FF.
825 3542 970 3606 Minores
994 3553 1025 3606 et
1050 3542 1298 3606 Dominio-anos
1323 3517 1396 3652 siml

296 3648 382 3702 tates
406 3659 472 3702 non
504 3639 689 3720 defuerunt,
722 3649 822 3726 atque
853 3640 886 3703 in
912 3641 982 3726 ipso
1008 3638 1134 3706 Ordine
1165 3641 1233 3705 IF.
1260 3641 1396 3714 Μίιιοιιι

297 3735 377 3800 deiri
401 3739 555 3820 graviora
579 3737 716 3801 dissidia
750 3748 1022 3804 exarseruutae-
1047 3737 1146 3817 Quod
1178 3737 1221 3802 sd
1256 3719 1396 3850 impugrl

296 3835 422 3898 tionem
440 3832 603 3899 Ordinum
629 3835 891 3898 mendicantium
915 3857 975 3920 per
994 3834 1075 3899 alios
1092 3834 1380 3902 ecclesiasticos
1367 3823 1396 3920 sp

295 3941 376 4014 ctat,
407 3932 574 3995 interdum
600 3932 734 4018 quidem
765 3932 892 4018 aliquot
921 3932 1071 3997 membra
1102 3932 1232 3997 illorum
1262 3933 1374 4000 Ordin

295 4051 413 4093 ansam
439 4030 666 4116 imprudenter
689 4029 861 4112 dederunt,
893 4053 932 4095 ac
957 4031 1098 4116 querelis
1130 4031 1307 4096 variorum
1335 4035 1389 4097 eti

296 4126 514 4190 Innocentius
530 4127 578 4190 IV
602 4127 767 4192 adductus
790 4127 863 4210 fuit,
888 4139 924 4191 ut
947 4151 1034 4193 anno
1054 4129 1139 4192 1254
1156 4129 1273 4194 ederet
1290 4132 1377 4195 Bull
1370 4147 1396 4198 u

295 4245 365 4309 qua
396 4223 586 4309 praesulum
617 4235 650 4288 et
679 4223 938 4312 parochorum'
923 4248 1012 4312 pura,
1044 4249 1087 4292 ne
1118 4249 1137 4291 a
1165 4225 1339 4310 religiosis
1374 4213 1396 4294 il
